1611 2465
78 696 119 726 10

80 988 120 1019 15

78 1576 122 1606 25

80 1869 123 1899 30

147 62 232 103 396
689 70 715 95 s.
741 70 960 96 AUGUSTINI

148 161 325 199 rantibus
369 160 631 211 Christianos,
673 165 715 197 ut
757 171 867 211 eum,
908 161 975 210 qui
1013 165 1223 210 utrumque
1264 160 1488 213 crediderit,

146 219 261 258 talem
302 218 446 257 Christi
484 219 626 256 faciant
663 217 922 269 laudatorem,
961 230 1008 256 ne
1047 218 1138 257 velit
1175 231 1261 257 esse
1303 218 1486 257 Christia-

148 290 242 329 nus,
283 290 325 315 ac
365 279 420 315 sic
459 278 633 327 quamvis
672 276 719 314 ab
757 276 822 314 illo
859 276 1038 315 laudatus
1075 277 1122 315 ab
1161 278 1326 316 istorum
1359 283 1487 315 tamen

147 337 381 375 daemonum
421 336 620 374 dominatu
659 347 749 373 eum
787 347 865 373 non
903 335 1044 374 liberet
1076 335 1273 387 Christus,
1310 348 1486 386 praeser-

146 397 215 434 tim
250 396 338 444 quia
370 396 423 433 ita
449 394 608 432 laudant
633 393 845 446 Christum,
878 399 932 441 ut,
965 395 1143 444 quisquis
1176 396 1215 432 in
1249 406 1338 433 eum
1371 393 1487 433 talem

146 453 378 504 crediderit,
420 452 546 503 qualis
588 452 634 490 ab
677 454 734 490 eis
775 452 1044 504 praedicatur,
1086 452 1330 491 Christianus
1370 464 1487 491 verus

145 524 223 550 non
268 513 338 563 sit,
363 518 366 520 '
391 511 458 549 sed
509 511 766 549 Photinianus
812 511 1060 562 haereticus,
1104 513 1169 561 qui
1219 511 1487 550 tantummodo

145 570 355 622 hominem,
386 582 465 608 non
499 571 614 608 etiam
646 569 769 608 Deum
802 571 954 608 noverit
985 569 1196 621 Christum,
1228 575 1267 608 et
1298 570 1385 608 ideo
1417 581 1488 620 per

146 641 235 667 eum
263 629 391 667 salvus
418 640 504 667 esse
532 640 609 667 non
641 629 765 679 possit
797 640 869 666 nec
902 629 1067 667 istorum
1100 627 1488 678 mendaciloquorum

146 687 380 726 daemonum
412 687 572 738 laqueos
610 688 730 725 vitare
770 686 829 725 vel
862 686 1023 725 solvere.
1086 686 1164 725 Nos
1197 693 1326 725 autem
1359 699 1487 737 neque

147 746 364 797 Apollinem
402 747 689 796 vituperantem
734 744 933 784 Christum
971 757 1099 796 neque
1137 745 1309 784 Hecaten
1351 757 1488 796 possu-

147 817 234 843 mus
267 804 482 856 adprobare
509 804 742 842 laudantem.
803 803 871 842 llle
905 805 1048 855 quippe
1081 809 1279 854 tamquam
1310 806 1490 854 iniquum

148 863 347 902 Christum
390 863 473 902 vult
513 863 641 915 credi,
686 875 802 913 quem
842 862 1038 901 iudicibus
1078 868 1186 901 recta
1228 862 1489 901 sentientibus

148 922 243 960 dicit
274 924 465 973 occisum3
496 923 570 960 ista
602 921 800 959 hominem
832 923 1042 973 piisimum,
1075 921 1143 960 sed
1175 921 1373 960 hominem
1405 926 1488 959 tan-

148 987 242 1019 tum.
304 980 387 1018 Una
415 986 475 1019 est
500 986 630 1018 tamen
657 985 696 1018 et
727 980 831 1018 illius
864 976 902 1018 e't
930 980 1047 1018 huius
1079 981 1257 1032 intentio,
1289 986 1333 1018 ut
1364 980 1489 1018 nolint

147 1039 326 1077 homines
359 1051 445 1077 esse
478 1038 741 1089 Christianos,
774 1040 881 1090 quia,
920 1040 994 1076 nisi
1027 1038 1237 1077 Christiani
1269 1044 1404 1090 erunt,
1442 1038 1489 1076 ab

149 1110 286 1136 eorum
313 1099 398 1135 erui
425 1103 616 1148 potestate
644 1109 721 1135 non
747 1103 944 1147 poterunt.
1000 1097 1075 1135 Iste
1104 1109 1194 1135 vero
1222 1096 1489 1149 philosophus,

147 1156 208 1194 vel
240 1158 370 1207 potius
405 1157 471 1206 qui
510 1156 652 1194 talibus
685 1155 870 1193 adversus
904 1154 1145 1193 Christianos
1177 1157 1288 1206 quasi
1320 1155 1488 1194 oraculis

149 1214 333 1266 credunt,
376 1216 486 1265 prius
526 1216 685 1265 faciant,
729 1215 761 1252 si
799 1220 982 1266 possunt,
1026 1220 1069 1252 ut
1106 1215 1209 1252 inter
1249 1226 1290 1252 se
1323 1214 1370 1252 de
1403 1215 1488 1265 ipso

148 1273 304 1312 Christo
338 1272 482 1311 Hecate
522 1279 637 1323 atque
671 1272 805 1323 Apollo
839 1273 1080 1311 concordent
1111 1285 1280 1323 eumque
1313 1278 1380 1311 aut
1411 1284 1488 1310 am-

147 1331 197 1370 bo
240 1331 503 1370 condemnent
546 1337 612 1369 aut
656 1331 767 1369 ambo
812 1331 1057 1369 conlaudent.
1126 1331 1237 1376 Quod
1283 1333 1315 1369 si
1359 1332 1488 1369 facere

148 1392 382 1442 potuissent,
415 1390 534 1428 nihilo
562 1392 690 1428 minus
718 1402 788 1428 nos
821 1396 859 1427 et
885 1391 1171 1440 vituperatores
1197 1396 1236 1428 et
1266 1389 1488 1428 laudatores

150 1449 295 1487 Christi
337 1448 491 1487 fallaces
533 1449 742 1487 daemones
783 1449 1004 1486 vitaremus.
1080 1449 1177 1487 Cum
1217 1460 1309 1487 vero
1351 1460 1488 1487 eorum

149 1508 246 1546 deus
287 1513 325 1545 et
362 1508 433 1545 dea
470 1509 573 1545 inter
612 1519 653 1544 se
694 1507 740 1545 de
783 1506 962 1559 Christo,
999 1506 1062 1544 ille
1095 1507 1373 1559 vituperando,
1415 1508 1489 1546 ista

150 1566 340 1605 laudando
379 1566 628 1604 dissentiant:
670 1566 846 1616 profecto
885 1567 941 1603 eis
979 1565 1339 1617 blasphemantibus
1377 1565 1487 1605 Chri—

150 1627 296 1663 stianos
328 1637 406 1663 non
439 1624 606 1663 credunt
637 1624 827 1676 homines,
859 1625 892 1662 si
924 1630 1029 1662 recte
1063 1626 1138 1675 ipsi
1169 1626 1349 1663 sentiant.

268 1683 368 1721 Sane
410 1683 609 1722 Christum
652 1682 812 1721 laudans
856 1682 915 1720 vel
953 1683 1193 1734 Porphyrius
1233 1683 1292 1721 vel
1331 1683 1488 1735 Hecate,

150 1755 239 1781 curn
272 1741 374 1780 dicat
406 1754 495 1780 eum
528 1743 657 1792 ipsum
689 1741 857 1779 fataliter
889 1741 1041 1779 dedisse
1070 1741 1312 1793 Christianis,
1344 1748 1387 1780 ut
1418 1743 1486 1779 im-

150 1801 390 1851 plicarentur
416 1812 563 1851 errore,
589 1811 724 1838 causas
752 1806 879 1838 tamen
906 1800 1093 1852 eiusdem,
1119 1802 1221 1838 sicut
1246 1806 1368 1851 putat,
1393 1812 1488 1851 pan-

151 1859 207 1897 dit
232 1860 392 1898 erroris.
449 1858 553 1903 Quas
580 1864 786 1908 antequam
813 1870 859 1896 ex
885 1858 1014 1896 verbis
1041 1860 1125 1896 eius
1151 1870 1352 1909 exponam,
1377 1860 1487 1909 prius

151 1930 313 1969 quaero,
352 1919 384 1956 si
427 1917 593 1955 fataliter
626 1916 732 1954 dedit
764 1916 942 1954 Christus
975 1916 1206 1955 Christianis
1239 1919 1385 1955 erroris
1417 1918 1486 1955 im-

150 1976 416 2028 plicationem,
455 1981 587 2014 utrum
630 1974 762 2012 volens
794 1986 842 2012 an
874 1974 1011 2013 nolens
1044 1975 1206 2013 dederit.
1269 1974 1310 2013 Si
1343 1975 1488 2027 volens,

152 2047 227 2084 quo
261 2035 374 2072 modo
407 2031 563 2073 iustus?
597 2033 637 2071 Si
670 2033 818 2085 nolens,
849 2045 926 2083 quo
959 2034 1073 2071 modo
1105 2031 1271 2072 beatus?
1303 2033 1379 2072 Sed
1411 2035 1488 2072 iam

150 2106 285 2131 causas
324 2094 446 2143 ipsius
486 2093 686 2131 audlamus
726 2093 882 2130 erroris.
943 2091 1098 2144 „Sunt,
1138 2093 1285 2144 inquit,
1326 2093 1487 2143 spiritus

245 2245 286 2275 13
312 2241 420 2275 iudic.
448 2240 519 2275 RA
545 2243 645 2284 (393,
673 2244 754 2283 15);
780 2251 801 2273 a
827 2239 935 2275 indic.
965 2252 982 2274 z*
