1495 2489
55 733 95 762 10

55 1104 96 1135 15

56 1421 100 1451 20

57 1712 100 1742 25

59 2006 103 2036 30

120 100 175 140 94
662 108 689 134 s.
710 107 926 134 AUGcs'mNI

119 200 238 237 tionis
280 198 424 236 evadat.
487 197 627 235 Utrum
666 202 794 235 autem
834 196 987 247 aliquod
1027 197 1163 248 fuerit,
1200 195 1260 234 vel
1298 197 1331 234 si
1370 195 1457 247 fuit,

121 257 232 307 quale
259 258 378 295 suerit
405 256 605 306 corporale
633 260 747 305 atque
780 255 930 293 visibile
962 256 1268 306 regenerationis
1301 255 1456 304 signum

121 321 208 353 ante
247 315 452 365 diluvium,
491 316 592 352 sicut
623 313 798 352 Abrahae
837 315 1082 352 circumcisio
1120 319 1254 364 postea
1295 319 1354 350 est
1384 313 1454 350 im-

120 380 265 426 perata,
298 386 405 411 sacra
432 373 594 410 historia
620 378 732 410 tacet.
796 372 1041 410 Sacrificasse
1073 378 1202 410 tamen
1229 371 1308 409 Deo
1341 371 1457 409 etiam

121 432 206 470 illos
239 433 530 481 antiquissimos
556 430 734 469 homines
767 443 843 469 non
876 436 994 482 tacet3
1027 430 1129 481 quod
1162 436 1200 468 et
1232 431 1271 467 in
1303 428 1456 467 duobus

120 492 257 541 primis
296 489 481 528 fratribus
520 489 675 541 claruit,
720 494 758 527 et
796 489 876 527 Noe
915 494 1003 540 post
1041 489 1245 539 diluvium,
1289 499 1378 526 cum
1409 487 1456 525 de

121 561 209 587 arca
242 550 380 587 fuisset
412 559 615 598 egressuS‚
647 547 792 586 hostias
825 547 903 585 Deo
935 548 1077 597 legitur
1109 547 1340 585 immolasse.
1402 544 1456 583 De

122 619 196 657 qua
223 619 265 645 re
291 609 330 644 in
356 606 682 657 praecedentibus
710 606 819 644 libris
846 608 921 644 iam
953 606 1132 657 diximus,
1164 617 1241 643 non
1273 604 1322 642 ob
1355 603 1457 642 aliud

122 666 331 703 daemones
375 670 601 715 arrogantes
646 664 718 702 sibi
769 665 1009 702 divinitatem
1053 664 1223 714 deosque
1268 675 1309 701 se
1351 661 1458 701 credi

122 725 326 775 cupientes
353 723 425 762 sibi
452 730 635 774 expetere
669 724 900 761 sacrificium
935 729 974 761 et
1005 723 1173 772 gaudere
1206 721 1322 760 huius
1354 719 1458 758 modi

122 782 355 835 honoribus,
392 783 469 820 nisi
509 783 598 832 quia
635 793 771 820 verum
809 781 1043 819 sacrificium
1080 792 1171 818 vero
1204 780 1282 818 Deo
1324 778 1459 817 deberi

122 843 262 880 sciunt.

637 953 788 995 CAPUT
814 952 949 994 XVII.

154 1040 213 1078 De
246 1040 398 1077 duobus
430 1051 482 1077 ex
513 1050 591 1077 uno
621 1041 804 1087 yenitore
830 1040 1060 1087 procreatis
1086 1038 1274 1086 patribus
1306 1041 1425 1084 atque

657 1098 919 1145 principibus.

243 1178 338 1217 Cum
379 1190 471 1229 ergo
510 1184 613 1216 esset
650 1177 769 1216 Adam
808 1179 1013 1228 utriusque
1055 1178 1210 1227 generis
1250 1181 1379 1227 pater,
1419 1175 1458 1213 id

125 1244 184 1276 est
217 1243 255 1275 et
293 1239 404 1275 cuius
437 1238 559 1274 series
591 1236 637 1274 ad
675 1242 889 1288 terrenam,
928 1242 966 1274 et
998 1237 1110 1274 cuius
1142 1237 1264 1273 series
1296 1234 1343 1272 ad
1375 1246 1458 1272 cae-

125 1296 262 1334 lestem
288 1297 459 1346 pertinet
485 1297 691 1346 civitatem,
723 1296 852 1332 occiso
879 1294 973 1331 Abel
1005 1300 1119 1344 atque
1152 1295 1190 1331 in
1224 1295 1308 1331 eius
1340 1294 1457 1331 inter-

125 1356 292 1393 sectione
333 1353 601 1391 commendato
640 1352 805 1390 mirabili
843 1358 1085 1391 sacramento
1126 1352 1217 1390 sacti
1255 1356 1346 1389 sunt
1384 1350 1460 1389 duo

125 1419 256 1463 patres
301 1412 544 1463 singulorum
590 1423 800 1463 generum,
845 1410 937 1449 Cain
983 1417 1021 1449 et
1059 1410 1172 1462 Seth,
1215 1411 1255 1448 in
1295 1421 1462 1460 quorum

126 1472 225 1523 filiis,
258 1483 356 1521 quos
394 1471 689 1508 commemorari
722 1469 942 1520 oportebat,
981 1469 1144 1507 duarum
1177 1470 1339 1506 istarum
1371 1468 1460 1505 civi-

126 1536 249 1568 tatum
281 1531 319 1567 in
352 1540 495 1579 genere
522 1528 742 1566 mortalium
775 1528 991 1565 evidentius
1023 1528 1162 1565 indicia
1195 1526 1342 1564 clarere
1375 1537 1460 1564 coe-

127 1593 280 1639 perunt.
355 1587 448 1625 Cain
493 1588 635 1637 quippe
680 1588 815 1636 genuit
858 1585 1016 1637 Enoch,
1065 1587 1104 1623 in
1149 1587 1261 1623 cuius
1305 1585 1460 1622 nomine

128 1647 300 1685 condidit
326 1648 533 1696 civitatem,
565 1651 760 1682 terrenam
787 1644 947 1696 scilicet,
978 1656 1055 1682 non
1082 1645 1397 1694 peregrinantem
1422 1643 1462 1680 in

128 1706 201 1743 hoc
234 1704 391 1754 mundo,
423 1703 489 1741 sed
517 1705 556 1740 in
589 1705 672 1741 eius
704 1702 907 1753 temporali
938 1714 1032 1753 pace
1065 1714 1108 1740 ac
1142 1702 1322 1740 felicitate
1356 1702 1461 1751 quie-

129 1769 313 1802 scentem.
365 1762 458 1799 Cain
485 1767 614 1799 autem
641 1763 923 1811 interpretatur
948 1762 1162 1811 possessi03
1188 1760 1290 1798 unde
1317 1759 1463 1797 dictum

129 1828 205 1873 est,
249 1821 402 1871 quando
442 1825 554 1857 natus
592 1826 669 1871 est,
709 1821 787 1857 sive
826 1832 846 1856 a
883 1825 992 1869 patre
1032 1820 1110 1856 sive
1149 1830 1169 1855 a
1207 1824 1329 1855 matre
1362 1818 1463 1855 eius:

131 1881 341 1928 Adquisivz‘
382 1880 576 1916 hominem
616 1889 692 1926 per
736 1879 872 1915 Deum.
941 1877 1076 1914 Enoch
1120 1888 1210 1914 vero
1255 1875 1463 1926 dedicati03

130 1940 192 1977 hic
225 1940 327 1976 enim
361 1936 563 1975 dedicatur
589 1941 744 1973 terrena
777 1937 924 1986 civitas,
956 1934 1022 1973 ubi
1055 1934 1247 1985 conditur,
1280 1935 1463 1983 quoniam

131 1998 192 2035 hic
230 1996 347 2033 habet
384 2007 491 2046 eum,
529 2006 646 2044 quem
686 1993 851 2031 intendit
884 1999 922 2030 et
953 1995 1115 2044 appetit,
1154 1994 1279 2030 linem.
1340 1991 1463 2030 Porro

130 2055 192 2093 ille
227 2054 320 2092 Seth
357 2055 639 2103 interpretatur
677 2053 914 2089 resurrectio
953 2057 992 2089 et
1023 2051 1126 2088 Enos
1159 2050 1259 2088 lilius
1293 2051 1376 2088 eius
1408 2051 1462 2087 in·

131 2118 369 2164 terpretatur
396 2112 530 2161 hoino;
562 2123 637 2148 non
666 2111 766 2148 sicut
786 2109 915 2148 Adam.
966 2109 1014 2147 Et
1041 2111 1167 2159 ipsum
1195 2110 1296 2145 enim
1323 2119 1463 2145 nomen

130 2172 245 2210 homo
278 2173 582 2220 interpretatur;
616 2168 681 2206 scd
715 2180 919 2206 commune
953 2168 1182 2218 perhibetur
1214 2178 1299 2205 esse
1331 2167 1371 2204 in
1403 2164 1465 2204 illa

228 2272 260 2315 7)
287 2271 375 2305 Gen.
402 2275 435 2314 8,
462 2274 515 2305 20.
567 2270 625 2310 28)
653 2268 740 2304 Gen.
767 2273 799 2311 4,
827 2273 855 2302 1.
