1611 2465
98 731 137 759 10

99 1024 139 1053 15

100 1316 142 1346 20

102 1609 143 1638 :25

103 1901 122 1930 3
127 1902 146 1929 O

159 94 244 135 426
695 101 720 126 s.
742 100 960 126 Acccsnn

161 193 323 245 cotidie,
362 192 466 230 velut
499 193 537 229 in
565 190 722 241 abysso,
761 191 886 228 caecis
920 195 957 228 et
989 189 1194 240 profundis
1227 188 1410 227 cordibus
1442 191 1498 228 in-

162 252 351 291 cludatur.
413 250 553 288 L'trum
598 254 728 287 autem
769 250 885 286 etiam
927 248 1001 286 illis
1041 248 1186 286 ultimis
1225 247 1350 286 tribus
1389 250 1500 287 annis

163 318 201 350 et
233 309 434 349 mensibus
467 321 554 360 sex,
597 307 749 358 quaudo
791 306 942 345 solutus
975 308 1065 345 totis
1099 307 1247 345 viribus
1280 308 1499 345 saeviturus

164 376 240 417 est,
282 369 438 419 aliquis,
469 369 510 405 in
543 378 618 417 qua
651 378 727 404 non
761 366 907 417 suerat,
949 367 998 404 sit
1031 378 1262 404 accessurus
1295 365 1341 403 ad
1374 365 1499 417 fidem,

164 427 348 467 nonnulla
375 427 551 477 quaestio
579 431 649 463 est.
713 424 797 469 Quo
820 424 932 462 modo
955 426 1058 462 enim
1079 424 1196 463 stabit
1223 424 1323 475 quod
1353 424 1500 463 dictum

163 493 238 526 est:
284 488 378 533 Quis
417 488 543 523 intrat
581 486 620 522 in
664 485 819 522 domum
847 483 984 531 fortis,
1023 488 1067 521 ut
1097 495 1194 522 vasa
1226 485 1311 522 eius
1343 486 1501 534 eripe‘at,

163 548 241 584 m'se'
267 547 384 594 prius
417 545 646 591 alliqaz’erit
673 542 836 591 sortem,
878 543 909 580 si
942 543 1059 580 etiam
1092 541 1219 580 soluto
1253 540 1502 592 eripiuntur?

163 605 216 642 Ac
250 616 318 654 per
351 603 423 640 hoc
457 602 503 640 ad
536 601 608 640 hoc
641 613 779 651 cogere
813 600 965 638 videtur
996 602 1069 639 ista
1102 602 1312 652 sententia,
1344 607 1387 639 ut
1419 613 1501 639 cre-

165 663 300 701 damus
326 662 390 700 illo
418 661 509 699 licet
535 661 673 710 exiguo
701 666 876 710 tempore
904 661 1099 697 neminem
1132 671 1385 698 accessurum
1417 672 1501 698 esse

165 721 307 773 populo
351 720 588 770 Christiano,
630 717 698 756 sed
737 730 825 756 cuni
866 719 942 769 eis,
985 719 1051 768 qui
1088 719 1163 756 iam
1196 718 1405 756 Christiani
1443 731 1503 757 re-

166 782 267 832 perti
309 780 478 830 fuerint,
519 777 715 816 diabolum
756 783 1038 828 pugnaturum;
1081 789 1126 815 ex
1170 777 1312 827 quibus
1353 778 1504 815 etiamsi

166 839 284 889 aliqui
310 839 399 876 victi
427 838 552 875 secuti
579 848 667 874 eum
695 836 853 887 suerint,
885 847 962 874 non
994 848 1062 873 eos
1094 835 1140 873 ad
1172 835 1504 886 praedestinatum

167 898 335 936 filiorum
376 896 445 934 Dei
490 907 697 933 numerum
747 896 957 945 pertinere.
1032 893 1166 944 Neque
1211 896 1316 933 enini
1360 895 1506 933 frustra

167 957 269 995 idem
295 955 486 993 Iohannes
513 953 723 1004 apostoluS,
756 954 822 1003 qui
855 959 893 991 et
925 952 1022 990 hanc
1056 953 1302 1004 apocalypsin
1335 955 1503 1006 scripsit,

168 1017 206 1053 in
239 1013 405 1064 epistula
449 1025 518 1051 sua
557 1012 603 1050 de
643 1011 874 1062 quibusdam
908 1012 1018 1050 dicit:
1063 1012 1128 1050 Ex
1160 1013 1272 1051 nobis
1304 1015 1503 1061 exierunt,

167 1075 239 1112 sed
268 1085 345 1111 non
379 1077 498 1111 erant
522 1083 573 1110 ecc
604 1071 737 1115 nobe's;
769 1082 861 1108 nam
893 1072 929 1108 si
954 1069 1127 1118 fuissent
1158 1083 1209 1109 esc
1239 1072 1363 1121 nobis,
1394 1083 1503 1109 man-

167 1135 308 1170 sissent
340 1133 475 1178 ulique
516 1131 730 1168 nobiscum.
795 1128 869 1166 Sed
904 1128 995 1178 quid
1028 1129 1069 1167 [it
1102 1128 1147 1166 de
1182 1128 1380 1179 parvulis?
1441 1130 1504 1168 Ni-

169 1192 289 1228 mium
323 1191 465 1240 quippe
504 1187 731 1226 incredibile
765 1193 824 1224 est
856 1186 981 1225 nullos
1013 1189 1087 1225 iani
1120 1194 1230 1225 natos
1263 1194 1301 1226 et
1334 1188 1505 1227 nondum

168 1249 382 1299 baptizatos
422 1247 701 1297 praeoccupari
744 1245 1052 1283 Clu-istianorum
1092 1245 1188 1283 lilios
1227 1245 1290 1284 illo
1331 1252 1505 1297 tempore

171 1308 349 1354 infantes,
383 1305 510 1344 nullos
537 1306 653 1343 etiam
680 1305 774 1354 ipsis
801 1305 906 1341 nasei
934 1306 1007 1342 iam
1035 1303 1189 1355 diebus;
1223 1310 1288 1343 aut
1315 1306 1347 1342 si
1378 1311 1505 1356 erunt,

170 1378 246 1404 non
292 1378 358 1403 eos
404 1377 423 1402 a
474 1362 701 1414 parentibus
746 1364 826 1400 suis
871 1362 917 1400 ad
959 1362 1154 1401 lavacrum
1199 1365 1506 1413 regenerationis

171 1424 284 1462 modo
313 1435 560 1473 quocumque
588 1421 761 1472 perduci.
824 1420 935 1466 Quod
962 1422 995 1459 si
1021 1422 1097 1472 fiet,
1131 1434 1206 1472 quo
1233 1428 1345 1472 pacto
1378 1422 1505 1461 soluto

171 1485 245 1521 iam
285 1481 435 1520 diabolo
475 1493 563 1518 vasa
600 1482 672 1518 ista
712 1481 945 1531 eripientur,
985 1481 1024 1518 in
1057 1481 1169 1518 cuius
1202 1480 1360 1518 domum
1392 1493 1506 1519 nemo

171 1543 306 1593 intrat,
351 1546 394 1578 ut
432 1552 520 1578 vasa
559 1541 641 1577 eius
681 1540 835 1589 eripiat,
881 1540 955 1576 nisi
993 1539 1101 1589 prius
1140 1538 1351 1589 alligaverit
1389 1537 1508 1578 eum?

172 1600 292 1637 Immo
327 1611 416 1637 vero
456 1598 493 1636 id
532 1599 662 1648 potius
702 1603 761 1634 est
793 1596 1048 1648 credendum,
1087 1609 1159 1635 nec
1192 1599 1258 1647 qui
1291 1598 1428 1636 cadant
1460 1598 1507 1636 de

173 1658 336 1697 ecclesia
362 1669 434 1695 nec
461 1658 528 1707 qui
554 1655 739 1694 accedant
766 1655 951 1693 ecclesiae
980 1655 1042 1693 illo
1078 1662 1251 1706 tempore
1286 1656 1507 1707 del'utur0s3

173 1717 239 1755 sed
281 1717 457 1766 prolecto
497 1721 572 1753 tam
613 1715 734 1752 sortes
773 1720 889 1752 erunt
928 1719 966 1752 et
997 1720 1179 1764 parentes
1210 1727 1281 1765 pro
1315 1714 1507 1765 baptizan-

173 1775 231 1813 dis
263 1774 433 1825 parvulis
467 1775 547 1811 suis
581 1779 618 1811 et
650 1772 706 1819 hi,
746 1774 812 1822 qui
845 1779 938 1810 tunc
971 1774 1151 1823 primitus
1185 1772 1373 1811 credituri
1406 1780 1508 1825 sunt,

175 1840 217 1872 ut
249 1832 357 1871 illum
390 1834 531 1870 sortem
569 1830 724 1869 vincant
756 1832 870 1868 etiam
903 1842 981 1868 non
1013 1830 1191 1882 ligatum,
1224 1830 1261 1868 id
1294 1838 1353 1869 est
1385 1833 1509 1869 omni-

175 1891 258 1942 bus,
292 1890 471 1941 qualibus
497 1896 607 1928 antea
641 1900 864 1940 numquam,
897 1888 955 1926 vel
988 1888 1137 1926 artibus
1170 1889 1416 1928 insidiantem
1451 1889 1509 1928 vel

176 1956 378 1998 urgentem
407 1948 553 1986 viribus
581 1953 618 1985 et
645 1947 846 1997 vigilanter
879 1946 1102 1996 intellegant
1135 1952 1173 1984 et
1205 1947 1417 1986 toleranter
1455 1948 1508 1986 se-

176 2014 273 2058 rant,
306 2020 348 2045 ac
376 2009 431 2045 sic
459 2006 513 2044 illi
538 2007 654 2044 etiam
682 2017 758 2042 non
786 2005 900 2054 ligato
924 2006 1149 2055 eripiantur.
1202 2005 1281 2043 Nec
1302 2005 1389 2044 ideo
1416 2006 1510 2045 salsa

270 2123 298 2162 τῇ
331 2120 393 2154 Mt.
426 2124 477 2161 12,
506 2122 559 2152 ⁴20.
614 2120 668 2160 17)
699 2122 728 2153 1.
757 2118 804 2152 Io.
833 2122 864 2159 ι),
895 2121 946 2151 19.

273 2276 310 2304 17
341 2274 379 2304 ijt
409 2282 493 2311 1›.=.>·s;
520 2271 582 2304 fiet
607 2281 627 2305 v
