1548 2562
435 153 488 178 DE
508 152 695 179 CIVITATE
714 153 783 179 DEI
802 154 834 179 L.
855 153 953 179 xvn.
973 153 1002 179 c.
1021 155 1045 180 4.
1320 145 1403 184 211

74 246 117 280 ut
161 241 254 280 dicit
298 241 516 293 apostolus,
560 243 639 280 nisi
680 244 750 289 que·
795 247 833 281 et
869 244 1073 281 descendit
1110 243 1149 280 in
1194 241 1406 290 inferiores

70 304 208 349 partes
247 301 409 338 terrae?
464 301 542 346 Qua·
577 301 796 348 descendit,
836 303 922 349 ipse?
955 305 1013 339 est
1048 305 1087 340 et
1126 302 1196 348 qui
1226 302 1408 339 ascendit

72 369 194 406 super
234 369 365 396 omnes
407 359 557 405 caelos,
602 362 646 396 ut
685 360 924 406 adimpleret
963 361 1104 397 onmia.
1166 358 1242 396 Per
1282 357 1406 396 nubes

73 427 166 466 ergo
208 427 296 454 suas
337 417 485 466 tonuit,
531 427 626 465 quas
673 422 805 454 sancto
848 416 995 466 Spiritu
1037 429 1125 455 cuin
1167 416 1406 455 ascendisset

73 473 255 524 implevit.
317 473 370 511 De
399 473 540 524 quibus
566 473 725 511 ancillae
752 473 1005 526 Hierusalem,
1038 474 1110 513 hoc
1144 480 1202 513 est
1233 476 1404 525 ingratae
1431 481 1450 512 5

72 534 224 583 vineae,
265 533 521 570 comminatus
554 537 613 570 est
645 531 745 582 apud
778 530 929 570 Esaiam
961 533 1207 584 prophetam,
1239 544 1287 571 ne
1320 532 1403 583 plu-

74 595 138 628 ant
170 601 288 640 super
321 601 404 628 eam
436 588 612 628 imbrem.
675 589 737 628 Sic
770 595 899 628 autem
932 590 1077 628 dictum
1110 597 1186 630 est:
1226 591 1316 640 Ipse
1347 593 1404 629 iu-

73 649 226 686 dicabit
255 653 436 687 extrema
469 652 621 695 terrae,
654 659 697 686 ac
730 649 762 686 si
793 648 1006 686 diceretur:
1046 648 1202 700 „Etiam
1235 654 1406 687 extrema

73 702 237 744 terrae.“
297 705 382 744 Non
414 707 519 744 enim
550 706 642 744 alias
673 711 804 757 partes
835 718 913 744 non
945 706 1141 759 iudicabit,
1173 709 1241 757 qui
1271 719 1405 745 omnes

72 763 249 802 homines
280 763 418 815 procul
444 763 561 803 dubio
587 764 783 802 iudicabit.
847 764 923 802 Sed
955 764 1092 803 melius
1124 765 1405 815 intelleguntur
1434 774 1474 804 10

73 828 248 860 extrema
280 828 406 860 terrae
439 828 611 860 extrema
642 822 825 874 hominis3
858 824 1039 873 quoniam
1072 835 1148 861 non
1180 823 1405 861 iudicabun-

73 885 155 933 tur,
195 893 292 930 quae
325 882 365 918 in
397 881 536 918 melius
568 880 627 918 vel
658 882 697 918 in
730 881 902 919 deterius
935 881 1061 919 medio
1095 887 1269 932 tempore
1302 893 1404 920 com-

72 944 294 990 mutantur,
337 939 405 977 sed
448 940 488 976 in
532 938 673 989 quibus
712 940 895 977 extremis
940 940 1121 977 inventus
1163 940 1298 991 suerit,
1340 941 1406 989 qui

72 997 316 1036 iudicabitur.
376 996 542 1048 Propter
568 997 671 1047 quod
696 997 843 1035 (lictum
869 1002 944 1036 est:
983 998 1061 1044 Qua·
1085 1000 1407 1046 persevercwere'c

71 1067 195 1103 usque
227 1057 271 1094 in
294 1057 434 1103 finem,
466 1056 532 1094 hic
563 1057 696 1094 salvus
728 1058 815 1094 erit.
878 1055 952 1100 Qui
984 1067 1076 1105 ergo
1108 1062 1405 1106 perseveranter
1434 1063 1475 1093 15

75 1113 166 1152 facit
203 1112 390 1152 iudicium
429 1118 468 1152 et
504 1114 691 1152 iustitiam
723 1115 763 1151 in
796 1113 922 1151 medio
954 1119 1100 1165 terrae,
1142 1125 1219 1152 non
1252 1113 1404 1152 damna-

71 1171 194 1224 bitur,
232 1184 320 1210 cum
361 1171 638 1210 iudicabuntur
669 1177 840 1210 extrema
873 1178 1011 1209 terrae.
1074 1172 1125 1209 Et
1156 1174 1236 1219 (lat,
1268 1174 1405 1223 inquit,

72 1233 256 1269 virtutem
283 1231 445 1278 reyibus
470 1232 616 1269 nostris
623 1244 638 1275 ,·
665 1235 708 1268 ut
733 1242 810 1267 non
837 1241 904 1268 eos
929 1229 1134 1268 iudicando
1162 1230 1405 1268 condemnet.

72 1287 143 1326 Dat
185 1289 240 1326 eis
284 1289 484 1339 virtutem,
526 1299 601 1338 qua
641 1300 798 1326 carnem
836 1289 937 1326 sicut
975 1300 1087 1338 reges
1128 1294 1265 1338 regant
1297 1294 1335 1326 ct
1365 1290 1405 1326 in

72 1345 135 1384 illo
175 1345 381 1398 mundum,
419 1347 485 1396 qui
523 1350 683 1397 propter
724 1358 790 1384 eos
822 1346 921 1384 fudit
953 1347 1201 1398 sanguinem,
1241 1347 1404 1384 vincant.
1432 1354 1474 1384 ΞΟ

72 1404 125 1443 Et
167 1406 363 1443 exaltabit
404 1416 569 1443 cornum
614 1405 757 1443 christi
797 1406 869 1442 sui.
941 1403 1025 1449 Quo
1070 1404 1183 1442 modo
1228 1403 1404 1443 Christus

73 1461 254 1501 exaltabit
285 1474 448 1501 cornum
474 1462 609 1500 christi
642 1460 730 1500 sui?
778 1462 833 1500 De
865 1474 942 1513 quo
974 1463 1078 1500 enim
1110 1474 1226 1513 supra
1259 1462 1405 1501 dictum

73 1526 148 1559 est:
182 1521 371 1559 Dominus
404 1522 585 1559 ascendit
617 1522 657 1559 in
689 1523 837 1569 εαεῖος,
871 1525 908 1558 et
939 1520 1160 1558 intellectus
1193 1526 1252 1558 est
1277 1520 1403 1558 Domi-

72 1590 146 1617 nus
187 1578 382 1618 Christus:
426 1581 526 1630 ipse,
571 1579 672 1617 sicut
708 1578 770 1616 hic
809 1578 968 1629 dicitur,
1006 1580 1202 1616 exaltabit
1239 1590 1405 1616 cornum

74 1639 216 1676 christe·
245 1639 318 1676 sui.
381 1637 476 1682 Quis
509 1649 601 1687 ergo
633 1641 693 1675 est
725 1636 895 1674 christus
928 1633 1103 1674 Christi?
1151 1636 1209 1673 An
1242 1648 1404 1674 cornum
1432 1642 1475 1673 25

74 1694 256 1733 exaltabit
308 1696 619 1744 uniuscuiusque
674 1694 797 1732 fidelis
850 1695 928 1745 sui,
981 1695 1082 1733 sicut
1127 1695 1199 1732 ista
1242 1695 1326 1745 ipsa
1366 1695 1404 1731 in

72 1754 264 1804 principio
304 1752 419 1791 huius
451 1752 583 1803 hymni
620 1754 690 1791 ait:
728 1753 960 1791 Exctltatum
993 1756 1050 1791 est
1080 1763 1247 1791 cornum
1278 1764 1405 1790 meum

73 1814 113 1850 in
145 1812 228 1850 Deo
259 1813 370 1850 meo?
421 1810 566 1849 Omnes
593 1812 736 1862 quippe
768 1815 907 1849 unctos
941 1812 1024 1849 eius
1058 1810 1265 1848 chrismate
1298 1816 1404 1848 recte

73 1869 240 1908 christos
281 1881 490 1920 possumus
531 1868 680 1920 dicere;
725 1868 828 1919 quod
866 1874 995 1907 tamen
1036 1873 1161 1907 totum
1205 1880 1293 1906 cum
1335 1880 1404 1906 suo

73 1929 197 1978 capite
230 1939 372 1978 corpus
404 1939 505 1966 unus
537 1932 597 1965 est
623 1926 812 1965 Christus.
873 1926 976 1965 Haec
1008 1927 1116 1965 Anna
1148 1926 1405 1978 prophetavit,
1432 1934 1475 1964 30

74 1985 265 2024 Samuelis
302 1990 443 2037 mater,
485 1986 609 2023 sancti
646 1986 718 2023 viri
762 1984 1005 2035 multumque
1044 1984 1205 2035 laudati3
1249 1985 1288 2022 in
1327 1996 1403 2034 quo

73 2043 230 2094 quidem
273 2049 364 2082 tunc
405 2044 568 2094 figurata
613 2049 672 2081 est
720 2044 883 2081 mutatio
925 2044 1067 2081 veteris
1115 2041 1322 2080 sacerdotii
1366 2048 1405 2080 et

72 2113 177 2140 nunc
217 2102 393 2154 impleta,
432 2101 584 2152 quando
625 2101 817 2139 infirmata
855 2106 914 2139 est
953 2113 1049 2151 quae
1087 2100 1209 2138 multa
1251 2105 1332 2138 erat
1364 2101 1403 2137 in

166 2192 200 2234 3)
226 2189 317 2234 Eph.
345 2194 378 2232 4,
404 2193 423 2223 9
450 2201 501 2233 sq.
554 2191 587 2234 7)
613 2189 707 2224 Esai.
735 2193 766 2232 5,
794 2194 825 2224 6.
877 2191 933 2232 15)
959 2190 1023 2223 Mt.
1053 2193 1105 2233 10,
1133 2193 1187 2223 22.

165 2309 207 2340 21
234 2316 304 2350 sqq.
332 2317 481 2340 cornum
506 2306 541 2339 A
562 2308 572 2350 ΙΙ
592 2309 634 2340 25
663 2305 826 2341 Christus
854 2305 988 2340 Christi
1014 2304 1069 2338 sui
1094 2315 1114 2338 v

1050 2362 1120 2395 14*
