1495 2489
30 721 72 752 10

31 1013 72 1044 15

31 1306 73 1336 20

32 1598 74 1628 25

96 89 152 129 30
632 96 659 122 s.
678 95 915 128 Auousrm·

96 189 232 226 errori.
295 187 405 226 Sicut
430 188 533 225 enim
558 187 684 223 Aaron
712 185 857 222 erranti
882 183 1024 234 populo
1050 183 1095 222 ad
1127 183 1273 222 idolum
1305 182 1419 221 fabri-

96 247 261 285 candum
287 258 364 284 non
403 246 600 283 consensit
625 242 819 293 inductus,
851 242 919 280 sed
952 235 1068 280 cessit
1104 242 1316 280 obstrictus
1348 253 1421 280 nec

97 304 339 343 Salomonem
373 303 556 341 credibile
597 307 656 340 est
687 313 821 339 errore
853 306 1010 351 putasse
1041 300 1152 339 idolis
1186 312 1271 338 esse
1304 301 1421 338 servi-

96 364 259 414 endum,
304 363 371 401 sed
414 361 610 399 blanditiis
653 360 830 398 femineis
874 359 920 398 ad
960 358 1023 397 illa
1063 358 1262 409 sacrilegia
1303 358 1422 396 fuisse

97 422 345 472 conpulsum:
382 422 434 458 ita
466 418 704 457 eredendum
736 423 795 456 est
824 417 933 456 illum
964 419 1089 455 virum
1122 429 1212 456 suae
1246 418 1423 468 feminae,

96 482 165 518 uni
202 491 340 530 unum,
379 479 573 516 hominem
612 477 778 528 homini,
816 478 1019 527 coniugem
1059 478 1230 526 coniugi,
1271 476 1317 514 ad
1354 474 1423 514 Dei

95 538 220 589 legem
251 536 610 587 transgrediendam
635 547 713 573 non
743 540 938 585 tamquam
970 546 1104 572 verum
1135 535 1310 584 loquenti
1340 545 1422 572 ere-

96 597 239 634 didisse
272 596 489 646 seductum,
521 595 587 632 sed
621 593 752 632 sociali
782 592 1069 631 necessitudine
1102 594 1289 644 paruisse.
1338 591 1424 630 Non

97 657 200 693 enim
232 655 376 692 frustra
408 654 504 692 dixit
534 652 746 703 apostolus:
789 653 839 690 Et
869 654 997 690 Adam
1028 663 1106 690 non
1138 656 1195 689 est
1224 653 1422 697 seductus,

98 716 241 752 mulier
271 718 403 751 autem
434 714 599 751 seducta
631 717 704 762 est,
742 712 815 748 nisi
847 711 934 760 quia
966 709 1028 747 illa
1060 710 1161 760 quod
1195 711 1230 747 ei
1262 720 1424 760 serpens

96 772 249 810 loeutus
282 777 352 821 est,
383 777 578 821 tamquam
616 781 750 807 verum
782 774 896 819 esset,
929 769 1088 818 accepit,
1120 768 1182 806 ille
1216 773 1345 806 autem
1378 766 1424 805 ab

95 832 211 868 unico
243 829 368 868 noluit
393 830 589 867 consortio
617 828 745 866 dirimi
776 839 847 865 nec
880 830 918 865 in
952 828 1225 864 communione
1257 827 1424 877 peccati3

95 900 169 927 neo
194 889 280 927 ideo
307 889 435 926 minus
456 900 559 938 reus,
592 888 623 925 si
650 888 777 924 sciens
803 885 1053 936 prudensque
1086 886 1270 935 peccavit.
1314 883 1424 922 Unde

97 952 136 986 et
167 946 364 998 apostolus
389 958 467 984 non
499 947 570 984 ait:
601 945 710 996 „Non
741 941 955 995 peccaviffl,
987 943 1071 981 sed:
1104 944 1189 982 Non
1222 948 1279 982 est
1309 944 1424 981 sedu-

98 1012 206 1051 ctus;
246 1017 334 1043 nam
370 1007 506 1054 utique
544 1006 670 1054 ipsum
709 1003 896 1054 ostendit,
934 1001 999 1040 ubi
1038 1001 1147 1040 dicit:
1193 1002 1273 1040 Per
1303 1012 1425 1040 unum

97 1066 291 1103 hominem
327 1069 539 1112 peccalum
581 1064 744 1100 intrcwil
782 1064 823 1099 in
861 1062 1068 1107 menidam,
1113 1066 1151 1098 et
1192 1059 1305 1110 paulo
1337 1065 1426 1110 post

99 1124 288 1173 apertius:
334 1123 381 1160 In
417 1123 692 1167 similitudine,
725 1121 870 1171 inquit,
904 1121 1269 1168 praevarz'calionis
1300 1119 1424 1156 Adae.

98 1181 178 1219 Hos
210 1186 338 1219 autem
371 1176 551 1218 seductos
583 1179 754 1228 intellegi
787 1178 923 1228 voluit,
955 1178 1021 1227 qui
1052 1177 1101 1228 id,
1134 1176 1236 1227 quod
1269 1177 1426 1227 faciunt,

99 1252 177 1278 non
220 1245 357 1290 putant
400 1251 484 1276 esse
522 1244 744 1289 peccatum3
788 1236 849 1274 ille
889 1241 1016 1274 autem
1056 1237 1177 1274 scivit.
1245 1234 1426 1285 Alioquin

101 1310 176 1348 quo
209 1297 321 1335 modo
354 1309 489 1335 verum
521 1298 611 1334 erit:
643 1297 771 1333 Adam
802 1306 880 1333 non
912 1299 969 1332 est
998 1295 1212 1332 seductus?
1262 1292 1337 1331 Sed
1368 1295 1424 1331 in-

99 1362 283 1407 expertus
321 1356 469 1393 divinae
509 1355 725 1393 severitatis
757 1355 796 1391 in
837 1365 882 1391 eo
916 1352 993 1390 falli
1023 1353 1166 1404 potuit,
1205 1357 1249 1390 ut
1279 1350 1425 1390 veniale

100 1414 279 1453 crederet
304 1426 389 1452 esse
416 1415 676 1452 commissum.
737 1412 789 1450 Ac
815 1423 885 1462 per
911 1411 983 1449 hoc
1008 1412 1048 1449 in
1077 1423 1122 1449 eo
1149 1410 1318 1462 quidem,
1349 1421 1426 1460 quo

100 1473 239 1511 mulier
254 1472 412 1511 seducta
427 1478 498 1522 est,
518 1484 594 1509 non
610 1477 669 1509 est
687 1470 750 1508 ille
771 1470 967 1521 seductus,
988 1469 1054 1507 sed
1076 1481 1164 1507 eum
1184 1468 1330 1520 fefellit,
1349 1479 1426 1518 quo

101 1531 214 1569 modo
241 1532 366 1569 fuerat
386 1529 635 1568 iudicandum
656 1529 758 1579 quod
785 1534 867 1566 erat
893 1528 1086 1566 dicturus:
1118 1527 1277 1574 Mulier,
1309 1537 1427 1575 quam

102 1592 247 1629 dedisti·
287 1601 455 1636 mecum,
505 1591 590 1637 ipsa
634 1589 731 1626 milii
772 1589 897 1638 dedit,
940 1592 979 1625 et
1014 1587 1264 1624 manducavi.
1326 1584 1427 1630 Quid

101 1660 193 1699 ergo
238 1645 443 1698 pluribus?
491 1646 575 1685 Etsi
616 1645 810 1685 credendo
856 1657 932 1683 non
977 1650 1068 1683 sunt
1112 1643 1222 1682 ambo
1263 1643 1427 1694 decepti,

101 1706 297 1757 peccando
333 1712 462 1744 tamen
501 1704 612 1743 ambo
651 1710 742 1743 sunt
785 1705 888 1754 capti
932 1708 971 1741 et
1007 1702 1148 1741 diaboli
1184 1702 1332 1753 laqueis
1370 1702 1426 1739 in-

102 1765 242 1815 plicati.

196 1890 231 1932 2)
257 1888 369 1923 Exod.
397 1892 452 1930 32,
479 1892 499 1921 3
526 1899 602 1930 sqq.
653 1887 688 1929 5)
716 1890 746 1921 1.
772 1886 861 1929 Reg.
890 1889 944 1927 11,
970 1889 1002 1919 4.
1054 1887 1109 1927 10)
1137 1888 1166 1918 1.
1194 1883 1286 1917 Tim.
1313 1887 1346 1927 2,
1374 1886 1425 1918 14.

107 1937 160 1978 17)
187 1935 290 1970 Rom.
317 1939 349 1977 5,
377 1939 418 1968 12
447 1946 523 1978 sqq.
573 1934 630 1976 25)
658 1932 745 1967 Gen.
774 1937 806 1975 3,
835 1936 887 1966 12.

199 2089 218 2119 9
244 2086 293 2120 Et
318 2086 436 2119 Adam
460 2085 591 2129 scripsi
614 2086 748 2128 (proyr.
773 2095 808 2127 p.
838 2086 888 2125 7);
917 2082 979 2117 sed
1005 2082 1112 2116 ada-m
1145 2081 1269 2122 VAF,·
1291 2081 1367 2116 Sed
1393 2081 1429 2116 et

105 2133 224 2166 Adam
249 2144 269 2166 v
300 2134 311 2176 ΙΙ
342 2137 382 2165 13
410 2132 440 2166 si
465 2143 552 2173 mss;
586 2131 648 2166 sed
673 2143 693 2166 v
713 2133 724 2175 ΙΙ
751 2134 793 2165 18
820 2130 891 2164 Eos
916 2141 935 2164 v
966 2131 978 2174 11
1009 2134 1052 2164 25
1078 2140 1222 2164 mecum
1255 2128 1341 2163 Ve'v
1364 2138 1428 2163 sec.

107 2179 252 2220 Graee.,·
284 2178 375 2213 mihi
400 2179 544 2220 AFabf
