1548 2562
449 187 500 212 DE
521 186 709 213 CIVITATE
728 187 798 213 DEI
817 188 850 213 L.
869 187 950 214 XXI.
973 187 1002 214 c.
1021 189 1046 214 7.
1326 181 1408 221 501

80 275 138 314 vel
165 281 299 314 contra
325 287 423 326 quos
449 277 609 329 agimus,
642 278 709 326 qui
741 282 779 315 et
803 275 927 315 Deum
954 288 1039 315 esse
1072 276 1249 330 credunt,
1281 290 1301 316 a
1334 290 1409 329 quo

79 334 203 372 factus
245 339 305 372 est
342 333 530 386 mundus,
572 339 610 373 et
648 333 741 373 deos
773 334 818 373 ab
850 334 915 372 illo
948 335 1090 388 factos,
1129 347 1200 387 per
1232 347 1330 387 quos
1363 336 1409 375 ab

78 392 142 430 illo
169 392 461 430 administratur
488 392 668 444 mundus,
702 397 740 431 et
771 393 1047 432 miraculorum
1081 394 1298 433 effectrices
1331 395 1409 433 sive

77 455 382 501 spontaneorum
426 451 505 489 sive
550 450 657 489 cultu
701 456 740 489 et
791 452 870 490 ritu
914 451 1087 502 quolibet
1129 453 1410 503 imperatorum

77 510 157 547 sive
195 510 310 548 etiam
351 510 591 558 magicorum
627 508 842 548 mundanas
880 509 940 548 vel
980 522 1058 548 non
1089 516 1232 561 negant
1262 511 1322 550 vel
1353 513 1409 550 in-

76 579 195 618 super
228 572 266 606 et
290 567 515 618 praedicant
539 572 764 619 potestates,
796 567 949 618 quando
982 569 1038 607 eis
1069 580 1203 608 rerum
1232 571 1309 608 vim
1342 571 1410 608 mi-

76 624 238 664 rabilem
273 627 528 677 proponimus
569 625 749 678 aliarum,
787 637 884 676 quae
916 638 989 665 nec
1021 627 1197 666 animalia
1229 634 1320 668 sunt
1351 640 1410 667 ra-

76 683 233 722 tionalia
276 695 349 722 nec
387 683 463 722 ulla
501 684 650 723 ratione
682 684 850 735 praediti
882 686 1060 737 spiritus,
1099 687 1200 725 sicut
1232 692 1323 725 sunt
1355 699 1410 735 ea,

77 754 245 793 quorum
294 754 415 794 pauca
466 743 879 795 commemoravimus,
929 743 1167 795 respondere
1218 744 1410 784 adsolent:

75 800 165 853 „Vis
192 805 251 839 est
275 802 349 839 ista
376 806 548 853 naturae,
580 806 718 839 natura
750 813 885 839 eorum
917 803 972 840 sic
1005 814 1046 840 se
1078 801 1206 854 habet,
1236 804 1409 854 propria-

76 870 164 897 rum
202 864 294 897 sunt
331 860 427 898 istae
471 859 663 897 efficaciae
696 855 962 899 naturarum.“
1022 859 1119 899 Tota
1149 862 1279 912 itaque
1312 863 1410 900 ratio

77 923 157 969 est,
197 929 267 956 cur
299 918 595 968 Agrigentinum
634 917 752 956 salem
790 917 942 956 flamma
979 918 1100 957 ssuere
1140 919 1271 970 faeiat,
1313 932 1411 970 aqua

77 977 282 1027 crepitare,
314 977 403 1026 quia
434 975 528 1014 haec
562 981 622 1014 est
651 981 790 1015 natura
822 978 917 1015 eius.
978 976 1026 1015 At
1056 976 1130 1015 hoc
1163 989 1248 1016 esse
1280 980 1411 1029 potius

77 1040 212 1073 contra
251 1039 430 1073 naturam
467 1034 636 1086 videtur,
675 1046 772 1085 quae
804 1046 882 1073 non
913 1036 1011 1087 igni,
1052 1035 1120 1073 sed
1152 1047 1273 1086 aquae
1306 1036 1412 1075 dedit

77 1092 195 1131 salem
228 1092 395 1144 solvere,
434 1097 585 1131 torrere
618 1098 747 1132 autem
778 1094 874 1145 igni,
912 1105 990 1131 non
1022 1105 1154 1144 aquae.
1218 1093 1295 1132 Sed
1327 1096 1410 1147 ista,

75 1152 279 1203 inquiunt,
323 1150 413 1189 salis
451 1150 567 1189 huius
609 1151 795 1189 naturalis
833 1157 892 1190 est
931 1153 1005 1204 vis,
1049 1157 1093 1190 ut
1124 1151 1183 1190 his
1216 1155 1409 1191 contraria

75 1211 256 1260 patiatur.
317 1208 422 1248 Haec
447 1211 566 1260 igitur
592 1211 689 1248 ratio
717 1209 894 1248 redditur
921 1215 959 1249 et
985 1210 1031 1249 de
1063 1210 1128 1249 illo
1162 1211 1267 1249 fonte
1295 1210 1410 1250 Gara-

75 1268 265 1319 manticO,
305 1267 373 1306 ubi
403 1279 480 1306 una
511 1279 607 1306 vena
639 1268 754 1318 friget
786 1267 942 1320 diebus,
982 1268 1162 1307 noctibus
1195 1269 1337 1322 fervet,
1377 1271 1411 1308 vi

76 1332 242 1376 utraque
285 1326 448 1364 molesta
492 1326 758 1377 tangentibus,
802 1326 898 1365 haec
939 1332 977 1365 et
1015 1326 1061 1365 de
1100 1326 1164 1365 illo
1206 1327 1300 1375 alio,
1345 1330 1411 1378 qui

77 1396 167 1423 cum
193 1385 243 1422 sit
269 1383 601 1423 contrectantibus
636 1384 797 1435 frigidus
831 1390 869 1424 et
901 1385 1024 1424 facem
1056 1386 1158 1424 sicut
1189 1385 1252 1424 alii
1283 1386 1410 1425 fontes

77 1444 291 1493 extinguat·
317 1454 540 1495 accensam,
582 1443 823 1481 dissimiliter
860 1449 989 1482 tamen
1028 1449 1143 1495 atque
1181 1443 1411 1484 mirabiliter

76 1500 180 1539 idem
216 1502 300 1552 ipse
342 1501 520 1540 accendit
551 1503 778 1553 extinctam3
810 1501 905 1540 haec
938 1507 977 1540 et
1004 1501 1054 1540 de
1086 1502 1212 1553 lapide
1245 1502 1412 1556 asbesto,

77 1560 144 1610 qui
176 1571 266 1598 cum
302 1560 434 1610 ignem
470 1559 620 1598 nullum
660 1559 799 1598 habeat
829 1562 1050 1613 proprium,
1089 1566 1249 1611 accepto
1281 1566 1411 1599 tamen

78 1619 132 1656 sic
165 1617 276 1657 ardet
306 1617 448 1670 alieno,
489 1623 533 1656 ut
563 1630 641 1656 non
672 1619 796 1669 possit
828 1620 1018 1670 extingui,
1050 1618 1145 1657 haec
1177 1618 1224 1656 de
1257 1620 1412 1671 ceteris,

78 1687 176 1727 quae
208 1677 314 1727 piget
339 1681 530 1729 retexere,
561 1675 704 1727 quibus
735 1676 827 1715 licet
857 1678 914 1715 vis
946 1676 1100 1715 insolita
1132 1682 1267 1715 contra
1300 1682 1410 1716 natu-

77 1746 160 1773 ram
192 1735 321 1773 inesse
353 1735 550 1787 videatur,
582 1734 653 1773 alia
684 1740 813 1773 tamen
845 1734 892 1773 de
924 1734 999 1774 illis
1031 1747 1109 1773 non
1141 1735 1319 1773 redditur
1352 1747 1410 1774 ra—

77 1794 155 1844 tio,
199 1794 274 1831 nisi
312 1798 356 1831 ut
395 1792 546 1831 dicatur
583 1792 682 1831 hanc
721 1805 856 1832 eorum
898 1805 983 1832 esse
1025 1799 1214 1832 naturam.
1276 1793 1410 1832 Brevis

78 1862 170 1889 sane
201 1852 274 1890 ista
314 1856 374 1889 est
405 1853 522 1903 ratio,
562 1851 703 1903 fateor,
747 1851 1024 1903 sufficiensque
1056 1853 1272 1903 responsio
1334 1851 1410 1890 Sed

78 1920 168 1947 cum
199 1908 303 1947 Deus
335 1914 472 1948 auctor
504 1911 554 1948 sit
585 1914 812 1948 naturarum
845 1911 1030 1962 omnium,
1062 1922 1132 1949 cur
1164 1910 1302 1949 nolunt
1334 1910 1408 1948 for-

77 1968 219 2005 tiorem
249 1979 321 2005 nos
353 1967 517 2006 reddere
549 1969 753 2020 rationem,
784 1968 937 2019 quando
969 1969 1113 2019 aliquid
1145 1968 1250 2007 velut
1280 1970 1408 2020 inpos-

78 2024 190 2063 sibile
221 2025 359 2064 nolunt
391 2025 551 2065 credere
591 2027 724 2077 eisque
765 2026 1023 2065 redditionem
1055 2028 1217 2065 rationis
1248 2039 1409 2077 poscen-

78 2082 183 2122 tibus
208 2083 491 2134 respondemus
516 2084 616 2123 hanc
636 2096 721 2123 esse
742 2084 980 2124 voluntatem
1012 2086 1289 2136 omnipotentis
1314 2083 1412 2123 Dei?

79 2143 145 2192 qui
177 2146 283 2180 certe
315 2153 393 2180 non
425 2142 473 2180 ob
506 2142 608 2181 aliud
640 2148 800 2182 vocatur
832 2145 1089 2195 omnipotens,
1122 2144 1197 2181 nisi
1229 2145 1411 2194 quoniam

79 2199 267 2250 quidquid
298 2199 379 2238 vult
410 2206 556 2252 potest,
593 2202 659 2251 qui
697 2203 824 2252 potuit
855 2213 988 2240 creare
1022 2207 1099 2240 tam
1132 2201 1269 2254 multa,
1313 2214 1411 2252 quae

172 2352 191 2381 6
217 2346 292 2381 vim
317 2357 381 2382 om.
408 2347 480 2381 ΕΑ

1436 521 1455 552 01

1438 814 1480 844 10

1436 1687 1480 1718 25

1437 1979 1479 2010 30
