1548 2562
363 156 416 180 DE
436 155 625 181 CIVITATE
646 156 714 180 DEI
733 156 765 180 L.
785 155 899 180 XVIII.
918 155 948 181 c.
969 156 1009 180 ιι.
1030 156 1070 180 12.
1302 146 1386 186 269

57 245 180 295 syrios
213 249 394 294 regnaret
426 243 644 294 AscatadeS,
678 243 778 293 apud
812 244 1013 294 Sicyonios
1045 243 1253 295 Marathus,
1286 244 1387 294 apud

56 302 217 352 Argivos
259 302 432 352 Triopas.
501 301 650 339 Educto
693 307 821 339 autem
862 302 1004 352 populo
1045 304 1085 340 in
1126 307 1256 340 monte
1297 302 1389 340 Sina

55 360 240 398 divinitus
266 365 462 410 acceptam
490 358 646 397 tradidit
672 359 808 410 legem,
840 360 942 410 quod
968 366 1078 398 vetus
1105 360 1248 398 dicitur
1272 365 1387 398 testa-

56 424 249 469 mentum,
281 419 369 468 quia
400 419 680 468 promissiones
712 425 889 456 terrenas
922 418 1055 470 habet,
1087 424 1126 457 et
1156 430 1226 469 per
1258 418 1387 456 Iesum

58 475 253 514 Christum
280 476 454 514 futurum
482 476 609 514 fuerat
633 481 908 514 testamentum
935 489 1088 527 novum,
1121 489 1198 527 quo
1224 489 1387 527 regnum
1414 484 1434 514 5

57 534 251 572 caelorum
301 535 608 584 promitteretur.
687 533 800 572 Hunc
856 536 959 572 enim
1016 535 1192 573 ordinem
1243 536 1388 573 servari

57 591 271 644 oportebat,
304 594 405 630 sicut
430 593 469 630 in
496 603 574 630 uno
601 604 757 642 quoque
782 591 950 644 homine,
983 595 1049 643 qui
1080 595 1120 631 in
1146 593 1269 632 Deum
1299 605 1387 644 pro-

57 651 148 702 ficit,
179 650 216 688 id
249 652 386 701 agitur,
418 650 519 700 quod
553 651 604 688 ait
636 650 844 702 apostolus,
876 656 919 689 ut
950 662 1027 689 non
1058 654 1110 689 sit
1137 654 1253 700 prius
1284 653 1392 699 quod

57 711 238 757 spiritale
263 713 341 754 est;
372 711 444 747 sed
466 710 573 756 quod
597 711 779 756 animale,
807 714 946 757 postea
971 712 1174 758 spiNtaloe
1207 711 1389 760 quoniam

58 768 159 805 sicut
184 767 278 805 dicit
303 772 342 805 et
368 778 502 805 verum
528 772 598 813 est,
626 770 697 815 pri
736 779 781 805 us
807 769 919 806 homo
952 770 1000 805 de
1026 773 1149 814 terra,
1182 773 1389 813 terrenus;
1417 775 1459 805 10

57 827 254 864 secundus
291 826 403 863 hom-0
443 827 491 863 de
531 827 653 863 caelo.
715 825 828 863 Rexit
859 831 987 864 autem
1019 826 1205 876 populum
1238 826 1389 876 Moyses
1504 872 1508 875 .

57 895 127 933 per
164 895 285 920 annos
325 883 576 933 quadraginta
619 884 658 920 in
703 883 859 921 deserto
901 889 939 921 et
970 889 1148 922 mortuus
1180 890 1240 922 est
1272 896 1388 922 anno·
1447 867 1533 959 {3:5¹

58 952 146 979 rum
178 946 335 979 centum
367 946 406 979 et
437 942 583 992 viginti,
615 953 703 979 oum
730 941 928 979 Christum
961 943 1076 979 etiarn
1108 944 1190 992 ipse
1223 942 1388 992 prophe·
1450 939 1464 951 ⁴
1491 953 1548 988 ,ιε;,.

57 1005 178 1037 tasset
208 1011 278 1049 per
310 1000 451 1049 figuras
484 999 797 1037 observationum
830 999 1041 1037 carnalium
1073 1001 1112 1038 in
1140 999 1388 1038 tabernaculo

59 1064 97 1095 et
138 1057 353 1096 sacerdotio
395 1063 433 1096 et
476 1058 675 1095 sacrificiis
713 1057 875 1107 aliisque
915 1059 1088 1109 mysticis
1129 1058 1387 1109 plurimisque
1417 1065 1459 1097 15

58 1115 257 1154 mandatis.
320 1115 441 1165 Moysi
479 1117 668 1153 successit
706 1115 815 1153 Iesus
859 1115 960 1154 Nave
1001 1122 1038 1154 et
1075 1118 1115 1154 in
1153 1122 1258 1155 terra
1302 1129 1389 1167 pro-

47 1171 253 1212 Tfiissionis
290 1173 557 1212 introductum
594 1174 781 1224 populum
820 1174 1034 1212 conlocavit
1071 1187 1116 1213 ex
1159 1177 1389 1213 auctoritate

58 1232 184 1270 divina
223 1231 423 1270 debellatis
461 1231 659 1283 gentihus,
698 1244 717 1270 a
752 1232 893 1282 quihus
925 1233 1060 1270 eadem
1091 1233 1174 1271 loca
1206 1232 1389 1271 teneban-

58 1295 134 1328 tur.
196 1289 269 1335 Qui
307 1301 393 1328 cum
433 1289 619 1340 populum
657 1291 822 1328 rexisset
860 1297 948 1341 post
986 1296 1150 1329 mortem
1183 1290 1303 1341 Moysi
1336 1292 1388 1329 vi-

58 1349 154 1398 ginti
187 1353 225 1385 et
256 1353 405 1398 septem
437 1360 575 1398 annOS,
608 1350 723 1386 etiam
755 1350 837 1399 ipse
870 1348 1078 1387 defunctus
1111 1355 1170 1387 est
1202 1354 1388 1399 regnante
1416 1356 1460 1387 20

59 1406 159 1456 apud
185 1406 362 1456 Assyrios
388 1412 521 1444 octavo
548 1407 697 1444 decimo
719 1408 892 1457 Amynta,
924 1407 1024 1457 apud
1052 1407 1253 1458 Sicyonios
1281 1415 1390 1446 sexto

59 1464 208 1502 decimo
247 1463 408 1515 Corace,
446 1465 545 1515 apud
579 1465 739 1515 Argivos
771 1465 921 1503 decimo
955 1465 1101 1518 Danao,
1140 1465 1241 1516 apud
1273 1466 1389 1504 Athe-

59 1524 214 1560 nienses
247 1528 384 1572 quarto
416 1522 681 1561 Erichthonio.

580 1681 737 1724 CAPUT
764 1682 857 1723 XII.

60 1768 119 1804 De
155 1769 285 1804 sacris
319 1765 517 1814 falsorum
556 1768 737 1813 deorum,
782 1779 885 1814 quae
922 1777 1036 1814 reyes
1079 1768 1277 1805 Graeciae
1317 1770 1392 1806 illis
1418 1775 1462 1806 25

60 1825 300 1873 temporibus
326 1826 592 1871 instituerunt,
625 1836 728 1871 quae
759 1826 809 1862 ab
837 1827 946 1863 exitu
976 1825 1107 1864 Israel
1136 1837 1188 1863 eac
1214 1827 1391 1874 Aeqypto

223 1894 346 1930 usque
378 1884 434 1920 ud
463 1883 610 1921 obitum
643 1883 733 1920 Iesu
766 1884 875 1921 Nave
908 1884 1226 1922 dinumerantur.

176 1963 251 2001 Per
282 1963 376 2001 haec
408 1969 594 2014 tempora,
626 1964 663 2001 id
697 1968 756 2001 est
787 1963 833 2002 ab
866 1965 970 2002 exitu
998 1964 1115 2002 lsrael
1147 1977 1193 2002 ex
1220 1965 1392 2015 Aegypto

60 2034 183 2072 usque
210 2022 256 2059 ad
283 2027 447 2060 mortem
474 2021 561 2060 Iesu
588 2022 702 2073 Nave,
732 2034 803 2072 per
835 2034 950 2072 quem
982 2022 1149 2073 populus
1181 2022 1283 2060 idem
1315 2028 1392 2061 ter-

157 2123 211 2164 11)
242 2126 270 2156 1.
298 2123 376 2156 Cor.
405 2125 458 2165 15,
485 2126 528 2156 46
556 2134 607 2165 sq.

155 2266 171 2295 1
200 2261 410 2295 maratheus
436 2261 470 2294 A
507 2262 518 2304 ΙΙ
558 2265 597 2295 11
626 2262 670 2296 de
697 2262 798 2296 caelo
826 2261 902 2305 Req
925 2262 1007 2301 (vol.
1035 2262 1076 2305 I,
1111 2264 1200 2306 598,
1232 2265 1313 2305 16);
1346 2263 1390 2297 de

60 2308 161 2342 caelo
188 2308 356 2342 caelestis
381 2308 436 2341 Av
456 2309 467 2351 ΙΙ
489 2312 530 2341 16
556 2309 654 2342 terra
678 2308 733 2349 Β,-
757 2310 892 2342 terram
918 2309 974 2342 Av
