1611 2465
134 735 175 765 10

135 1028 174 1058 15

132 1320 174 1350 -20

133 1613 175 1644 25

134 1905 177 1936 30

202 100 288 140 422
738 109 764 135 s.
785 109 1002 136 AUGUSTINI

203 199 367 251 videtur,
400 199 503 249 quod
530 199 728 237 occultum
754 212 840 238 esse
868 200 998 252 voluit,
1031 201 1097 250 qui
1123 203 1345 251 pertineant
1377 201 1422 240 ad
1455 214 1539 252 par-

204 264 279 296 tem
314 257 472 309 diaboli,
511 263 549 296 et
582 259 648 308 qui
690 270 767 296 non
800 260 1031 308 pertiiieant.
1097 258 1177 297 Hoc
1211 261 1353 310 quippe
1386 262 1425 298 in
1459 272 1540 299 sae-

203 316 289 354 culo
323 318 397 354 isto
429 328 593 366 prorsus
626 316 735 368 latet,
777 318 866 367 quia
899 323 937 355 et
970 318 1036 368 qui
1069 317 1221 356 videtur
1254 325 1375 371 stare,
1408 325 1540 358 utrum

203 377 252 413 sit
284 387 460 426 casurus,
493 380 531 413 et
563 376 630 425 qui
663 375 816 413 videtur
849 377 992 423 iacere,
1027 381 1159 414 utrum
1191 378 1241 415 sit
1273 383 1542 430 surrecturus,

203 435 397 471 incertum
442 439 510 472 est.
574 433 629 471 Ab
675 436 729 472 eis
771 440 900 472 autem
939 434 1119 485 gentibus
1159 435 1392 475 seducendis
1424 436 1541 475 huius

204 492 402 530 interdicti
443 491 596 530 vinculo
641 498 678 531 et
721 492 889 531 claustro
932 493 1107 531 diabolus
1148 493 1381 544 prohibetur
1425 501 1541 546 atque

203 550 425 602 cohibetur,
464 563 559 601 quas
601 553 844 602 pertinentes
877 551 922 589 ad
957 551 1154 590 Christum
1187 553 1398 591 seducebat
1430 560 1542 592 antea

204 608 262 646 vel
294 608 461 647 tenebat.
524 609 600 647 Has
643 612 745 648 enim
780 609 882 648 Deus
916 610 1032 660 elegit
1064 616 1153 649 ante
1186 611 1320 649 mundi
1353 614 1540 651 constitu-

203 669 347 706 tionem
394 680 532 706 eruere
575 667 620 706 de
662 674 854 719 potestate
895 668 1145 707 tenebrarum
1184 674 1223 708 et
1255 671 1469 709 transferre
1501 672 1542 709 in

203 738 367 776 regnum
413 726 478 764 filii
524 728 695 765 caritatis
741 739 853 778 suae,
898 729 999 766 sicut
1044 727 1240 778 apostolus
1280 728 1383 767 dicit.
1445 729 1542 768 Nam

203 784 391 823 seducere
432 785 541 823 illum
578 791 715 836 gentes
756 788 871 824 etiam
913 798 1017 824 nunc
1059 792 1097 824 et
1135 798 1268 825 secum
1309 787 1463 826 trahere
1502 789 1541 826 in

202 849 399 882 aeternam
444 856 631 896 poenam,
677 843 745 882 sed
791 857 867 882 non
913 844 1218 895 praedestinatas
1263 847 1303 883 in
1344 852 1543 885 aeternam

203 903 330 949 vitam,
365 904 451 953 quis
486 902 609 941 fidelis
642 900 822 954 ignorat?
871 902 950 942 Nec
985 909 1147 955 moveat,
1180 904 1283 954 quod
1316 917 1430 955 saepe
1463 905 1540 944 dia-

202 960 314 999 bolus
353 961 505 999 seducit
545 963 661 999 etiam
699 961 803 1014 ilios,
842 963 909 1012 qui
946 964 1166 1012 regenerati
1207 964 1280 1000 iam
1313 963 1352 1001 in
1387 963 1541 1002 Christo

202 1020 280 1057 vias
306 1020 581 1069 ingrediuntur
608 1019 686 1058 Dei.
733 1021 849 1059 Novit
873 1022 976 1058 enim
1003 1021 1194 1059 Dominus
1220 1024 1291 1069 qul
1313 1027 1407 1060 sunt
1431 1024 1542 1068 eius;

204 1090 249 1115 ex
294 1077 353 1115 his
398 1079 437 1116 in
482 1084 679 1116 aeternam
722 1079 1008 1117 damnationem
1047 1081 1242 1117 neminem
1280 1079 1343 1118 ille
1378 1080 1540 1120 seducit.

204 1135 267 1174 Sic
308 1138 411 1174 enim
450 1149 516 1174 eos
555 1138 660 1175 novit
699 1136 906 1190 Dominus,
951 1144 993 1176 ut
1032 1137 1154 1189 Deus,
1200 1150 1315 1188 quem
1356 1139 1410 1177 nil
1448 1139 1542 1178 latet

204 1196 318 1232 etiam
346 1195 582 1246 futurorum,
616 1208 693 1233 non
721 1202 762 1233 ut
788 1196 915 1247 homo,
948 1198 1014 1247 qui
1046 1196 1243 1234 hominem
1277 1197 1322 1235 ad
1354 1209 1539 1248 praesens

205 1253 305 1291 videt
337 1249 389 1305 (si
422 1259 550 1291 tamen
585 1254 698 1305 videt,
731 1256 842 1292 cuius
875 1266 942 1292 cor
975 1266 1052 1292 non
1086 1252 1221 1307 videt),
1253 1255 1377 1305 qualis
1410 1262 1540 1294 autem

203 1317 336 1362 postea
363 1313 413 1350 sit
439 1312 595 1350 futurus
622 1324 694 1350 nec
721 1324 761 1350 se
792 1314 920 1362 ipsum
953 1312 1068 1351 v1det.
1130 1313 1184 1351 Ad
1219 1313 1291 1351 hoc
1325 1326 1416 1365 ergo
1449 1314 1538 1365 liga-

204 1376 265 1408 tus
299 1376 358 1408 est
390 1370 564 1409 diabolus
598 1376 636 1409 et
667 1371 841 1409 inclusus
874 1372 913 1409 in
946 1371 1103 1424 abysso,
1137 1378 1179 1410 ut
1211 1373 1285 1410 iam
1318 1384 1395 1411 non
1427 1373 1539 1411 sedu-

202 1435 263 1467 cat
295 1434 448 1480 gentes,
488 1441 532 1466 ex
573 1428 714 1479 quibus
748 1434 900 1468 constat
933 1430 1114 1481 ecclesia,
1155 1443 1249 1480 quas
1282 1436 1394 1469 antea
1426 1431 1539 1470 sedu-

203 1492 284 1525 ctas
335 1487 508 1539 tenebat,
559 1494 766 1537 antequam
816 1493 946 1526 essent
996 1488 1170 1527 ecclesia.
1250 1489 1385 1540 Neque
1436 1491 1539 1528 enim

203 1545 350 1583 dictum
378 1552 437 1584 est
467 1551 535 1597 „ut
562 1558 639 1584 non
666 1546 874 1584 seduceret
905 1544 1107 1599 aliquem“,
1141 1547 1207 1585 sed
1240 1552 1284 1586 ut
1314 1559 1392 1587 non
1423 1550 1539 1587 sedu-

203 1610 328 1651 ceret,
373 1606 517 1656 inquit,
563 1607 639 1643 iam
681 1610 840 1653 (sentes,
890 1607 929 1643 in
974 1606 1116 1655 quibus
1159 1606 1362 1644 ecelesiam
1403 1606 1540 1657 procul

203 1662 320 1701 dubio
354 1662 474 1701 voluit
506 1663 689 1715 intellegi,
722 1665 847 1702 donec
875 1666 1093 1712 finiantur,
1126 1666 1263 1716 inquit,
1295 1667 1400 1704 mille
1432 1667 1540 1717 anni,

204 1720 241 1759 id
283 1727 361 1773 est,
403 1727 469 1759 aut
509 1721 612 1771 quod
654 1728 829 1760 remanet
861 1722 907 1760 de
941 1727 1049 1760 sexto
1083 1722 1166 1774 die,
1211 1724 1277 1773 qui
1310 1728 1462 1762 constat
1493 1735 1540 1762 ex

205 1779 307 1817 mille
340 1781 470 1830 annis,
504 1785 569 1817 aut
601 1792 736 1818 omnes
769 1782 876 1827 anni,
910 1780 1051 1831 quibus
1083 1781 1267 1832 deinceps
1299 1781 1373 1820 hoc
1405 1793 1538 1821 saecu-

204 1837 283 1877 lum
316 1833 590 1889 peragendum
613 1844 682 1876 cst.

321 1896 400 1934 Nec
427 1897 481 1934 sic
508 1896 777 1946 accipiendum
809 1902 869 1935 est
901 1897 1003 1947 quod
1036 1898 1104 1936 ait:
1144 1898 1192 1936 Ut
1221 1910 1299 1937 non
1330 1900 1542 1937 seduceret

203 1952 337 2005 <iam>
366 1959 525 2003 yentes,
568 1956 693 1993 donec
727 1957 926 2001 liniantur
963 1958 1067 1994 mille
1105 1958 1221 2003 αηηί,
1264 1958 1374 2006 quasi
1406 1962 1540 2007 postea

204 2015 253 2051 sit
285 2013 521 2051 seducturus
554 2025 617 2051 eas
650 2012 848 2051 dumtaxat
879 2020 1032 2064 gentes,
1074 2026 1119 2052 ex
1154 2014 1294 2065 quibus
1328 2016 1538 2065 praedesti·

298 2104 332 2146 9)
359 2102 451 2146 Eph.
480 2106 511 2144 1,
537 2106 568 2136 4.
623 2103 679 2145 10)
707 2101 781 2136 Col.
811 2106 840 2144 l,
871 2106 922 2136 13.
975 2105 1031 2145 15)
1059 2106 1089 2137 2.
1118 2102 1210 2136 Tim.
1238 2107 1269 2146 2,
1298 2107 1350 2138 19.

300 2234 315 2264 1
343 2231 440 2274 quod
466 2229 538 2270 R1‚-
565 2229 651 2273 quia
672 2229 812 2274 Rha-1!
833 2234 851 2264 2
878 2230 1087 2274 pertineant
1112 2241 1176 2265 om.
1204 2232 1238 2265 A
1258 2232 1270 2276 ss
1291 2236 1333 2267 10
1360 2231 1539 2267 claritatis

201 2279 253 2321 91!
274 2280 316 2310 ’23
344 2278 464 2311 essent
489 2276 561 2318 R¹‚·
588 2278 681 2311 esset
705 2287 724 2311 v
744 2278 755 2320 11
776 2281 816 2311 31
846 2277 920 2311 iam
945 2288 1009 2311 om.
1038 2277 1109 2311 BA
