1495 2489
102 96 156 137 86
643 105 669 131 s.
689 105 904 131 Auous'rm

102 201 177 233 est:
204 196 516 234 Sescemense'mo
543 207 658 242 armo,
691 197 860 233 secunde·
883 198 1036 244 mensis,
1056 199 1222 245 septima
1249 202 1285 235 et
1306 199 1435 235 vicen-

100 256 200 292 sima
227 256 381 301 mensis,
414 255 487 291 nisi
515 255 603 303 quia
630 253 737 304 tales,
770 253 903 304 quales
931 266 1033 292 nune
1061 261 1163 306 sunt,
1196 257 1311 293 etiam
1344 261 1437 294 tunc

103 318 213 350 erant
251 309 434 350 menses?
496 311 591 349 Nam
630 324 706 362 quo
744 318 857 362 pacto
896 312 1007 351 aliter
1045 315 1256 351 vicensimo
1299 319 1338 352 et
1379 326 1437 352 se·

102 372 223 422 ptimo
245 370 305 408 die
328 370 489 408 secundi
510 371 655 408 mensis
676 370 874 409 diceretur
899 376 1081 421 coeptum
1109 384 1194 410 esse
1221 370 1439 410 diluvium?

56 436 75 466 5
104 428 248 467 Deinde
275 435 409 479 postea
436 430 475 466 in
501 429 576 466 fine
609 428 741 467 diluvii
774 430 825 467 ita
857 429 1015 479 legitur:
1047 431 1100 468 Et
1129 432 1232 469 sedit
1263 442 1365 469 arca
1398 433 1438 469 in

101 499 232 526 mense
257 490 420 536 septimo
446 489 612 536 septima
644 493 683 526 et
713 490 928 526 vicensima
961 491 1104 527 mensis
1135 501 1256 538 super
1288 494 1437 527 montes

102 547 266 584 Ararat.
329 547 445 593 Aqua
484 551 615 584 autem
653 548 907 584 minuebatur
944 558 1070 595 usque
1101 549 1158 585 ad
1186 549 1438 586 undecimum

101 616 294 649 mensem;
338 607 377 642 in
422 606 630 643 undecimo
675 610 806 643 autem
850 617 981 644 mense
1020 608 1155 654 prima
1194 608 1258 645 die
1295 608 1439 645 mensis

98 668 330 711 paruerunt
354 665 490 711 capita
516 665 714 701 montium.
778 663 818 701 Si
850 665 968 713 igitur
999 664 1095 702 tales
1128 676 1282 702 menses
1315 670 1438 716 erant,

33 729 74 759 10
102 721 196 758 tales
229 722 404 771 profecto
439 727 476 759 et
508 723 598 759 anni
630 729 752 773 erant,
786 721 918 772 quales
951 734 1055 760 nunc
1088 722 1287 760 hahemus.
1331 722 1436 761 Men-

102 791 164 817 ses
197 781 340 830 quippe
368 779 421 817 illi
448 780 617 818 triduani
649 782 784 830 viginti
815 786 854 818 ot
885 786 1035 830 septem
1068 781 1150 819 dies
1182 781 1326 819 habere
1360 793 1438 819 non

100 843 291 888 poterant.
354 839 429 876 Aut
456 840 487 876 si
515 850 603 888 pars
635 840 861 876 tricensima
894 838 1015 877 tridui
1047 845 1140 877 tune
1173 839 1439 890 appellabatur

101 896 196 947 dies,
228 902 271 934 ut
297 898 424 934 onmia
451 899 702 947 proportione
730 899 972 935 minuantur:
1006 910 1097 948 ergo
1125 909 1196 935 nec
1230 903 1311 936 toto
1345 909 1435 948 qua-

101 954 240 993 driduo
267 961 401 993 nostro
429 955 571 993 sactum
599 961 658 993 est
689 955 781 993 illud
815 961 891 993 tarn
924 956 1068 1006 grande
1101 955 1301 1008 diluvium,
1335 956 1438 1006 quod

33 1021 74 1052 15
102 1020 340 1051 memoratur
378 1014 522 1052 sactum
561 1013 812 1064 quadraginta
847 1013 983 1051 diebus
1017 1020 1056 1052 et
1087 1014 1278 1052 noctibus.
1342 1014 1438 1060 Quis

101 1071 199 1109 hane
232 1071 510 1110 absurditatem
549 1078 587 1110 et
625 1074 831 1110 vanitatem
865 1070 991 1110 serat?
1040 1072 1207 1110 Proinde
1242 1084 1438 1110 removea-

100 1135 166 1168 tur
197 1130 260 1168 hic
293 1142 422 1182 error,
456 1132 521 1180 qui
554 1132 779 1168 coniectura
811 1130 905 1168 falsa
936 1132 987 1168 ita
1020 1131 1101 1169 vult
1133 1136 1309 1169 astruere
1343 1132 1437 1169 scri-

100 1193 306 1238 pturarum
349 1196 572 1227 nostrarum
617 1189 752 1236 fidem,
796 1194 839 1226 ut
879 1188 969 1226 alibi
1011 1189 1198 1227 destruat.
1268 1189 1438 1228 Prorsus

102 1252 231 1285 tantus
270 1249 386 1285 etiam
425 1253 517 1285 tunc
556 1248 638 1285 dies
671 1248 761 1298 fuit,
800 1253 968 1297 quantus
1002 1253 1040 1285 et
1072 1260 1176 1286 nune
1208 1253 1288 1298 est,
1321 1259 1439 1298 quem

31 1314 74 1344 20
103 1307 236 1355 viginti
274 1311 312 1343 et
356 1311 539 1355 quattuor
583 1305 700 1343 horae
745 1305 884 1343 diurno
927 1306 1123 1343 curriculo
1165 1311 1437 1356 nocturnoque

101 1363 379 1415 determinant3
418 1369 548 1402 tantus
591 1365 753 1415 mensis,
794 1369 962 1413 quantus
1004 1369 1043 1402 et
1075 1376 1178 1402 nunc
1211 1370 1288 1416 est,
1322 1376 1438 1414 quem

99 1421 191 1460 luna
223 1428 359 1473 coepta
393 1428 430 1460 et
462 1423 568 1460 finita
601 1422 818 1473 concludit3
850 1427 981 1460 tantus
1014 1435 1156 1472 allilUS,
1197 1429 1366 1472 quantus
1398 1428 1438 1460 et

100 1492 205 1518 nuno
237 1486 313 1532 est,
345 1493 460 1531 quem
492 1480 698 1518 duodecim
730 1492 884 1518 menses
915 1480 1071 1518 lunares
1105 1479 1244 1519 additis
1277 1486 1436 1531 propter

101 1551 261 1577 cursum
305 1539 470 1577 solarem
515 1541 686 1589 qumque
732 1538 870 1576 diebus
915 1544 953 1576 et
997 1539 1210 1589 quadrante
1256 1551 1436 1577 eonsum-

30 1605 73 1636 25
102 1602 223 1648 mant,
256 1599 389 1648 quanti
422 1598 512 1635 anni
544 1598 839 1635 sescenteusimi
871 1598 970 1635 vitae
1002 1597 1083 1635 Noe
1123 1597 1320 1635 secundus
1353 1603 1437 1636 erat

102 1658 247 1694 mensis
273 1657 435 1706 eiusque
463 1657 607 1693 mensis
627 1657 862 1694 vicensimus
883 1661 922 1693 et
948 1657 1136 1706 septimus
1163 1655 1256 1706 dies,
1283 1655 1438 1706 quando

103 1716 232 1765 coepit
263 1726 349 1752 esse
376 1714 574 1765 diluvium,
606 1715 645 1751 in
679 1726 754 1764 quo
787 1714 870 1751 dies
903 1713 1156 1764 quadraginta
1189 1715 1436 1752 continuatae

103 1774 282 1823 ingentes
308 1772 458 1823 pluviae
484 1778 762 1823 memorantur,
795 1774 861 1822 qui
887 1772 970 1810 dies
996 1784 1074 1810 non
1105 1771 1216 1810 binas
1248 1784 1291 1810 ae
1323 1772 1437 1823 paulo

104 1832 268 1882 amplius
300 1830 415 1868 horas
441 1829 645 1882 habebant,
678 1829 745 1868 sed
778 1832 932 1868 vicenas
965 1835 1003 1868 et
1036 1835 1244 1880 quaternas
1276 1830 1336 1868 die
1370 1842 1436 1868 no-

33 1899 77 1930 30
104 1895 247 1940 ctuquo
268 1894 492 1928 transactas.
542 1889 595 1926 Ae
621 1901 690 1939 per
716 1888 789 1926 hoc
815 1894 892 1926 tam
920 1900 1077 1938 magnos
1104 1900 1224 1926 annos
1256 1890 1438 1927 vixerunt

104 1948 158 1985 illi
211 1949 360 1997 antiqui
413 1959 537 1997 usque
591 1946 756 1997 amplius
809 1958 923 1996 quam
981 1952 1222 1999 nongentos,
1273 1952 1438 1997 quantos

104 2012 238 2056 postea
279 2007 373 2044 vixit
414 2005 604 2043 Abraham
653 2010 810 2043 centum
853 2006 1095 2055 septuaginta
1136 2010 1176 2043 et
1217 2011 1306 2056 post
1349 2017 1438 2043 eum

199 2097 233 2138 9)
261 2094 348 2129 Gen.
377 2099 408 2136 8,
437 2098 458 2128 4
484 2106 534 2138 sq.
585 2096 644 2138 32>
671 2092 758 2128 Gen.
786 2097 842 2137 25,
869 2098 899 2129 7.

201 2227 218 2256 1
246 2222 447 2256 uicensima
481 2222 660 2263 1‹'RAFe,-
685 2222 860 2257 vicesima
886 2222 944 2257 die
970 2234 989 2256 v
1014 2224 1026 2266 ΙΙ
1055 2227 1075 2257 6
1101 2223 1274 2258 vicesima
1300 2223 1358 2259 die
1383 2234 1404 2258 v
1429 2224 1441 2268 Η

109 2275 149 2304 13
171 2269 365 2314 quatriduo
380 2281 399 2304 v
418 2272 430 2313 ΙΙ
449 2273 492 2303 32
514 2269 749 2313 septuaginta
768 2280 856 2311 mss‚·
877 2270 967 2314 sept.
989 2269 1149 2314 quinque
1170 2281 1189 2304 v
1208 2272 1220 2314 ΙΙ
1238 2274 1284 2304 24
1304 2270 1391 2305 solis
1405 2270 1440 2304 R
