1611 2465
123 111 208 151 552
652 117 677 143 5.
697 116 914 144 Aneusmm

125 210 265 260 spicari
298 207 441 259 solent,
483 219 560 245 non
592 211 681 257 post
712 206 910 244 iudicium.
974 206 1057 252 Qua
1089 208 1270 258 opinione
1303 207 1459 257 quidam

125 279 214 306 cum
246 266 395 305 videret
420 265 598 303 homines
630 266 887 315 inpunitatem
921 264 994 303 sibi
1025 266 1318 316 perversissime
1350 265 1458 316 polli-

125 331 275 376 centes,
315 337 359 363 eo
403 323 505 374 quod
538 335 673 362 omnes
704 324 778 362 isto
812 323 924 361 modo
958 323 1003 361 ad
1035 322 1305 362 liberationem
1341 324 1459 375 perti—

124 396 218 423 nere
244 394 359 435 posse
385 381 601 434 videantur,
634 381 918 432 elegantissiine
944 382 1193 432 respondisse
1219 381 1461 434 perhibetur,

79 454 97 483 5
124 442 222 481 bene
255 443 385 492 potius
417 453 503 479 esse
536 439 754 493 vivendum,
785 446 829 479 ut
858 442 962 479 inter
994 453 1061 479 eos
1093 442 1258 491 quisque
1291 442 1460 492 reperia-

126 506 201 553 tur,
230 501 296 551 qui
320 512 392 551 pro
413 499 497 538 aliis
522 500 778 538 intercessuri
805 504 896 537 sunt
921 498 1143 551 liberandis,
1170 511 1217 537 ne
1244 505 1322 537 tam
1348 499 1461 550 pauci

127 561 215 611 sint,
247 564 291 597 ut
323 559 399 597 cito
427 558 472 596 ad
506 569 715 596 numerum
747 569 862 596 suum
894 557 953 596 vel
985 559 1181 597 tricenum
1213 557 1273 596 vel
1305 569 1460 608 sexage-

126 629 219 656 num
258 616 318 655 vel
356 622 565 655 centenum
606 628 843 667 unoquoque
887 628 1024 655 eorum
1061 617 1313 667 perveniente
1352 615 1463 654 multi

125 681 367 727 remaneant,
407 677 473 726 qui
511 676 596 714 erui
633 676 708 713 iam
748 674 794 712 de
827 676 963 726 poenis
994 674 1150 714 illorum
1182 675 1463 713 intercessione

59 746 99 776 10
127 747 204 773 non
232 735 383 785 possint
409 739 448 772 et
473 735 512 772 in
539 735 595 772 eis
621 734 841 772 inveniatur
873 734 1049 784 quisquis
1076 732 1150 771 sihi
1176 745 1285 783 spem
1311 733 1463 771 fructus

127 793 241 831 alieni
279 793 499 831 temeritate
539 793 745 830 vanissima
782 791 1000 842 pollicetur.
1062 791 1166 830 Haec
1204 803 1264 829 me
1296 790 1370 829 illis
1403 802 1462 829 re-

126 851 330 903 spondisse
370 851 586 902 suffecerit,
629 852 695 901 qui
728 862 926 889 sacrarum
958 850 1194 902 litterarum,
1233 861 1327 900 quas
1360 861 1463 887 com-

127 922 264 948 munes
290 908 491 961 habemus,
524 910 796 948 auctoritatem
821 920 899 947 non
933 914 1136 960 spernunt,
1169 907 1236 947 sed
1270 919 1334 946 eas
1367 907 1464 945 male

126 968 385 1019 intellegendo
413 979 491 1006 non
518 967 621 1018 quod
653 967 738 1005 illae
771 966 996 1019 loquuntur,
1028 967 1095 1005 sed
1127 966 1201 1005 hoc
1232 967 1362 1017 potius
1393 978 1462 1016 pu-

60 1039 100 1068 15
130 1032 210 1065 tant
243 1027 419 1065 futurum
453 1038 537 1064 esse
571 1025 673 1076 quod
712 1027 786 1076 ipsi
820 1025 968 1065 volunt.
1030 1018 1110 1063 Hac
1142 1027 1271 1075 itaque
1304 1036 1464 1075 respon-

129 1087 236 1123 sione
269 1084 420 1123 reddita
452 1083 612 1131 librum,
646 1085 747 1122 sieut
779 1085 1048 1135 promisimus,
1081 1084 1346 1122 terminamus.

570 1372 814 1413 LIBER
852 1371 1019 1413 XXII.

59 1563 102 1594 20
691 1546 842 1589 CAPUT
877 1547 907 1588 Ι.

354 1633 413 1671 De
445 1634 672 1671 conditione
704 1634 938 1680 camelorum
970 1636 1007 1670 et
1038 1633 1248 1670 hominum.

251 1715 361 1753 Sicut
404 1716 443 1753 in
484 1715 661 1765 proximo
704 1713 801 1751 libro
843 1715 1046 1764 superiore
1084 1714 1357 1765 promisimus,
1395 1715 1469 1751 iste

131 1775 248 1813 huius
281 1775 401 1812 totius
433 1773 563 1823 operis
596 1771 757 1810 ultimus
790 1772 1091 1822 disputationem
1124 1771 1170 1809 de
1204 1773 1368 1810 civitatis
1401 1771 1469 1809 Dei

133 1839 290 1871 aeterna
329 1830 569 1869 beatitudine
609 1829 841 1882 continebit,
880 1842 977 1880 quae
1017 1842 1095 1867 non
1133 1835 1294 1880 propter
1334 1831 1470 1868 aetatis

64 1900 105 1930 ⁴25
134 1903 202 1941 per
256 1889 376 1928 multa
430 1888 583 1927 saecula
633 1888 914 1938 longitudinem
966 1893 1093 1926 tamen
1146 1887 1469 1938 quandocumque

133 1949 340 1987 finiendam
367 1947 607 1986 aeternitatis
635 1958 774 1984 nomen
802 1947 962 1997 accepit,
997 1946 1062 1983 sed
1091 1957 1207 1996 quem
1233 1946 1278 1984 ad
1314 1946 1470 1984 modum

135 2009 324 2057 scriptum
358 2012 417 2043 est
448 2007 487 2043 in
521 2004 736 2055 evangelio,
769 2006 888 2052 reym'
919 2006 1004 2042 εἰπε
1036 2015 1114 2042 non
1146 2006 1226 2042 erit
1251 2006 1368 2051 finis;
1399 2016 1471 2042 nee

133 2066 184 2103 ita
230 2070 271 2103 ut
317 2064 399 2102 aliis
445 2063 647 2102 moriendo
692 2061 993 2113 decedentibus,
1043 2061 1126 2099 aliis
1170 2061 1471 2101 suceedentibus

134 2123 294 2160 oriendo
336 2123 486 2172 speeies
519 2123 557 2159 in
591 2132 635 2158 ea
667 2121 939 2171 perpetuitatis
973 2126 1171 2171 appareat,
1210 2122 1311 2158 sicut
1342 2122 1382 2158 in
1413 2132 1470 2158 ar-

64 2191 107 2220 30
134 2180 249 2232 bore,
282 2193 379 2230 quae
413 2181 576 2230 perenni
609 2178 745 2216 fronde
778 2180 960 2229 vestitur,
994 2178 1128 2216 eadem
1159 2177 1312 2216 videtur
1343 2177 1471 2216 viridi-

229 2283 286 2322 27)
313 2281 373 2314 Lo.
404 2284 434 2321 1,
461 2284 515 2315 33.
