1548 2562
440 120 493 145 DE
514 119 702 145 orvrrA'rE
720 120 791 145 DEI
810 120 844 145 L.
865 120 946 145 XXI.
968 120 996 145 c.
1017 120 1059 145 24.
1327 111 1409 152 531

80 211 192 261 tutis3
231 221 302 247 nec
341 213 469 247 tamen
508 220 578 259 pro
621 208 800 246 omnibus
834 208 1048 246 exauditur.
1109 208 1186 246 Pro
1218 209 1278 247 his
1310 211 1413 247 enim

82 267 174 306 solis
211 267 434 317 exauditur,
479 267 563 318 qui,
602 268 675 304 etsi
713 267 964 311 adversantur
997 266 1201 318 ecclesiae,
1239 269 1291 305 ita
1324 273 1415 306 sunt

80 332 211 364 tamen
235 325 525 376 praedestinati,
556 329 600 363 ut
630 336 701 375 pro
735 326 789 362 eis
822 325 1050 363 exaudiatur
1081 325 1243 363 ecclesia
1277 330 1316 363 et
1347 325 1413 363 filii

82 384 301 422 efficiantur
345 383 542 421 ecclesiae.
617 382 658 420 Si
708 385 775 433 qui
818 389 946 422 autem
990 395 1114 433 usque
1159 384 1202 421 ad
1249 389 1414 421 mortem

81 441 279 480 habebunt
306 453 371 479 cor
398 442 656 491 impaenitens
681 453 753 479 nec
786 453 832 479 ex
864 442 1032 479 inimicis
1064 447 1342 480 convertentur
1373 443 1413 479 in

80 500 192 550 filios,
224 499 412 550 numquid
439 500 514 536 iam
540 510 611 549 pro
638 500 706 550 eis,
731 499 770 536 id
798 505 856 538 est
881 512 952 550 pro
979 499 1113 537 talium
1139 500 1412 538 defunctorum

82 557 296 609 spiritibus,
328 562 412 595 orat
438 554 634 595 ecclesia?
683 556 784 602 Quid
810 559 873 609 ita,
906 559 980 595 nisi
1012 559 1100 608 quia
1127 560 1166 596 in
1198 564 1307 608 parte
1338 559 1413 596 iani

82 616 223 655 diaboli
263 620 531 666 computatur,
571 616 637 664 qui
677 627 765 653 cum
805 621 908 654 esset
950 617 989 654 in
1035 628 1198 666 corpore
1240 628 1318 654 non
1357 622 1415 654 est

81 674 291 713 translatus
323 673 369 711 ad
401 671 629 711 ChrIStum‘?

198 731 342 770 Eadem
380 733 510 781 itaque
549 742 664 769 causa
703 737 780 783 est?
821 744 891 770 cur
928 744 1005 770 non
1044 738 1179 770 oretur
1217 737 1310 770 tunc
1342 744 1413 783 pro

83 789 304 829 hominibus
335 795 494 828 aeterno
524 791 611 839 igne
643 790 864 841 puniendis,
895 802 992 840 quae
1026 802 1140 828 causa
1173 796 1242 841 est,
1274 796 1318 829 ut
1349 803 1413 828 ne-

82 861 157 899 que
189 860 295 887 nunc
326 860 453 898 neque
486 853 579 886 tunc
612 854 747 886 oretur
777 860 848 899 pro
881 848 1027 899 angelis
1061 848 1185 900 malis3
1225 861 1321 899 quae
1354 850 1414 887 iti—

82 907 170 945 dem
212 918 327 945 causa
365 911 445 957 est,
482 911 546 957 ut,
585 908 758 955 quamvis
795 918 866 956 pro
899 906 1141 957 hominibus,
1179 913 1308 945 tamen
1340 908 1415 944 iam

83 977 155 1003 nec
182 977 285 1002 nunc
312 970 447 1002 oretur
472 976 542 1014 pro
572 964 794 1002 infidelibus
826 966 1031 1014 impiisque
1065 965 1269 1003 defunctis.
1319 964 1414 1002 Nam

81 1035 153 1074 pro
185 1023 380 1061 defunctis
413 1022 645 1072 quibusdam
676 1022 734 1060 vel
766 1023 888 1073 ipsius
921 1022 1107 1061 ecclesiae
1139 1023 1197 1060 vel
1231 1035 1413 1072 quorum-

85 1082 172 1119 dam
208 1083 363 1132 piorum
403 1080 608 1118 exauditur
646 1082 792 1130 oratio,
837 1080 904 1118 sed
941 1093 1012 1131 pro
1051 1081 1128 1132 his,
1169 1093 1336 1131 quorum
1377 1083 1415 1119 in

84 1139 238 1178 Christo
279 1144 599 1189 regeneratorum
640 1150 712 1176 nec
753 1150 877 1188 usque
922 1139 1016 1177 adeo
1058 1141 1133 1177 vita
1170 1140 1210 1177 in
1251 1151 1415 1189 corpore

83 1197 180 1236 male
212 1202 321 1248 gesta
353 1202 429 1248 est,
466 1202 510 1234 ut
551 1196 616 1234 tali
650 1196 914 1234 misericordia
947 1197 1169 1235 iudicentur
1201 1197 1307 1247 digni
1338 1210 1416 1235 non

83 1267 191 1308 esse,
231 1267 303 1294 nec
340 1266 466 1305 usque
507 1254 602 1292 adeo
640 1254 757 1305 bene,
796 1260 839 1292 ut
869 1255 984 1293 talem
1018 1256 1324 1293 misericordiam
1357 1267 1415 1293 re-

82 1315 285 1365 periantur
322 1314 583 1351 necessariam
620 1325 698 1350 non
736 1312 899 1364 habere3
938 1314 1039 1351 sicut
1077 1315 1192 1351 etiam
1224 1314 1324 1351 facta
1356 1325 1415 1352 re-

83 1373 327 1410 surrectione
360 1376 603 1408 mortuorum
636 1382 714 1408 non
747 1370 929 1422 deerunt,
968 1370 1110 1421 quihus
1141 1376 1230 1422 post
1260 1383 1415 1423 poenas,

83 1441 180 1480 quas
212 1431 413 1480 patiuntur
446 1430 606 1479 spiritus
639 1434 901 1480 mortuorum,
932 1431 1164 1479 inpertiatur
1196 1431 1415 1467 misericor-

85 1488 163 1540 dia,
201 1493 245 1526 ut
280 1489 320 1525 in
357 1489 487 1537 ignem
527 1498 605 1524 non
636 1488 840 1525 mittantur
872 1493 1085 1526 aeternum.
1147 1487 1281 1538 Neque
1315 1489 1417 1526 enim

84 1546 130 1584 de
163 1545 395 1597 quibusdam
432 1547 622 1583 veraciter
654 1544 870 1597 diceretur,
911 1546 1013 1595 quod
1048 1558 1124 1583 non
1157 1547 1213 1584 eiS
1246 1547 1416 1584 remitta-

83 1609 148 1642 tur
188 1616 314 1655 neque
355 1605 396 1641 in
436 1603 510 1641 hoc
548 1603 701 1641 saeculo
741 1615 867 1653 neque
904 1605 944 1641 in
983 1604 1136 1655 futuro,
1180 1605 1255 1642 nisi
1287 1610 1419 1642 essent

85 1662 240 1713 quibus,
273 1663 346 1700 etsi
371 1673 449 1699 non
480 1663 519 1699 in
552 1663 639 1713 isto,
670 1667 799 1699 tamen
831 1663 1043 1699 remittitur
1074 1663 1112 1699 in
1146 1662 1289 1700 sutur0.
1341 1662 1417 1700 Sed

85 1732 172 1758 cum
215 1720 361 1758 (lictum
403 1720 522 1758 suerit
559 1732 579 1757 a
616 1719 743 1757 iudice
782 1720 956 1758 vivorum
996 1725 1111 1770 atque
1153 1726 1417 1759 mortuorum:

93 1778 251 1825 Venite,
296 1779 496 1816 benedicti
531 1780 665 1826 patris
708 1780 804 1824 mei,
843 1780 1042 1827 possidete
1077 1783 1270 1827 paratum
1311 1780 1418 1817 vobis

85 1848 252 1884 regnum
284 1848 309 1874 α
341 1838 622 1874 constitutione
653 1838 805 1883 mundi,
845 1842 883 1874 et
915 1836 998 1874 aliis
1031 1848 1050 1874 e
1084 1838 1297 1874 contrario:
1329 1837 1416 1875 Bis-

84 1896 213 1933 cede'te
244 1906 269 1933 a
301 1905 377 1941 me,
409 1896 628 1941 maledicti,
661 1897 701 1932 in
734 1896 863 1942 {quem
896 1898 1119 1942 aeternum,
1151 1897 1221 1942 qui
1246 1900 1419 1943 paratus

85 1958 144 1992 est
180 1954 337 1992 diabolo
375 1958 414 1990 et
451 1955 604 2000 anqele's
643 1955 744 1999 eius,
784 1957 822 1990 et
859 1954 976 1990 ierint
1015 1955 1081 1990 isti
1110 1955 1151 1991 in
1181 1955 1419 2001 supplicium

85 2016 309 2059 aeternum„
349 2013 444 2049 iusti
480 2015 611 2049 autem
649 2013 690 2049 in
722 2013 840 2048 vitam
872 2015 1097 2049 aeternam:
1136 2011 1276 2048 nimiae
1309 2023 1418 2061 prae-

179 2101 237 2143 25)
263 2100 327 2134 Mt.
358 2104 411 2142 12,
438 2103 492 2133 32.
543 2103 601 2143 32)
626 2099 678 2133 lb.
706 2103 762 2141 25,
788 2103 849 2141 343
876 2103 937 2141 413
964 2103 1018 2133 46.

181 2230 201 2260 8
228 2237 310 2260 cum
335 2237 420 2267 mss;
450 2227 537 2261 dum
562 2238 581 2261 v
601 2229 612 2270 [Ι
632 2231 676 2261 26
702 2226 740 2260 in
764 2226 835 2260 isto
856 2226 960 2271 Ryv;
986 2227 1027 2260 in
1052 2237 1116 2261 om.
1138 2226 1286 2262 AParr.
1313 2227 1387 2263 rell.
1409 2227 1418 2273 Η

88 2274 293 2308 remittetur
317 2284 336 2307 v
356 2275 368 2318 Η
388 2278 429 2308 31
456 2273 568 2308 ierint
591 2273 626 2308 R
651 2276 708 2315 (ut
731 2284 845 2316 supra
870 2273 1037 2317 fuerint);
1062 2273 1168 2307 ibunt
1192 2275 1249 2307 Av

1068 2331 1135 2364 34*

1442 739 1484 770 10

1443 1028 1485 1059 15

1444 1320 1487 1350 20

1444 1611 1487 1642 25

1445 1902 1488 1933 30
