1548 2562
319 147 369 172 DE
389 146 574 172 CIVITATE
595 147 663 171 DEI
682 147 714 171 L.
734 147 798 172 xv.
817 146 848 173 c.
867 147 909 172 22.
929 148 971 172 23.
1230 137 1310 178 107

0 233 135 271 leserta
179 238 218 272 et
255 246 392 272 aurum
431 241 581 273 amatur
619 235 664 273 ab
706 237 846 286 avaris,
885 234 990 273 nullo
1022 237 1182 286 peccato
1216 237 1312 287 auri,

4 291 50 329 ed
91 291 270 330 hominis.
330 291 386 330 Ita
425 304 465 330 se
504 292 618 330 habet
657 294 781 331 omnis
820 299 1009 331 creatura.
1073 292 1169 331 Cum
1207 290 1325 331 enirn*

0 362 81 387 uona
114 351 174 400 sit,
207 356 245 388 et
277 349 375 387 bene
409 352 529 388 amari
561 356 690 400 potest
721 356 760 389 et
791 351 906 389 male:
938 350 1036 389 hene
1070 351 1218 389 scilicet
1249 363 1310 388 or-

0 409 68 445 {ine
107 407 318 458 custodito,
357 408 454 446 male
494 408 629 446 ordine
668 408 907 459 perturbato.
970 409 1081 454 Quod
1118 410 1157 447 in
1198 409 1310 447 laude

0 465 143 515 [uadam
170 465 281 504 Cerei
312 465 483 504 breviter
515 466 692 504 versibus
725 467 820 505 dixi:
1337 474 1357 504 5

38 548 146 585 Haec
177 550 248 585 tua
279 551 380 594 sunt,
413 548 516 585 bona
548 550 658 596 sunt,
690 549 782 596 quia
806 551 856 586 'tu
890 550 1015 587 bonus
1047 550 1126 587 ista
1157 550 1311 588 creasti.

36 606 105 643 Nil
135 608 314 644 nostrum
346 608 407 644 est
437 607 477 643 in
509 606 574 652 eis,
606 606 682 643 nisi
715 607 816 654 quod
847 620 1053 655 peccamus
1086 611 1263 646 amantes

38 663 184 702 Ordine
215 665 394 713 neglecto
427 676 497 712 pro
529 666 579 710 te,
613 664 716 712 quod
748 665 928 702 conditur
959 666 1030 703 abs
1061 668 1111 703 te.

0 746 140 782 {reator
178 750 307 782 autem
345 746 377 782 si
415 746 606 782 veraciter
636 750 806 796 ametur,
839 744 911 783 hoc
944 750 1004 783 est
1036 747 1068 783 si
1099 747 1200 797 ipse,
1233 744 1362 796 nonus?

2 802 79 840 liud
106 814 177 853 pro
204 802 267 840 illo
294 803 397 853 quod
430 814 507 840 non
540 808 599 840 est
629 804 724 854 ipse,
757 808 919 854 ametur,
952 803 1048 841 male
1082 806 1201 841 amari
1233 794 1318 842 nois
1336 797 1381 842 10

0 866 116 898 otest.
178 859 275 913 Nam
319 867 357 899 et
400 872 507 899 amor
545 862 627 912 ipse
672 861 847 899 ordinate
888 861 1074 899 amandus
1113 867 1189 913 est,
1234 874 1332 911 quw

0 931 76 956 ene
116 913 265 957 amatur
305 919 407 969 quod
449 919 655 956 amandum
687 924 765 970 est,
809 924 852 957 ut
891 920 941 957 sit
972 921 1011 957 in
1044 918 1155 957 nohis
1188 914 1330 958 virtusi

6 989 52 1015 ua
78 978 220 1015 vivitur
246 976 355 1015 bene.
418 976 527 1015 Unde
560 976 655 1015 mihi
686 977 850 1026 videtur,
883 977 985 1027 quod
1019 977 1190 1015 definitio
1224 977 1309 1016 hre—
1333 991 1337 1004 ’-

1 1036 33 1073 is
78 1040 117 1072 et
159 1046 248 1072 vera
293 1036 448 1073 virtutis
493 1034 587 1072 ordo
627 1040 686 1072 est
723 1036 883 1086 a1noris3
927 1040 1087 1085 propter
1127 1035 1229 1085 quod
1271 1037 1310 1074 in

0 1099 110 1132 aneto
150 1095 300 1131 cantico
341 1094 582 1131 canticorum
624 1098 752 1131 cantat
793 1105 933 1143 sponsa
972 1092 1136 1144 Christi,
1178 1095 1311 1132 civitas
1338 1101 1380 1132 15

0 1152 63 1189 lei:
111 1152 304 1190 ordinate
348 1153 387 1189 in
426 1163 485 1189 me
524 1153 745 1189 caritatem.
808 1151 933 1189 Huius
970 1153 1089 1201 igitur
1128 1153 1310 1203 caritatis,

6 1221 50 1247 oc
78 1215 136 1247 est
163 1209 381 1247 dilectionis
408 1215 447 1247 et
479 1211 633 1261 amoris,
665 1209 801 1246 ordine
834 1209 1063 1259 perturbato
1089 1209 1211 1247 Deum
1244 1210 1311 1248 filii

0 1269 46 1306 lei
93 1267 348 1317 neglexerunt
392 1273 431 1305 et
474 1267 569 1305 filias
613 1267 814 1305 hominum
857 1267 1088 1305 dilexerunt.
1160 1267 1310 1312 Quibus

5 1324 130 1363 uobus
156 1324 379 1363 nominibus
406 1326 498 1363 satis
526 1326 659 1363 civitas
685 1331 850 1375 utraque
879 1325 1125 1363 discernitur.
1176 1326 1310 1376 Neque

2 1385 80 1421 nim
119 1389 157 1421 et
197 1383 251 1421 illi
292 1395 369 1421 non
411 1388 521 1421 erant
560 1383 626 1421 filii
664 1383 865 1421 hominum
902 1395 973 1434 per
1005 1389 1203 1435 naturam;
1242 1384 1310 1422 sed
1337 1392 1381 1423 20

1 1441 80 1479 liud
114 1453 254 1480 nomen
296 1447 505 1491 coeperant
536 1440 679 1479 habere
712 1453 783 1491 per
815 1443 988 1491 gratiam.
1050 1441 1146 1480 Nam
1178 1444 1218 1480 in
1250 1454 1310 1480 ea-

4 1511 65 1537 em
92 1501 296 1550 scriptura,
327 1499 394 1537 ubi
427 1499 521 1537 dicti
547 1505 639 1537 sunt
671 1499 850 1537 dilexisse
884 1500 980 1537 filias
1012 1499 1213 1538 hominum
1245 1500 1312 1538 filii

0 1559 63 1605 lei,
106 1558 208 1595 idem
246 1557 339 1595 dicti
372 1563 463 1596 sunt
494 1559 609 1595 etiam
642 1557 767 1607 angeli
800 1556 879 1595 Dei.
942 1557 1052 1595 Unde
1084 1558 1170 1596 illos
1202 1558 1312 1596 multi

0 1621 116 1654 ›utant
147 1627 225 1654 non
257 1615 434 1654 homines
467 1615 600 1666 fuisse,
633 1615 700 1652 sed
732 1614 900 1665 angelos.

476 1762 628 1805 CAPUT
659 1762 816 1804 XXIII.
1340 1774 1382 1806 25

1 1849 63 1886 An
95 1849 339 1886 credendum
369 1849 421 1885 sit
452 1849 614 1895 anqelos
645 1848 892 1886 substantiae
921 1848 1116 1896 spiritalis
1147 1858 1283 1886 amore

36 1908 308 1955 speciosarum
339 1908 548 1944 mulierum
581 1910 718 1954 captos
750 1906 969 1944 earundem
1001 1907 1122 1943 inisse
1152 1917 1245 1944 con-

212 1966 335 2012 iuqz'a,
367 1975 418 2002 ea:
449 1965 590 2012 quibus
618 1966 803 2012 {liquantes
833 1965 912 2002 sint
943 1965 1082 2001 creali.

97 2046 220 2091 Quam
263 2046 531 2096 quaestionem
567 2056 638 2083 nos
679 2049 930 2083 transeunter
971 2050 1311 2083 commemoratam

0 2117 19 2142 n
51 2105 167 2143 tertio
198 2103 315 2142 huius
353 2104 482 2154 operis
520 2102 619 2141 libro
651 2102 882 2153 reliquimus
913 2101 1138 2150 insolutam,
1177 2108 1311 2141 utrum
1337 2111 1381 2143 30

76 2196 129 2236 16)
157 2192 258 2228 Cant.
284 2196 316 2236 2,
342 2195 374 2226 4.
426 2193 483 2235 30)
510 2191 547 2226 C.
575 2195 607 2228 5.

73 2302 115 2332 21
143 2297 341 2342 coeperunt
364 2295 400 2330 R
