1611 2465
106 676 148 706 10

108 1099 149 1129 15

108 1415 151 1446 20

107 1707 150 1738 25

108 2000 152 2030 30

175 42 260 83 436
720 51 746 76 s.
767 51 984 78 Accusnm

174 142 292 191 ignis,
325 142 391 191 qui
425 140 603 179 comedet
635 153 719 191 eos,
751 146 789 179 et
821 140 893 178 hoc
927 153 952 179 α
984 142 1085 189 Deo,
1124 143 1214 193 quia
1247 142 1316 181 Dei
1348 155 1511 183 munere

174 199 458 250 insuperabiles
485 199 582 237 fiunt
609 200 744 251 sancti,
776 199 878 237 unde.
907 201 1182 239 excruciantur
1208 202 1367 239 inimici.
1430 201 1511 241 Sic·

173 264 218 296 ut
249 260 353 296 enim
384 260 422 296 in
455 257 556 295 bono
588 259 760 308 positum
791 264 867 296 est:
901 258 1016 297 Zelzcs
1049 261 1186 298 domus
1218 265 1311 299 tuae
1343 263 1513 300 comedit

175 328 254 355 me:
294 318 345 354 ita
378 330 398 354 e
431 317 646 354 contrario:
685 317 801 355 Zelus
833 320 1045 366 occupavit
1071 319 1223 366 plebem
1257 321 1512 367 ineruditam,

176 381 214 414 et
243 387 350 413 nunc
384 377 487 423 iqnis
527 378 754 414 contrarios
786 377 972 414 comedet.
1036 377 1089 415 Et
1119 389 1226 416 nunc
1259 379 1415 429 utique,
1448 390 1511 416 ex-

176 439 288 484 cepto
311 433 459 471 scilicet
479 433 605 472 ultimi
631 433 734 472 illius
760 435 848 484 igne
875 434 1019 473 iudicii.
1081 435 1157 473 Aut
1183 437 1215 474 si
1241 448 1325 474 eam
1351 436 1512 487 plagam,

176 504 251 542 qua
283 491 530 542 percutiendi
568 498 659 531 sunt
701 492 885 531 ecclesiae
918 499 1194 544 persecutores
1227 496 1405 533 veniente
1438 497 1513 534 iam

176 550 349 602 Christo,
382 563 480 601 quos
512 552 685 589 viventes
716 552 888 589 inveniet
920 564 1038 603 super
1070 558 1239 605 terram,
1270 554 1423 604 quando
1456 556 1513 593 in-

175 610 343 647 terficiet
382 609 666 648 Antichristum
710 611 850 660 spiritu
896 612 974 648 oris
1016 613 1096 662 sui,
1140 613 1269 662 ignem
1309 612 1514 663 appellavit

176 667 479 706 descendentem
517 668 564 706 de
609 667 715 706 caelo
757 681 903 719 eosque
942 669 1228 709 comedentem:
1274 683 1402 721 neque
1440 671 1513 710 hoc

176 726 356 764 ultimum
395 726 630 778 supplicium
667 728 742 766 erit
778 728 1005 779 impiorum,
1050 728 1118 766 sed
1149 728 1244 767 illud
1276 729 1380 780 quod
1414 730 1514 768 facta

176 797 387 836 corporum
418 787 710 824 resurrectione
743 787 898 837 passuri
931 792 1032 825 sunt.

697 946 852 990 CAPUT
884 947 1002 990 XIII.

176 1033 238 1070 An
269 1038 419 1081 tempus
447 1034 740 1080 persecutionis
771 1033 1012 1071 Ante'chre'stz‘
1041 1035 1145 1071 mille
1177 1036 1293 1072 annis
1325 1035 1513 1073 adnume-

712 1092 885 1129 randum
917 1093 977 1129 sit.

296 1171 398 1210 Haec
430 1173 651 1222 persecutio
685 1172 912 1223 novissima,
945 1184 1042 1222 quae
1075 1173 1206 1211 futura
1239 1179 1298 1212 est
1329 1173 1376 1212 ab
1408 1175 1514 1212 Anti-

179 1230 325 1268 christo
358 1225 481 1282 (sicut
512 1231 588 1268 iam
620 1230 799 1281 diximus,
832 1232 921 1280 quia
954 1236 993 1268 et
1024 1232 1063 1269 in
1095 1231 1169 1269 hoc
1201 1231 1300 1269 libro
1333 1234 1514 1283 superius

178 1294 217 1327 et
255 1288 356 1340 apud
393 1288 592 1326 Danielem
629 1288 858 1339 prophetam
896 1290 1067 1339 positum
1099 1285 1201 1342 est),
1245 1289 1372 1329 tribus
1404 1292 1515 1330 annis

179 1353 217 1386 et
257 1359 324 1386 sex
366 1346 566 1385 mensibus
607 1348 692 1385 erit.
755 1346 865 1392 Quod
899 1353 1071 1399 tempus,
1113 1350 1287 1399 quamvis
1320 1351 1516 1402 exiguum,

178 1412 311 1445 utrum
344 1405 389 1443 ad
423 1405 525 1443 mille
559 1417 681 1443 annos
713 1407 919 1457 pertineat,
952 1405 1094 1456 quibus
1126 1412 1166 1445 et
1197 1406 1392 1446 diabolum
1424 1408 1514 1458 liga-

178 1470 260 1503 tum
293 1464 386 1502 dicit
417 1470 456 1502 et
488 1469 642 1502 sanctos
674 1476 838 1515 regnare
871 1476 960 1502 cum
993 1464 1159 1517 Christo,
1191 1477 1238 1504 an
1271 1465 1418 1504 eisdem
1450 1478 1514 1505 an-

177 1524 237 1561 nis
282 1522 355 1560 hoc
398 1534 561 1573 parvum
606 1524 773 1574 spatium
816 1523 1100 1573 superaddatur
1144 1530 1259 1575 atque
1301 1530 1410 1563 extra
1454 1526 1516 1577 sit,

177 1583 317 1620 merito
362 1580 588 1633 ambigitur3
633 1583 742 1632 quia,
787 1583 819 1620 si
860 1581 1072 1620 dixerimus
1111 1582 1157 1621 ad
1196 1582 1355 1621 eosdem
1393 1595 1515 1622 annos

178 1640 252 1678 hoc
295 1641 514 1692 pertinere,
559 1652 636 1678 non
680 1645 787 1678 tanto
832 1646 1026 1693 tempore,
1070 1641 1138 1680 sed
1176 1641 1386 1692 prolixiore
1425 1654 1515 1681 cum

179 1698 332 1737 Christo
365 1710 529 1748 regnum
570 1704 793 1737 sanctorum
826 1700 1047 1750 reperietur
1090 1700 1246 1738 extendi
1291 1712 1406 1751 quam
1438 1701 1515 1739 dia-

176 1756 290 1796 bolus
322 1756 480 1807 alligari.
542 1756 723 1795 Profecto
756 1758 859 1796 enim
892 1759 1016 1796 sancti
1048 1770 1137 1797 cum
1170 1771 1240 1797 suo
1273 1771 1364 1809 rege
1398 1761 1515 1798 etiam

177 1817 217 1854 in
258 1817 340 1866 ipsa
371 1817 585 1866 praecipue
613 1817 885 1866 persecutione
918 1816 1138 1867 regnabunt
1168 1817 1267 1856 mala
1297 1822 1404 1856 tanta
1435 1818 1515 1856 vin-

178 1879 333 1925 centes,
377 1873 531 1924 quando
573 1873 750 1912 diabolus
790 1875 866 1912 iam
903 1886 982 1912 non
1020 1876 1094 1913 erit
1132 1874 1330 1927 alligatus,
1373 1881 1418 1914 ut
1448 1888 1516 1915 eos

177 1934 363 1983 persequi
403 1932 584 1970 omnibus
629 1931 777 1970 viribus
820 1933 953 1983 possit.
1023 1932 1108 1978 Quo
1151 1933 1264 1971 modo
1307 1946 1399 1985 ergo
1441 1936 1516 1973 ista

178 1992 373 2041 scriptura
399 1990 548 2029 eisdem
574 1990 677 2029 mille
709 1992 820 2028 annis
852 1996 1064 2041 utrumque
1098 1992 1343 2043 determinat,
1375 1992 1517 2031 diaboli

178 2049 327 2087 scilicet
372 2048 632 2100 alligationem
676 2061 920 2099 regnumque
964 2055 1215 2103 sanctorum,
1265 2063 1354 2089 cum
1397 2052 1518 2090 trium

274 2175 308 2215 4)
340 2173 396 2207 Ps.
431 2176 492 2215 68,
526 2176 580 2209 10.
632 2175 665 2215 5)
698 2172 794 2207 Esai.
828 2177 890 2217 26,
925 2178 978 2208 11.
1029 2175 1063 2218 9)
1091 2177 1122 2208 2.
1150 2174 1276 2209 Thess.
1303 2178 1342 2217 2,
1375 2178 1407 2210 8.
1460 2176 1517 2219 17)

177 2224 257 2261 424,
285 2223 337 2254 27.
392 2220 448 2263 18)
476 2220 568 2254 Dan.
597 2223 649 2254 12.
