1548 2562
460 137 512 161 DE
532 136 720 161 CIVITATE
740 136 810 161 DEI
830 136 861 160 L.
882 135 965 160 XXI.
985 135 1014 160 c.
1035 137 1058 161 5.
1334 124 1418 164 497

90 225 310 265 dicentibus
336 224 448 263 nobis
474 224 611 263 nolunt
638 225 797 262 credere
825 224 1028 275 aliquando
1054 228 1273 261 venturum.
1325 223 1420 267 Quis

90 286 193 323 enim
226 295 361 322 eorum
393 283 504 321 nobis
536 282 733 334 crederet,
765 284 808 334 si,
841 294 956 333 quem
989 282 1034 320 ad
1066 281 1225 320 modum
1256 281 1420 319 dicimus

90 343 220 381 futura
251 342 452 380 hominum
484 342 566 379 viva
598 352 778 392 corpora,
820 353 917 391 quae
951 352 1105 391 semper
1137 350 1273 378 arsura
1305 344 1420 388 atque

90 401 257 439 dolitura
288 411 360 438 nec
392 405 520 438 tamen
552 398 755 449 aliquando
783 401 970 437 moritura
998 400 1085 449 sint,
1117 399 1171 436 ita
1201 397 1421 435 diceremus

89 461 128 497 in
160 459 293 497 futuro
321 457 475 496 saeculo
502 457 678 495 futurum
703 456 833 507 salem,
865 468 981 506 quem
1008 457 1154 494 faceret
1183 456 1284 505 ignis
1315 454 1421 493 velut

89 518 129 554 in
161 528 258 567 aqua
289 516 498 563 fluescere,
541 514 784 565 eundemque
817 515 963 553 faceret
994 526 1092 564 aqua
1124 514 1229 552 velut
1260 515 1299 551 in
1331 514 1419 563 igne

90 576 299 626 crepitare3
340 580 405 613 aut
441 574 617 612 futurum
658 573 822 621 fontem,
860 574 971 611 cuius
1010 584 1108 622 aqua
1145 573 1185 610 in
1216 572 1421 622 refrigerio

90 634 215 671 noctis
257 634 311 671 sic
353 632 504 683 ardeat,
548 637 592 670 ut
629 643 707 669 non
744 632 866 681 possit
898 632 1022 683 tangi,
1053 632 1092 668 in
1125 630 1296 668 aestibus
1328 641 1419 666 vero

90 691 166 729 diei
199 692 253 729 sic
285 690 426 743 algeat,
462 696 505 728 ut
536 702 614 727 non
645 691 769 739 possit
800 689 896 740 bibi3
938 695 1003 727 aut
1035 689 1211 727 futurum
1243 687 1421 738 lapidem,

90 749 149 787 vel
187 761 275 787 eum
314 750 379 799 qui
421 760 490 786 suo
530 747 656 786 calore
695 760 851 785 manum
890 748 1193 797 constringentis
1225 746 1421 796 adureret,

90 807 150 845 vel
182 819 271 845 eum
310 809 375 857 qui
414 806 687 856 undecumque
728 818 916 844 accensus
949 806 1123 855 extingui
1155 805 1312 842 omnino
1345 815 1422 841 non

90 871 242 917 posset,
275 871 313 904 et
345 870 476 903 cetera
508 877 605 915 quae
637 865 922 915 praetermissis
956 864 1038 901 aliis
1070 863 1287 901 innumeris
1320 873 1421 900 com-

91 923 339 962 memoranda
364 924 521 961 interim
548 920 667 960 duxi?
715 922 818 960 Haec
844 934 936 972 ergo
964 923 1003 959 in
1030 921 1094 959 illo
1121 920 1287 972 saeculo,
1320 919 1423 970 quod

93 984 268 1021 futurum
301 986 376 1033 est,
414 983 446 1019 si
483 981 705 1019 diceremus
737 982 867 1018 futura
906 979 1094 1029 nobisque
1134 978 1326 1017 increduli
1365 990 1422 1015 re-

91 1040 346 1091 sponderent:
387 1039 461 1091 „Si
499 1039 613 1077 vultis
651 1044 695 1076 ut
726 1050 770 1076 ea
803 1037 1024 1088 credamus,
1063 1037 1109 1075 de
1143 1036 1304 1087 singulis
1338 1035 1422 1073 red-

92 1099 170 1137 dite
214 1093 445 1137 rationem“:
489 1109 560 1135 nos
603 1108 681 1134 non
725 1108 840 1147 posse
885 1097 1185 1145 confiteremur,
1230 1106 1275 1132 eo
1320 1094 1423 1144 quod

91 1158 175 1195 istis
217 1161 255 1194 et
296 1155 486 1194 similibus
527 1154 596 1193 Dei
637 1156 745 1192 miris
786 1153 971 1204 operibus
1009 1154 1161 1191 infirma
1203 1152 1424 1191 mortalium

92 1216 334 1253 ratiocinatio
367 1215 608 1264 vinceretur3
647 1213 760 1250 fixam
792 1218 921 1250 tamen
954 1211 1054 1262 apud
1087 1223 1158 1249 nos
1191 1223 1275 1249 esse
1309 1211 1424 1248 ratio-

91 1285 192 1324 nem,
224 1284 302 1311 non
334 1273 417 1310 sine
443 1273 591 1309 ratione
619 1270 935 1321 Omnipotentem
967 1270 1107 1321 facere,
1139 1269 1241 1307 unde
1274 1270 1425 1306 animus

92 1332 284 1370 humanus
328 1330 505 1368 infirmus
550 1330 739 1367 rationem
783 1340 861 1366 non
904 1333 1033 1379 potest
1076 1326 1258 1378 reddere3
1303 1331 1341 1364 et
1384 1327 1424 1363 in

92 1389 224 1428 multis
251 1388 407 1439 quidem
434 1387 552 1425 rebus
583 1388 777 1425 incertum
810 1385 921 1424 nobis
954 1397 1039 1424 esse
1073 1385 1165 1435 quid
1198 1384 1298 1436 velit,
1331 1384 1425 1422 illud

93 1453 221 1486 tamen
255 1459 340 1484 esse
373 1447 656 1496 certissimum,
688 1444 783 1482 nihil
815 1456 951 1482 eorum
984 1444 1037 1482 illi
1070 1455 1155 1481 esse
1188 1442 1426 1493 inpossibile,

93 1517 362 1556 quaecumque
389 1504 574 1555 voluerit3
607 1504 720 1553 eique
747 1515 817 1540 nos
844 1502 1004 1540 credere
1030 1500 1283 1553 praedicenti,
1310 1512 1426 1551 quem

92 1575 220 1614 neque
257 1565 499 1613 inpotentem
545 1573 671 1612 neque
714 1562 966 1599 mentientem
1006 1572 1214 1611 possumus
1253 1559 1426 1597 credere.

92 1622 141 1660 Hi
177 1627 306 1660 tamen
344 1620 432 1658 fidei
470 1620 776 1671 reprehensores
813 1624 1091 1669 exactoresque
1130 1618 1291 1655 rationis
1334 1616 1426 1667 quid

94 1680 141 1719 ad
172 1681 245 1718 ista
276 1678 527 1730 respondent,
558 1678 605 1716 de
638 1677 779 1728 quibus
810 1679 907 1715 ratio
939 1676 1050 1715 reddi
1082 1676 1128 1714 ab
1160 1675 1316 1713 homine
1349 1686 1427 1713 non

93 1743 243 1790 potest,
287 1742 326 1775 et
362 1743 491 1775 tamen
529 1742 640 1788 sunt,
679 1741 718 1774 et
754 1736 828 1786 ipsi
866 1736 1006 1773 rationi
1044 1740 1204 1772 naturae
1246 1732 1427 1771 videntur

95 1808 181 1835 esse
213 1792 434 1834 contraria?
496 1794 602 1839 Quae
634 1795 667 1832 si
698 1794 828 1832 futura
860 1805 946 1831 esse
978 1792 1216 1843 diceremUS,
1249 1791 1427 1829 similiter

95 1866 115 1893 a
146 1853 280 1905 nobis,
317 1855 418 1891 sicut
456 1864 591 1891 eorum
629 1863 726 1902 quae
766 1852 895 1890 futura
933 1863 1018 1889 esse
1057 1850 1243 1901 dicimus,
1283 1849 1329 1887 ab
1370 1850 1426 1887 in-

94 1912 274 1951 fidelibus
314 1913 411 1949 ratio
449 1915 690 1961 posceretur.
751 1909 804 1947 Ac
840 1921 911 1960 per
948 1909 1043 1961 hoc,
1081 1920 1171 1947 cum
1207 1909 1246 1945 in
1285 1906 1427 1946 talibus

95 1970 280 2021 operibus
324 1969 392 2007 Dei
436 1969 589 2007 deficiat
632 1968 729 2006 ratio
774 1967 902 2006 cordis
946 1973 985 2005 et
1026 1967 1216 2005 sermonis
1258 1965 1428 2016 humani,

96 2030 198 2066 sicut
228 2029 301 2066 ista
333 2039 409 2065 non
434 2027 521 2065 ideo
548 2038 626 2064 non
658 2031 759 2077 sunt,
791 2026 847 2064 sic
880 2037 957 2063 non
988 2025 1075 2063 ideo
1109 2025 1224 2062 etiam
1256 2023 1319 2061 illa
1351 2035 1428 2061 non

96 2091 224 2137 erunt,
258 2086 439 2136 quoniam
477 2086 574 2123 ratio
613 2083 660 2122 de
697 2085 875 2134 utrisque
912 2082 958 2121 ab
997 2083 1151 2120 homine
1187 2092 1265 2119 non
1299 2085 1430 2131 potest

96 2143 218 2182 reddi

169 2360 244 2380 Auo.
264 2360 305 2379 m:
325 2360 387 2381 mv.
407 2360 470 2378 nm.
489 2353 531 2378 ΙΙ.
1104 2350 1146 2381 32

1450 753 1492 782 10

1452 1043 1493 1073 15

1453 1623 1496 1654 25

1454 1914 1498 1944 30
