<?xml version="1.0" encoding="UTF-8"?>
<!DOCTYPE html PUBLIC "-//W3C//DTD XHTML 1.0 Transitional//EN"
    "http://www.w3.org/TR/xhtml1/DTD/xhtml1-transitional.dtd">
<html xmlns="http://www.w3.org/1999/xhtml" xml:lang="en" lang="en">
 <head>
  <title>
</title>
<meta http-equiv="Content-Type" content="text/html;charset=utf-8" />
  <meta name='ocr-system' content='tesseract 3.04.00' />
  <meta name='ocr-capabilities' content='ocr_page ocr_carea ocr_par ocr_line ocrx_word'/>
</head>
<body>
  <div class='ocr_page' id='page_1' title='image "./sanctiaureliiaug02auguuoft_0171.png"; bbox 0 0 1548 2562; ppageno 0'>
   <div class='ocr_carea' id='block_1_1' title="bbox 399 133 1385 174">
    <p class='ocr_par' dir='ltr' id='par_1_1' title="bbox 399 133 1385 174">
     <span class='ocr_line' id='line_1_1' title="bbox 399 133 1385 174; baseline 0.001 -6"><span class='ocrx_word' id='word_1_1' title='bbox 399 144 450 168; x_wconf 78' lang='lat' dir='ltr'>DE</span> <span class='ocrx_word' id='word_1_2' title='bbox 470 143 658 169; x_wconf 79' lang='lat' dir='ltr'><strong>CIVITATE</strong></span> <span class='ocrx_word' id='word_1_3' title='bbox 678 144 747 167; x_wconf 84' lang='lat' dir='ltr'>DEI</span> <span class='ocrx_word' id='word_1_4' title='bbox 766 143 799 168; x_wconf 78' lang='lat' dir='ltr'>L.</span> <span class='ocrx_word' id='word_1_5' title='bbox 819 143 896 168; x_wconf 79' lang='lat' dir='ltr'>xvi.</span> <span class='ocrx_word' id='word_1_6' title='bbox 915 143 945 169; x_wconf 85' lang='lat' dir='ltr'>o.</span> <span class='ocrx_word' id='word_1_7' title='bbox 965 144 1008 169; x_wconf 82' lang='lat'>25.</span> <span class='ocrx_word' id='word_1_8' title='bbox 1304 133 1385 174; x_wconf 79' lang='lat'>165</span> 
     </span>
    </p>
   </div>
   <div class='ocr_carea' id='block_1_2' title="bbox 565 274 881 316">
    <p class='ocr_par' dir='ltr' id='par_1_2' title="bbox 565 274 881 316">
     <span class='ocr_line' id='line_1_2' title="bbox 565 274 881 316; baseline -0.003 0"><span class='ocrx_word' id='word_1_9' title='bbox 565 274 716 316; x_wconf 76' lang='lat' dir='ltr'><strong>CAPUT</strong></span> <span class='ocrx_word' id='word_1_10' title='bbox 748 274 881 315; x_wconf 89' lang='lat' dir='ltr'>XXV.</span> 
     </span>
    </p>
   </div>
   <div class='ocr_carea' id='block_1_3' title="bbox 75 358 1368 456">
    <p class='ocr_par' dir='ltr' id='par_1_3' title="bbox 75 358 1368 456">
     <span class='ocr_line' id='line_1_3' title="bbox 75 358 1368 407; baseline 0 -10"><span class='ocrx_word' id='word_1_11' title='bbox 75 360 134 398; x_wconf 83' lang='lat' dir='ltr'>De</span> <span class='ocrx_word' id='word_1_12' title='bbox 165 360 278 407; x_wconf 73' lang='lat' dir='ltr'>Aqar</span> <span class='ocrx_word' id='word_1_13' title='bbox 310 361 458 398; x_wconf 78' lang='lat' dir='ltr'>ancilla</span> <span class='ocrx_word' id='word_1_14' title='bbox 492 359 662 406; x_wconf 76' lang='lat' dir='ltr'>Sarrae,</span> <span class='ocrx_word' id='word_1_15' title='bbox 695 370 813 406; x_wconf 70' lang='lat' dir='ltr'>quam</span> <span class='ocrx_word' id='word_1_16' title='bbox 845 360 982 397; x_wconf 77' lang='lat' dir='ltr'>eadem</span> <span class='ocrx_word' id='word_1_17' title='bbox 1014 359 1146 397; x_wconf 80' lang='lat' dir='ltr'>Sarra</span> <span class='ocrx_word' id='word_1_18' title='bbox 1178 358 1368 397; x_wconf 77' lang='lat' dir='ltr'><em>Abrahae</em></span> 
     </span>
     <span class='ocr_line' id='line_1_4' title="bbox 454 419 991 456; baseline -0.002 -1"><span class='ocrx_word' id='word_1_19' title='bbox 454 419 573 455; x_wconf 74' lang='lat' dir='ltr'>voluit</span> <span class='ocrx_word' id='word_1_20' title='bbox 604 428 687 456; x_wconf 82' lang='lat' dir='ltr'>esse</span> <span class='ocrx_word' id='word_1_21' title='bbox 718 419 991 455; x_wconf 71' lang='lat' dir='ltr'>concubinam.</span> 
     </span>
    </p>
   </div>
   <div class='ocr_carea' id='block_1_4' title="bbox 52 497 1388 1943">
    <p class='ocr_par' dir='ltr' id='par_1_4' title="bbox 52 497 1388 1943">
     <span class='ocr_line' id='line_1_5' title="bbox 173 497 1384 549; baseline 0 -14"><span class='ocrx_word' id='word_1_22' title='bbox 173 497 251 536; x_wconf 88' lang='lat' dir='ltr'>Iam</span> <span class='ocrx_word' id='word_1_23' title='bbox 294 498 384 536; x_wconf 88' lang='lat' dir='ltr'>hinc</span> <span class='ocrx_word' id='word_1_24' title='bbox 429 503 602 548; x_wconf 84' lang='lat' dir='ltr'>tempora</span> <span class='ocrx_word' id='word_1_25' title='bbox 647 504 942 548; x_wconf 85' lang='lat' dir='ltr'>consequuntur</span> <span class='ocrx_word' id='word_1_26' title='bbox 986 497 1153 536; x_wconf 89' lang='lat' dir='ltr'>filiorum</span> <span class='ocrx_word' id='word_1_27' title='bbox 1199 497 1384 549; x_wconf 80' lang='lat' dir='ltr'><strong>Abrahae,</strong></span> 
     </span>
     <span class='ocr_line' id='line_1_6' title="bbox 56 555 1384 607; baseline -0.001 -12"><span class='ocrx_word' id='word_1_28' title='bbox 56 558 172 595; x_wconf 89' lang='lat' dir='ltr'>unius</span> <span class='ocrx_word' id='word_1_29' title='bbox 204 557 250 594; x_wconf 88' lang='lat' dir='ltr'>de</span> <span class='ocrx_word' id='word_1_30' title='bbox 283 556 383 606; x_wconf 83' lang='lat' dir='ltr'>Agar</span> <span class='ocrx_word' id='word_1_31' title='bbox 416 555 563 606; x_wconf 82' lang='lat' dir='ltr'>ancilla,</span> <span class='ocrx_word' id='word_1_32' title='bbox 596 555 755 594; x_wconf 87' lang='lat' dir='ltr'>alterius</span> <span class='ocrx_word' id='word_1_33' title='bbox 788 555 834 594; x_wconf 90' lang='lat' dir='ltr'>de</span> <span class='ocrx_word' id='word_1_34' title='bbox 863 555 977 593; x_wconf 85' lang='lat' dir='ltr'>Sarra</span> <span class='ocrx_word' id='word_1_35' title='bbox 1004 556 1136 607; x_wconf 86' lang='lat' dir='ltr'>libera,</span> <span class='ocrx_word' id='word_1_36' title='bbox 1168 556 1214 594; x_wconf 88' lang='lat' dir='ltr'>de</span> <span class='ocrx_word' id='word_1_37' title='bbox 1243 555 1384 606; x_wconf 87' lang='lat' dir='ltr'>quibus</span> 
     </span>
     <span class='ocr_line' id='line_1_7' title="bbox 56 613 1384 665; baseline -0.001 -13"><span class='ocrx_word' id='word_1_38' title='bbox 56 617 95 652; x_wconf 92' lang='lat' dir='ltr'>in</span> <span class='ocrx_word' id='word_1_39' title='bbox 132 614 230 652; x_wconf 91' lang='lat' dir='ltr'>libro</span> <span class='ocrx_word' id='word_1_40' title='bbox 264 616 466 665; x_wconf 71' lang='lat' dir='ltr'>superiore</span> <span class='ocrx_word' id='word_1_41' title='bbox 505 615 580 652; x_wconf 87' lang='lat' dir='ltr'>iam</span> <span class='ocrx_word' id='word_1_42' title='bbox 613 613 791 652; x_wconf 84' lang='lat' dir='ltr'>diximus.</span> <span class='ocrx_word' id='word_1_43' title='bbox 854 613 965 658; x_wconf 87' lang='lat' dir='ltr'>Quod</span> <span class='ocrx_word' id='word_1_44' title='bbox 999 619 1128 652; x_wconf 89' lang='lat' dir='ltr'>autem</span> <span class='ocrx_word' id='word_1_45' title='bbox 1160 614 1306 652; x_wconf 86' lang='lat' dir='ltr'>adtinet</span> <span class='ocrx_word' id='word_1_46' title='bbox 1338 614 1384 652; x_wconf 91' lang='lat' dir='ltr'>ad</span> 
     </span>
     <span class='ocr_line' id='line_1_8' title="bbox 56 671 1383 724; baseline 0 -14"><span class='ocrx_word' id='word_1_47' title='bbox 56 684 139 711; x_wconf 89' lang='lat' dir='ltr'>rem</span> <span class='ocrx_word' id='word_1_48' title='bbox 170 678 328 724; x_wconf 87' lang='lat' dir='ltr'>gestam,</span> <span class='ocrx_word' id='word_1_49' title='bbox 361 671 464 710; x_wconf 90' lang='lat' dir='ltr'>nullo</span> <span class='ocrx_word' id='word_1_50' title='bbox 498 671 611 710; x_wconf 91' lang='lat' dir='ltr'>modo</span> <span class='ocrx_word' id='word_1_51' title='bbox 645 678 703 710; x_wconf 87' lang='lat' dir='ltr'>est</span> <span class='ocrx_word' id='word_1_52' title='bbox 734 671 968 710; x_wconf 89' lang='lat' dir='ltr'>inurendum</span> <span class='ocrx_word' id='word_1_53' title='bbox 996 672 1042 709; x_wconf 92' lang='lat' dir='ltr'>de</span> <span class='ocrx_word' id='word_1_54' title='bbox 1070 672 1139 710; x_wconf 85' lang='lat' dir='ltr'>hac</span> <span class='ocrx_word' id='word_1_55' title='bbox 1167 672 1383 710; x_wconf 87' lang='lat' dir='ltr'>concubina</span> 
     </span>
     <span class='ocr_line' id='line_1_9' title="bbox 56 729 1385 780; baseline -0.001 -11"><span class='ocrx_word' id='word_1_56' title='bbox 56 733 203 769; x_wconf 80' lang='lat' dir='ltr'>crimen</span> <span class='ocrx_word' id='word_1_57' title='bbox 248 730 432 769; x_wconf 84' lang='lat' dir='ltr'><strong>Abrahae.</strong></span> <span class='ocrx_word' id='word_1_58' title='bbox 512 729 614 768; x_wconf 91' lang='lat' dir='ltr'>Usus</span> <span class='ocrx_word' id='word_1_59' title='bbox 658 735 716 768; x_wconf 87' lang='lat' dir='ltr'>est</span> <span class='ocrx_word' id='word_1_60' title='bbox 759 742 802 768; x_wconf 90' lang='lat' dir='ltr'>ea</span> <span class='ocrx_word' id='word_1_61' title='bbox 848 731 990 780; x_wconf 87' lang='lat' dir='ltr'>quippe</span> <span class='ocrx_word' id='word_1_62' title='bbox 1035 730 1081 768; x_wconf 89' lang='lat' dir='ltr'>ad</span> <span class='ocrx_word' id='word_1_63' title='bbox 1125 730 1385 780; x_wconf 80' lang='lat' dir='ltr'>generandam</span> 
     </span>
     <span class='ocr_line' id='line_1_10' title="bbox 56 787 1385 841; baseline -0.001 -14"><span class='ocrx_word' id='word_1_64' title='bbox 56 788 222 841; x_wconf 84' lang='lat' dir='ltr'>prolem,</span> <span class='ocrx_word' id='word_1_65' title='bbox 260 801 338 826; x_wconf 91' lang='lat' dir='ltr'>non</span> <span class='ocrx_word' id='word_1_66' title='bbox 370 788 416 826; x_wconf 88' lang='lat' dir='ltr'>ad</span> <span class='ocrx_word' id='word_1_67' title='bbox 449 787 676 839; x_wconf 83' lang='lat' dir='ltr'>explendam</span> <span class='ocrx_word' id='word_1_68' title='bbox 708 787 924 839; x_wconf 82' lang='lat' dir='ltr'>libidinem,</span> <span class='ocrx_word' id='word_1_69' title='bbox 966 799 1037 826; x_wconf 88' lang='lat' dir='ltr'>nec</span> <span class='ocrx_word' id='word_1_70' title='bbox 1070 788 1277 840; x_wconf 87' lang='lat' dir='ltr'>insultans,</span> <span class='ocrx_word' id='word_1_71' title='bbox 1317 788 1385 826; x_wconf 89' lang='lat' dir='ltr'>sed</span> 
     </span>
     <span class='ocr_line' id='line_1_11' title="bbox 55 846 1384 898; baseline 0 -13"><span class='ocrx_word' id='word_1_72' title='bbox 55 849 185 898; x_wconf 85' lang='lat' dir='ltr'>potius</span> <span class='ocrx_word' id='word_1_73' title='bbox 224 846 434 885; x_wconf 88' lang='lat' dir='ltr'>oboediens</span> <span class='ocrx_word' id='word_1_74' title='bbox 473 848 647 897; x_wconf 85' lang='lat' dir='ltr'>coniugi,</span> <span class='ocrx_word' id='word_1_75' title='bbox 690 858 787 896; x_wconf 85' lang='lat' dir='ltr'>quae</span> <span class='ocrx_word' id='word_1_76' title='bbox 832 857 923 884; x_wconf 90' lang='lat' dir='ltr'>suae</span> <span class='ocrx_word' id='word_1_77' title='bbox 963 846 1177 884; x_wconf 83' lang='lat' dir='ltr'>sterilitatis</span> <span class='ocrx_word' id='word_1_78' title='bbox 1219 846 1384 885; x_wconf 86' lang='lat' dir='ltr'>credidit</span> 
     </span>
     <span class='ocr_line' id='line_1_12' title="bbox 56 904 1384 956; baseline -0.001 -13"><span class='ocrx_word' id='word_1_79' title='bbox 56 918 142 944; x_wconf 89' lang='lat' dir='ltr'>esse</span> <span class='ocrx_word' id='word_1_80' title='bbox 175 905 372 956; x_wconf 88' lang='lat' dir='ltr'>solacium,</span> <span class='ocrx_word' id='word_1_81' title='bbox 405 906 437 943; x_wconf 91' lang='lat' dir='ltr'>si</span> <span class='ocrx_word' id='word_1_82' title='bbox 470 904 679 942; x_wconf 88' lang='lat' dir='ltr'>fecundum</span> <span class='ocrx_word' id='word_1_83' title='bbox 712 904 870 942; x_wconf 85' lang='lat' dir='ltr'>ancillae</span> <span class='ocrx_word' id='word_1_84' title='bbox 905 909 1072 955; x_wconf 85' lang='lat' dir='ltr'>uterum,</span> <span class='ocrx_word' id='word_1_85' title='bbox 1106 906 1288 954; x_wconf 88' lang='lat' dir='ltr'>quoniam</span> <span class='ocrx_word' id='word_1_86' title='bbox 1321 916 1384 942; x_wconf 88' lang='lat' dir='ltr'>na-</span> 
     </span>
     <span class='ocr_line' id='line_1_13' title="bbox 56 962 1384 1014; baseline -0.002 -12"><span class='ocrx_word' id='word_1_87' title='bbox 56 970 143 1002; x_wconf 88' lang='lat' dir='ltr'>tura</span> <span class='ocrx_word' id='word_1_88' title='bbox 175 975 251 1001; x_wconf 91' lang='lat' dir='ltr'>non</span> <span class='ocrx_word' id='word_1_89' title='bbox 283 968 447 1014; x_wconf 86' lang='lat' dir='ltr'>poterat,</span> <span class='ocrx_word' id='word_1_90' title='bbox 479 962 672 1001; x_wconf 86' lang='lat' dir='ltr'>voluntate</span> <span class='ocrx_word' id='word_1_91' title='bbox 707 963 852 1000; x_wconf 82' lang='lat' dir='ltr'>faceret</span> <span class='ocrx_word' id='word_1_92' title='bbox 884 974 1009 1013; x_wconf 86' lang='lat' dir='ltr'>suum,</span> <span class='ocrx_word' id='word_1_93' title='bbox 1042 968 1080 1000; x_wconf 86' lang='lat' dir='ltr'>et</span> <span class='ocrx_word' id='word_1_94' title='bbox 1107 974 1152 1000; x_wconf 86' lang='lat' dir='ltr'>eo</span> <span class='ocrx_word' id='word_1_95' title='bbox 1178 964 1275 1010; x_wconf 87' lang='lat' dir='ltr'>iure,</span> <span class='ocrx_word' id='word_1_96' title='bbox 1309 974 1384 1012; x_wconf 88' lang='lat' dir='ltr'>quo</span> 
     </span>
     <span class='ocr_line' id='line_1_14' title="bbox 56 1021 1385 1072; baseline -0.001 -13"><span class='ocrx_word' id='word_1_97' title='bbox 56 1022 149 1060; x_wconf 83' lang='lat' dir='ltr'>dicit</span> <span class='ocrx_word' id='word_1_98' title='bbox 181 1021 396 1072; x_wconf 88' lang='lat' dir='ltr'>apostolus:</span> <span class='ocrx_word' id='word_1_99' title='bbox 428 1021 620 1059; x_wconf 70' lang='lat' dir='ltr'>Similiter</span> <span class='ocrx_word' id='word_1_100' title='bbox 645 1025 683 1059; x_wconf 81' lang='lat' dir='ltr'>et</span> <span class='ocrx_word' id='word_1_101' title='bbox 708 1023 768 1058; x_wconf 82' lang='lat' dir='ltr'>vir</span> <span class='ocrx_word' id='word_1_102' title='bbox 794 1032 870 1059; x_wconf 71' lang='lat' dir='ltr'>non</span> <span class='ocrx_word' id='word_1_103' title='bbox 897 1022 1017 1059; x_wconf 75' lang='lat' dir='ltr'>habet</span> <span class='ocrx_word' id='word_1_104' title='bbox 1036 1025 1270 1069; x_wconf 76' lang='lat' dir='ltr'>potestatem</span> <span class='ocrx_word' id='word_1_105' title='bbox 1297 1032 1385 1059; x_wconf 36' lang='lat' dir='ltr'>cor„</span> 
     </span>
     <span class='ocr_line' id='line_1_15' title="bbox 52 1078 1386 1129; baseline -0.001 -11"><span class='ocrx_word' id='word_1_106' title='bbox 52 1083 164 1129; x_wconf 79' lang='lat' dir='ltr'>poris</span> <span class='ocrx_word' id='word_1_107' title='bbox 201 1082 280 1126; x_wconf 77' lang='lat' dir='ltr'>sui,</span> <span class='ocrx_word' id='word_1_108' title='bbox 324 1080 396 1118; x_wconf 81' lang='lat' dir='ltr'>sed</span> <span class='ocrx_word' id='word_1_109' title='bbox 425 1081 578 1125; x_wconf 71' lang='lat' dir='ltr'>iiiiclier,</span> <span class='ocrx_word' id='word_1_110' title='bbox 616 1084 795 1117; x_wconf 87' lang='lat' dir='ltr'>uteretur</span> <span class='ocrx_word' id='word_1_111' title='bbox 829 1078 967 1116; x_wconf 89' lang='lat' dir='ltr'>mulier</span> <span class='ocrx_word' id='word_1_112' title='bbox 999 1078 1045 1116; x_wconf 85' lang='lat' dir='ltr'>ad</span> <span class='ocrx_word' id='word_1_113' title='bbox 1078 1078 1307 1129; x_wconf 89' lang='lat' dir='ltr'>pariendum</span> <span class='ocrx_word' id='word_1_114' title='bbox 1339 1091 1386 1116; x_wconf 88' lang='lat' dir='ltr'>ex</span> 
     </span>
     <span class='ocr_line' id='line_1_16' title="bbox 57 1136 1384 1188; baseline -0.002 -12"><span class='ocrx_word' id='word_1_115' title='bbox 57 1138 187 1188; x_wconf 82' lang='lat' dir='ltr'>altera,</span> <span class='ocrx_word' id='word_1_116' title='bbox 220 1137 323 1187; x_wconf 89' lang='lat' dir='ltr'>quod</span> <span class='ocrx_word' id='word_1_117' title='bbox 356 1149 432 1174; x_wconf 89' lang='lat' dir='ltr'>non</span> <span class='ocrx_word' id='word_1_118' title='bbox 464 1142 616 1187; x_wconf 87' lang='lat' dir='ltr'>poterat</span> <span class='ocrx_word' id='word_1_119' title='bbox 649 1149 695 1174; x_wconf 84' lang='lat' dir='ltr'>ex</span> <span class='ocrx_word' id='word_1_120' title='bbox 722 1149 762 1175; x_wconf 86' lang='lat' dir='ltr'>se</span> <span class='ocrx_word' id='word_1_121' title='bbox 789 1139 881 1187; x_wconf 87' lang='lat' dir='ltr'>ipsa.</span> <span class='ocrx_word' id='word_1_122' title='bbox 932 1136 1044 1174; x_wconf 88' lang='lat' dir='ltr'>Nulla</span> <span class='ocrx_word' id='word_1_123' title='bbox 1071 1143 1129 1174; x_wconf 87' lang='lat' dir='ltr'>est</span> <span class='ocrx_word' id='word_1_124' title='bbox 1156 1137 1216 1174; x_wconf 90' lang='grc'><strong>1116</strong></span> <span class='ocrx_word' id='word_1_125' title='bbox 1244 1137 1384 1187; x_wconf 88' lang='lat' dir='ltr'>cupido</span> 
     </span>
     <span class='ocr_line' id='line_1_17' title="bbox 57 1194 1385 1247; baseline -0.002 -13"><span class='ocrx_word' id='word_1_126' title='bbox 57 1196 245 1247; x_wconf 84' lang='lat' dir='ltr'>lasciviae,</span> <span class='ocrx_word' id='word_1_127' title='bbox 277 1195 380 1233; x_wconf 85' lang='lat' dir='ltr'>nulla</span> <span class='ocrx_word' id='word_1_128' title='bbox 413 1196 608 1245; x_wconf 80' lang='lat' dir='ltr'>nequitiae</span> <span class='ocrx_word' id='word_1_129' title='bbox 635 1195 848 1245; x_wconf 86' lang='lat' dir='ltr'>turpitudo.</span> <span class='ocrx_word' id='word_1_130' title='bbox 893 1194 949 1232; x_wconf 89' lang='lat' dir='ltr'>Ab</span> <span class='ocrx_word' id='word_1_131' title='bbox 976 1207 1097 1233; x_wconf 89' lang='lat' dir='ltr'>uxore</span> <span class='ocrx_word' id='word_1_132' title='bbox 1125 1206 1240 1233; x_wconf 87' lang='lat' dir='ltr'>causa</span> <span class='ocrx_word' id='word_1_133' title='bbox 1266 1194 1385 1245; x_wconf 88' lang='lat' dir='ltr'>prolis</span> 
     </span>
     <span class='ocr_line' id='line_1_18' title="bbox 57 1253 1384 1304; baseline -0.001 -12"><span class='ocrx_word' id='word_1_134' title='bbox 57 1254 192 1292; x_wconf 85' lang='lat' dir='ltr'>ancilla</span> <span class='ocrx_word' id='word_1_135' title='bbox 224 1255 362 1292; x_wconf 90' lang='lat' dir='ltr'>marito</span> <span class='ocrx_word' id='word_1_136' title='bbox 390 1253 567 1304; x_wconf 81' lang='lat' dir='ltr'>traditur,</span> <span class='ocrx_word' id='word_1_137' title='bbox 600 1265 619 1290; x_wconf 91' lang='lat' dir='ltr'>a</span> <span class='ocrx_word' id='word_1_138' title='bbox 646 1255 782 1291; x_wconf 88' lang='lat' dir='ltr'>marito</span> <span class='ocrx_word' id='word_1_139' title='bbox 811 1265 925 1291; x_wconf 85' lang='lat' dir='ltr'>causa</span> <span class='ocrx_word' id='word_1_140' title='bbox 951 1253 1071 1303; x_wconf 88' lang='lat' dir='ltr'>prolis</span> <span class='ocrx_word' id='word_1_141' title='bbox 1098 1255 1305 1304; x_wconf 80' lang='lat' dir='ltr'>accipitur3</span> <span class='ocrx_word' id='word_1_142' title='bbox 1339 1253 1384 1291; x_wconf 81' lang='lat' dir='ltr'>ab</span> 
     </span>
     <span class='ocr_line' id='line_1_19' title="bbox 57 1311 1385 1363; baseline -0.001 -13"><span class='ocrx_word' id='word_1_143' title='bbox 57 1318 223 1362; x_wconf 87' lang='lat' dir='ltr'>utroque</span> <span class='ocrx_word' id='word_1_144' title='bbox 257 1323 333 1349; x_wconf 90' lang='lat' dir='ltr'>non</span> <span class='ocrx_word' id='word_1_145' title='bbox 366 1311 499 1361; x_wconf 90' lang='lat' dir='ltr'>culpae</span> <span class='ocrx_word' id='word_1_146' title='bbox 532 1311 657 1363; x_wconf 80' lang='lat' dir='ltr'>luxus,</span> <span class='ocrx_word' id='word_1_147' title='bbox 690 1312 757 1349; x_wconf 88' lang='lat' dir='ltr'>sed</span> <span class='ocrx_word' id='word_1_148' title='bbox 790 1317 948 1349; x_wconf 86' lang='lat' dir='ltr'>naturae</span> <span class='ocrx_word' id='word_1_149' title='bbox 977 1311 1127 1349; x_wconf 88' lang='lat' dir='ltr'>fructus</span> <span class='ocrx_word' id='word_1_150' title='bbox 1155 1312 1385 1361; x_wconf 78' lang='lat' dir='ltr'>exquiritur.</span> 
     </span>
     <span class='ocr_line' id='line_1_20' title="bbox 57 1369 1387 1420; baseline -0.001 -12"><span class='ocrx_word' id='word_1_151' title='bbox 57 1370 231 1420; x_wconf 87' lang='lat' dir='ltr'>Denique</span> <span class='ocrx_word' id='word_1_152' title='bbox 265 1381 354 1408; x_wconf 87' lang='lat' dir='ltr'>cum</span> <span class='ocrx_word' id='word_1_153' title='bbox 386 1369 521 1407; x_wconf 84' lang='lat' dir='ltr'>ancilla</span> <span class='ocrx_word' id='word_1_154' title='bbox 554 1369 708 1419; x_wconf 84' lang='lat' dir='ltr'>gravida</span> <span class='ocrx_word' id='word_1_155' title='bbox 740 1369 916 1408; x_wconf 88' lang='lat' dir='ltr'>dominae</span> <span class='ocrx_word' id='word_1_156' title='bbox 950 1369 1072 1408; x_wconf 89' lang='lat' dir='ltr'>sterili</span> <span class='ocrx_word' id='word_1_157' title='bbox 1100 1369 1322 1420; x_wconf 87' lang='lat' dir='ltr'>superbiret</span> <span class='ocrx_word' id='word_1_158' title='bbox 1348 1375 1387 1408; x_wconf 86' lang='lat' dir='ltr'>et</span> 
     </span>
     <span class='ocr_line' id='line_1_21' title="bbox 58 1427 1386 1479; baseline -0.001 -13"><span class='ocrx_word' id='word_1_159' title='bbox 58 1429 130 1466; x_wconf 87' lang='lat' dir='ltr'>hoc</span> <span class='ocrx_word' id='word_1_160' title='bbox 164 1428 278 1466; x_wconf 86' lang='lat' dir='ltr'>Sarra</span> <span class='ocrx_word' id='word_1_161' title='bbox 310 1429 530 1478; x_wconf 88' lang='lat' dir='ltr'>suspicione</span> <span class='ocrx_word' id='word_1_162' title='bbox 559 1427 738 1466; x_wconf 87' lang='lat' dir='ltr'>muliebri</span> <span class='ocrx_word' id='word_1_163' title='bbox 765 1429 846 1466; x_wconf 93' lang='lat' dir='ltr'>viro</span> <span class='ocrx_word' id='word_1_164' title='bbox 872 1430 1003 1479; x_wconf 84' lang='lat' dir='ltr'>potius</span> <span class='ocrx_word' id='word_1_165' title='bbox 1028 1429 1238 1479; x_wconf 73' lang='lat' dir='ltr'>inputaret,</span> <span class='ocrx_word' id='word_1_166' title='bbox 1271 1429 1386 1466; x_wconf 82' lang='lat' dir='ltr'>etiam</span> 
     </span>
     <span class='ocr_line' id='line_1_22' title="bbox 58 1485 1386 1537; baseline 0 -13"><span class='ocrx_word' id='word_1_167' title='bbox 58 1486 110 1524; x_wconf 92' lang='lat' dir='ltr'>ibi</span> <span class='ocrx_word' id='word_1_168' title='bbox 142 1486 420 1524; x_wconf 85' lang='lat' dir='ltr'>demonstravit</span> <span class='ocrx_word' id='word_1_169' title='bbox 452 1485 641 1524; x_wconf 88' lang='lat' dir='ltr'>Abraham</span> <span class='ocrx_word' id='word_1_170' title='bbox 675 1498 752 1524; x_wconf 91' lang='lat' dir='ltr'>non</span> <span class='ocrx_word' id='word_1_171' title='bbox 785 1498 825 1524; x_wconf 92' lang='lat' dir='ltr'>se</span> <span class='ocrx_word' id='word_1_172' title='bbox 858 1492 1070 1524; x_wconf 87' lang='lat' dir='ltr'>amatorem</span> <span class='ocrx_word' id='word_1_173' title='bbox 1109 1498 1281 1537; x_wconf 89' lang='lat' dir='ltr'>servum,</span> <span class='ocrx_word' id='word_1_174' title='bbox 1319 1486 1386 1525; x_wconf 89' lang='lat' dir='ltr'>sed</span> 
     </span>
     <span class='ocr_line' id='line_1_23' title="bbox 58 1544 1386 1594; baseline 0 -12"><span class='ocrx_word' id='word_1_175' title='bbox 58 1544 223 1583; x_wconf 92' lang='lat' dir='ltr'>liberum</span> <span class='ocrx_word' id='word_1_176' title='bbox 256 1545 375 1583; x_wconf 87' lang='lat' dir='ltr'>fuisse</span> <span class='ocrx_word' id='word_1_177' title='bbox 408 1545 625 1594; x_wconf 86' lang='lat' dir='ltr'>genitorem</span> <span class='ocrx_word' id='word_1_178' title='bbox 658 1550 695 1582; x_wconf 90' lang='lat' dir='ltr'>et</span> <span class='ocrx_word' id='word_1_179' title='bbox 726 1546 765 1582; x_wconf 91' lang='lat' dir='ltr'>in</span> <span class='ocrx_word' id='word_1_180' title='bbox 792 1544 890 1594; x_wconf 87' lang='lat' dir='ltr'>Agar</span> <span class='ocrx_word' id='word_1_181' title='bbox 919 1544 1056 1582; x_wconf 87' lang='lat' dir='ltr'>Sarrae</span> <span class='ocrx_word' id='word_1_182' title='bbox 1090 1546 1245 1594; x_wconf 84' lang='lat' dir='ltr'>coniugi</span> <span class='ocrx_word' id='word_1_183' title='bbox 1277 1544 1386 1594; x_wconf 86' lang='lat' dir='ltr'>pudi-</span> 
     </span>
     <span class='ocr_line' id='line_1_24' title="bbox 59 1601 1388 1653; baseline 0 -13"><span class='ocrx_word' id='word_1_184' title='bbox 59 1604 187 1641; x_wconf 86' lang='lat' dir='ltr'>citiam</span> <span class='ocrx_word' id='word_1_185' title='bbox 225 1602 441 1640; x_wconf 85' lang='lat' dir='ltr'>custodisse</span> <span class='ocrx_word' id='word_1_186' title='bbox 479 1614 551 1640; x_wconf 90' lang='lat' dir='ltr'>nec</span> <span class='ocrx_word' id='word_1_187' title='bbox 598 1602 833 1653; x_wconf 88' lang='lat' dir='ltr'>voluptatem</span> <span class='ocrx_word' id='word_1_188' title='bbox 873 1614 997 1653; x_wconf 87' lang='lat' dir='ltr'>suam,</span> <span class='ocrx_word' id='word_1_189' title='bbox 1042 1602 1108 1640; x_wconf 88' lang='lat' dir='ltr'>sed</span> <span class='ocrx_word' id='word_1_190' title='bbox 1150 1601 1388 1640; x_wconf 86' lang='lat' dir='ltr'>voluntatem</span> 
     </span>
     <span class='ocr_line' id='line_1_25' title="bbox 58 1660 1387 1711; baseline 0 -13"><span class='ocrx_word' id='word_1_191' title='bbox 58 1660 160 1698; x_wconf 89' lang='lat' dir='ltr'>illius</span> <span class='ocrx_word' id='word_1_192' title='bbox 210 1660 449 1711; x_wconf 73' lang='lat' dir='ltr'>implevisse,</span> <span class='ocrx_word' id='word_1_193' title='bbox 494 1662 689 1710; x_wconf 87' lang='lat' dir='ltr'>accepisse</span> <span class='ocrx_word' id='word_1_194' title='bbox 741 1673 810 1699; x_wconf 87' lang='grc'><strong>1166</strong></span> <span class='ocrx_word' id='word_1_195' title='bbox 858 1662 1021 1711; x_wconf 87' lang='lat' dir='ltr'>petisse,</span> <span class='ocrx_word' id='word_1_196' title='bbox 1065 1661 1277 1698; x_wconf 83' lang='lat' dir='ltr'>accessisse</span> <span class='ocrx_word' id='word_1_197' title='bbox 1316 1672 1387 1698; x_wconf 87' lang='lat' dir='ltr'>nec</span> 
     </span>
     <span class='ocr_line' id='line_1_26' title="bbox 59 1719 1387 1770; baseline 0 -14"><span class='ocrx_word' id='word_1_198' title='bbox 59 1719 247 1770; x_wconf 87' lang='lat' dir='ltr'>haesisse,</span> <span class='ocrx_word' id='word_1_199' title='bbox 291 1719 501 1756; x_wconf 88' lang='lat' dir='ltr'>seminasse</span> <span class='ocrx_word' id='word_1_200' title='bbox 535 1730 606 1756; x_wconf 88' lang='lat' dir='ltr'>nec</span> <span class='ocrx_word' id='word_1_201' title='bbox 639 1730 797 1756; x_wconf 88' lang='lat' dir='ltr'>amasse.</span> <span class='ocrx_word' id='word_1_202' title='bbox 854 1719 915 1756; x_wconf 90' lang='lat' dir='ltr'>Ait</span> <span class='ocrx_word' id='word_1_203' title='bbox 947 1719 1066 1756; x_wconf 89' lang='lat' dir='ltr'>enim:</span> <span class='ocrx_word' id='word_1_204' title='bbox 1099 1719 1206 1757; x_wconf 80' lang='lat' dir='ltr'>Ecce</span> <span class='ocrx_word' id='word_1_205' title='bbox 1238 1721 1387 1757; x_wconf 73' lang='lat' dir='ltr'>(moilla</span> 
     </span>
     <span class='ocr_line' id='line_1_27' title="bbox 59 1777 1388 1825; baseline 0.001 -11"><span class='ocrx_word' id='word_1_206' title='bbox 59 1782 128 1814; x_wconf 80' lang='lat' dir='ltr'>tua</span> <span class='ocrx_word' id='word_1_207' title='bbox 167 1779 207 1815; x_wconf 79' lang='lat' dir='ltr'>in</span> <span class='ocrx_word' id='word_1_208' title='bbox 245 1778 426 1814; x_wconf 81' lang='lat' dir='ltr'>manibus</span> <span class='ocrx_word' id='word_1_209' title='bbox 464 1779 558 1825; x_wconf 76' lang='lat' dir='ltr'>tuis,</span> <span class='ocrx_word' id='word_1_210' title='bbox 600 1781 713 1815; x_wconf 81' lang='lat' dir='ltr'>utere</span> <span class='ocrx_word' id='word_1_211' title='bbox 744 1789 792 1815; x_wconf 78' lang='lat' dir='ltr'>ea</span> <span class='ocrx_word' id='word_1_212' title='bbox 824 1788 900 1824; x_wconf 78' lang='lat' dir='ltr'>quo</span> <span class='ocrx_word' id='word_1_213' title='bbox 932 1778 1045 1815; x_wconf 80' lang='lat' dir='ltr'>modo</span> <span class='ocrx_word' id='word_1_214' title='bbox 1077 1777 1149 1815; x_wconf 78' lang='lat' dir='ltr'>tibi</span> <span class='ocrx_word' id='word_1_215' title='bbox 1173 1778 1388 1825; x_wconf 73' lang='lat' dir='ltr'>placuerit.</span> 
     </span>
     <span class='ocr_line' id='line_1_28' title="bbox 59 1834 1388 1886; baseline 0 -14"><span class='ocrx_word' id='word_1_216' title='bbox 59 1834 90 1872; x_wconf 90' lang='grc' dir='ltr'><strong>Ο</strong></span> <span class='ocrx_word' id='word_1_217' title='bbox 122 1836 248 1872; x_wconf 87' lang='lat' dir='ltr'>virum</span> <span class='ocrx_word' id='word_1_218' title='bbox 280 1834 443 1872; x_wconf 89' lang='lat' dir='ltr'>viriliter</span> <span class='ocrx_word' id='word_1_219' title='bbox 481 1839 655 1872; x_wconf 89' lang='lat' dir='ltr'>utentem</span> <span class='ocrx_word' id='word_1_220' title='bbox 694 1835 866 1886; x_wconf 88' lang='lat' dir='ltr'>feminis,</span> <span class='ocrx_word' id='word_1_221' title='bbox 910 1836 1073 1885; x_wconf 84' lang='lat' dir='ltr'>coniuge</span> <span class='ocrx_word' id='word_1_222' title='bbox 1112 1840 1388 1886; x_wconf 88' lang='lat' dir='ltr'>temperanter,</span> 
     </span>
     <span class='ocr_line' id='line_1_29' title="bbox 59 1891 1048 1943; baseline 0.001 -13"><span class='ocrx_word' id='word_1_223' title='bbox 59 1892 194 1930; x_wconf 84' lang='lat' dir='ltr'>aneilla</span> <span class='ocrx_word' id='word_1_224' title='bbox 227 1891 553 1943; x_wconf 86' lang='lat' dir='ltr'>obtemperanter,</span> <span class='ocrx_word' id='word_1_225' title='bbox 586 1892 690 1930; x_wconf 84' lang='lat' dir='ltr'>nulla</span> <span class='ocrx_word' id='word_1_226' title='bbox 722 1891 1048 1943; x_wconf 79' lang='lat' dir='ltr'>intemperanter!</span> 
     </span>
    </p>
   </div>
   <div class='ocr_carea' id='block_1_5' title="bbox 153 2004 1061 2047">
    <p class='ocr_par' dir='ltr' id='par_1_5' title="bbox 153 2004 1061 2047">
     <span class='ocr_line' id='line_1_30' title="bbox 153 2004 1061 2047; baseline 0 -8"><span class='ocrx_word' id='word_1_227' title='bbox 153 2009 186 2047; x_wconf 82' lang='lat'>6&gt;</span> <span class='ocrx_word' id='word_1_228' title='bbox 212 2006 248 2039; x_wconf 86' lang='lat' dir='ltr'>C.</span> <span class='ocrx_word' id='word_1_229' title='bbox 276 2009 306 2039; x_wconf 89' lang='lat'>3.</span> <span class='ocrx_word' id='word_1_230' title='bbox 360 2007 416 2045; x_wconf 84' lang='grc'>14)</span> <span class='ocrx_word' id='word_1_231' title='bbox 444 2009 473 2038; x_wconf 90' lang='lat'>1.</span> <span class='ocrx_word' id='word_1_232' title='bbox 501 2004 580 2038; x_wconf 83' lang='lat' dir='ltr'>Cor.</span> <span class='ocrx_word' id='word_1_233' title='bbox 610 2008 640 2046; x_wconf 83' lang='lat'>7,</span> <span class='ocrx_word' id='word_1_234' title='bbox 666 2007 698 2038; x_wconf 85' lang='lat'>4.</span> <span class='ocrx_word' id='word_1_235' title='bbox 749 2006 806 2046; x_wconf 80' lang='lat'>26)</span> <span class='ocrx_word' id='word_1_236' title='bbox 833 2004 919 2038; x_wconf 80' lang='lat' dir='ltr'>Gen.</span> <span class='ocrx_word' id='word_1_237' title='bbox 950 2008 1003 2047; x_wconf 80' lang='lat'>16,</span> <span class='ocrx_word' id='word_1_238' title='bbox 1030 2009 1061 2039; x_wconf 83' lang='lat'>6.</span> 
     </span>
    </p>
   </div>
   <div class='ocr_carea' id='block_1_6' title="bbox 57 2153 1390 2245">
    <p class='ocr_par' dir='ltr' id='par_1_6' title="bbox 57 2153 1390 2245">
     <span class='ocr_line' id='line_1_31' title="bbox 119 2153 1390 2245; baseline 0 -56"><span class='ocrx_word' id='word_1_239' title='bbox 119 2203 131 2245; x_wconf 76' lang='lat' dir='ltr'>ss</span> <span class='ocrx_word' id='word_1_240' title='bbox 150 2158 195 2234; x_wconf 53' lang='grc' dir='ltr'>ἐξ</span> <span class='ocrx_word' id='word_1_241' title='bbox 222 2153 671 2235; x_wconf 55' lang='grc' dir='ltr'>(10111111ειρνῖἵῄῗβίΑΙῖῐΕ,Ι</span> <span class='ocrx_word' id='word_1_242' title='bbox 698 2154 845 2189; x_wconf 80' lang='lat' dir='ltr'>domina</span> <span class='ocrx_word' id='word_1_243' title='bbox 863 2154 1138 2199; x_wconf 72' lang='lat' dir='ltr'>Bamberqensis</span> <span class='ocrx_word' id='word_1_244' title='bbox 1162 2155 1225 2198; x_wconf 81' lang='lat' dir='ltr'>(A,</span> <span class='ocrx_word' id='word_1_245' title='bbox 1244 2166 1279 2189; x_wconf 78' lang='lat' dir='ltr'>n.</span> <span class='ocrx_word' id='word_1_246' title='bbox 1301 2158 1390 2199; x_wconf 78' lang='lat'><em>124)</em></span> 
     </span>
     <span class='ocr_line' id='line_1_32' title="bbox 57 2211 348 2244; baseline 0 -9"><span class='ocrx_word' id='word_1_247' title='bbox 57 2211 100 2244; x_wconf 75' lang='lat' dir='ltr'>yv</span> <span class='ocrx_word' id='word_1_248' title='bbox 221 2212 258 2235; x_wconf 78' lang='lat' dir='ltr'>se</span> <span class='ocrx_word' id='word_1_249' title='bbox 284 2212 348 2236; x_wconf 86' lang='lat' dir='ltr'>om.</span> 
     </span>
    </p>
   </div>
   <div class='ocr_carea' id='block_1_7' title="bbox 1413 857 1454 888">
    <p class='ocr_par' dir='ltr' id='par_1_7' title="bbox 1413 857 1454 888">
     <span class='ocr_line' id='line_1_33' title="bbox 1413 857 1454 888; baseline 0.024 -1"><span class='ocrx_word' id='word_1_250' title='bbox 1413 857 1454 888; x_wconf 89' lang='lat'>10</span> 
     </span>
    </p>
   </div>
   <div class='ocr_carea' id='block_1_8' title="bbox 1414 1147 1450 1176">
    <p class='ocr_par' dir='ltr' id='par_1_8' title="bbox 1414 1147 1450 1176">
     <span class='ocr_line' id='line_1_34' title="bbox 1414 1147 1450 1176; baseline 0 -12"><span class='ocrx_word' id='word_1_251' title='bbox 1414 1147 1450 1176; x_wconf 64' lang='lat'>11⁸</span> 
     </span>
    </p>
   </div>
   <div class='ocr_carea' id='block_1_9' title="bbox 1415 1728 1457 1758">
    <p class='ocr_par' dir='ltr' id='par_1_9' title="bbox 1415 1728 1457 1758">
     <span class='ocr_line' id='line_1_35' title="bbox 1415 1728 1433 1758; textangle 90"><span class='ocrx_word' id='word_1_252' title='bbox 1415 1728 1433 1758; x_wconf 74' lang='grc' dir='ltr'>Ν.)</span> 
     </span>
     <span class='ocr_line' id='line_1_36' title="bbox 1438 1728 1457 1758; textangle 90"><span class='ocrx_word' id='word_1_253' title='bbox 1438 1728 1457 1758; x_wconf 54' lang='grc' dir='ltr'>ΟἾ</span> 
     </span>
    </p>
   </div>
   <div class='ocr_carea' id='block_1_10' title="bbox 1436 1157 1454 1176">
    <p class='ocr_par' dir='ltr' id='par_1_10' title="bbox 1436 1157 1454 1176">
     <span class='ocr_line' id='line_1_37' title="bbox 1436 1157 1454 1176; baseline 0 0"><span class='ocrx_word' id='word_1_254' title='bbox 1436 1157 1454 1176; x_wconf 77' lang='grc' dir='ltr'>ι)</span> 
     </span>
    </p>
   </div>
  </div>
 </body>
</html>
