1611 2465
115 51 203 92 290
664 59 692 83 s.
719 58 938 85 AUGUS'HNI

119 155 210 188 sunt
254 154 401 187 autem:
453 148 570 186 Solon
615 147 886 199 Atheniensis,
931 147 1067 186 Chilon
1112 147 1453 199 Lacedaemonius,

117 208 354 256 Periandrus
387 206 630 257 Corinthius,
662 205 871 244 Cleobulus
905 205 1078 257 Lindius,
1110 205 1197 244 Bias
1229 206 1453 244 prienaeus.

55 258 264 312 ,ssOmnes
296 266 348 316 hi,
381 271 530 315 septem
562 264 743 315 appellati
775 266 990 315 sapientes,
1023 271 1110 315 post
1140 270 1275 315 poetas
1308 263 1453 302 theolo-

71 390 91 420 5

50 682 92 712 10

53 1089 95 1121 15

53 1406 96 1436 20

56 1698 98 1727 25

56 1989 100 2019 30

117 337 186 375 gos
219 324 463 369 claruerunt,
503 324 592 373 quia
624 334 768 373 genere
801 325 899 361 vitae
932 322 1098 373 quodam
1130 322 1312 361 laudabili
1344 334 1453 374 prae-

119 382 271 422 stabant
310 381 533 419 hominibus
572 383 715 419 ceteris
753 387 792 419 et
831 393 983 419 morum
1022 380 1206 420 nonnulla
1246 387 1453 432 praecepta

118 443 400 480 sententiarum
426 439 616 478 brevitate
643 439 833 490 complexi
860 445 963 478 sunt.
1023 439 1126 478 Nihil
1157 445 1286 478 autem
1318 452 1453 478 monu-

118 506 358 550 mentorum,
397 498 501 549 quod
534 498 579 536 ad
611 497 760 537 litteras
793 498 957 549 adtinet,
998 500 1165 549 posteris
1197 497 1455 549 reliquerunt,

118 560 192 596 nisi
219 557 323 608 quod
351 558 469 595 Solon
496 557 681 607 quasdam
714 556 819 607 leges
845 556 1149 595 Atheniensibus
1181 556 1335 594 dedisse
1367 568 1454 607 per-

118 616 296 667 hibetur3
334 615 475 654 Thales
512 627 604 665 vero
642 615 826 666 physicus
864 616 937 653 suit
969 621 1007 653 et
1038 627 1198 653 suorum
1232 614 1455 665 dogmatum

119 674 240 712 libros
281 674 450 725 reliquit.
511 673 567 711 Eo
607 675 839 724 captivitatis
871 673 1047 711 Iudaicae
1080 679 1255 724 tempore
1289 679 1328 711 et
1358 674 1455 711 Ana-

119 732 320 771 ximander
346 739 385 771 et
410 734 668 771 Anaximenes
695 738 734 770 et
758 731 1018 782 Xenophanes
1043 731 1194 782 physici
1218 731 1456 770 claruerunt.

119 791 230 830 Tunc
257 796 296 830 et
320 791 571 842 Pythagoras,
597 803 643 829 ex
670 802 747 841 quo
774 796 990 841 coeperunt
1016 789 1200 841 appellari
1226 789 1457 841 philosophi.

621 938 775 982 CAPUT
807 938 962 980 XXVI.

127 1026 243 1072 Quod
273 1037 317 1064 eo
343 1030 530 1076 tempore,
563 1037 638 1073 quo
666 1012 832 1074 impletis
857 1026 1113 1073 septuaqinta
1145 1026 1261 1062 annis
1288 1024 1457 1063 Iudaeo·-

269 1095 360 1122 rum
391 1088 449 1122 est
479 1086 656 1122 resoluta
688 1084 916 1132 captivitas,
956 1082 1129 1121 Romani
1158 1094 1312 1131 quoque

421 1153 446 1180 a
479 1143 683 1180 dominatu
714 1146 808 1179 sunt
837 1143 949 1188 reqio
981 1142 1151 1179 liberati.

240 1223 316 1261 Per
352 1223 456 1261 idem
498 1228 653 1273 tempus
686 1221 830 1273 Cyrus,
870 1234 939 1260 rex
970 1219 1200 1273 Persarum,
1244 1223 1311 1272 qui
1343 1223 1459 1261 etiam

123 1281 325 1320 Chaldaeis
365 1287 404 1319 et
441 1282 608 1331 Assyriis
646 1280 881 1332 imperabat,
914 1279 1081 1318 relaxata
1113 1280 1308 1330 aliquanta
1341 1282 1457 1331 capti-

122 1341 238 1378 vitate
276 1339 525 1389 Iudaeorum,
566 1340 845 1389 quinquaginta
877 1338 981 1377 milia
1012 1338 1214 1377 hominum
1246 1351 1293 1377 ex
1324 1340 1381 1377 eis
1413 1339 1459 1377 ad

123 1398 420 1437 instaurandum
463 1397 652 1448 templum
696 1397 851 1448 regredi
893 1397 995 1435 fecit.
1056 1397 1087 1434 A
1128 1396 1270 1447 quibus
1308 1403 1458 1436 tantum

122 1458 247 1508 prima
285 1462 422 1507 coepta
460 1457 683 1494 fundamina
723 1462 760 1494 et
798 1456 917 1493 altare
957 1461 1226 1493 constructum
1267 1461 1337 1494 est.
1399 1455 1457 1493 In-

124 1515 372 1553 cursantibus
393 1520 523 1553 autem
543 1513 722 1552 hostibus
742 1525 987 1564 nequaquam
1013 1513 1197 1564 progredi
1223 1513 1458 1552 aedificando

123 1573 351 1620 valuerunt,
388 1573 628 1623 dilatumque
666 1585 764 1623 opus
803 1578 862 1611 est
898 1584 1023 1622 usque
1062 1572 1109 1609 ad
1147 1571 1316 1610 Darium.
1384 1572 1460 1610 Per

124 1632 228 1670 idem
266 1638 421 1682 tempus
460 1633 576 1669 etiam
609 1630 672 1669 illa
704 1637 795 1669 sunt
826 1636 953 1682 gesta,
986 1642 1084 1680 quae
1116 1632 1337 1681 conscripta
1369 1638 1460 1669 sunt

125 1692 165 1728 in
198 1690 297 1728 libro
330 1689 478 1740 ludith3
518 1701 634 1739 quem
667 1701 758 1727 sane
791 1691 830 1727 in
864 1701 1052 1727 canonem
1083 1690 1368 1739 scripturarum
1399 1688 1459 1727 lu-

126 1749 211 1786 daei
249 1760 327 1786 non
365 1749 561 1798 recepisse
603 1748 797 1786 dicuntur.
862 1746 942 1785 Sub
975 1746 1088 1785 Dario
1121 1759 1213 1797 ergo
1245 1759 1336 1798 rege
1368 1746 1459 1785 Per-

126 1819 256 1845 sarum
283 1806 453 1857 impletis
479 1807 723 1857 septuaginta
751 1807 872 1857 annis,
906 1817 1003 1856 quos
1030 1804 1245 1843 Hieremias
1271 1805 1461 1856 propheta

126 1865 393 1916 praedixerat,
425 1864 575 1903 reddita
608 1870 667 1902 est
698 1864 849 1902 Iudaeis
881 1863 1006 1902 soluta
1038 1865 1257 1913 captivitate
1289 1863 1460 1911 libertas,

127 1929 313 1973 regnante
351 1923 614 1961 Romanorum
655 1924 819 1972 septimo
858 1933 949 1971 rege
987 1920 1209 1971 Tarquinio.
1272 1921 1357 1966 Quo
1395 1933 1458 1960 ex-

126 1982 238 2032 pulso
271 1983 386 2019 etiam
414 1983 492 2032 j-psi
523 1993 543 2018 a
576 1992 712 2031 regum
744 1991 904 2018 suorum
937 1979 1197 2017 dominatione
1230 1979 1343 2018 liberi
1375 1992 1459 2018 esse

127 2045 352 2090 coeperunt.
412 2035 545 2090 Usque
587 2038 631 2076 ad
671 2039 744 2077 hoc
782 2045 937 2089 tempus
974 2037 1183 2088 prophetas
1221 2037 1356 2076 habuit
1393 2050 1456 2089 po-

224 2181 238 2209 1
268 2176 391 2209 chilon
411 2175 535 2219 (cilon)
561 2185 630 2208 mss
638 2187 649 2215 ;
676 2174 772 2208 chilo
794 2185 811 2207 v
831 2175 881 2217 112
908 2173 1126 2217 periandrus
1150 2184 1219 2208 mss
1227 2187 1239 2215 ;
1262 2173 1461 2208 Periander

125 2224 238 2266 131125
267 2233 442 2256 canonem
466 2221 544 2256 RF
565 2223 665 2264 (247,
691 2224 733 2263 9,·
760 2224 829 2262 15,·
854 2224 941 2262 255,
967 2224 1028 2264 2)‚·
1055 2230 1191 2254 canone
1217 2231 1238 2254 υ
