1611 2465
93 690 133 720 10

93 983 133 1012 15

90 1567 134 1598 25

160 56 245 98 232
693 65 719 91 s.
740 65 957 91 AUGUSTINI

160 155 262 193 idem
290 160 443 205 tempus
476 155 586 203 regni
615 153 730 191 David
765 154 853 204 suit,
887 166 929 192 ac
963 166 1032 204 per
1064 154 1137 193 hoc
1170 166 1247 193 non
1280 154 1498 193 diceretur:

167 215 242 253 Ubi
264 219 357 252 sunt
376 215 651 251 indseraliones
677 218 770 250 telae
797 215 997 261 anliquae,
1023 214 1201 260 Domine,
1227 225 1326 261 quas
1353 215 1500 252 iurasti

162 274 295 311 David
331 275 371 310 in
410 273 578 309 veritate
615 273 711 308 lua?
753 272 827 309 nisi
860 283 996 309 eorum
1026 284 1233 322 personam
1265 273 1303 309 in
1337 284 1377 309 se
1410 283 1496 322 pro-

160 331 289 381 phetia
318 330 625 380 transfiguraret,
658 331 724 379 qui
750 329 862 380 longe
889 336 1023 380 postea
1050 330 1171 368 futuri
1199 336 1322 381 erant,
1355 329 1497 380 quibus

160 390 233 428 hoc
266 395 420 439 tempus
460 393 565 426 esset
596 389 820 439 antiquum,
854 389 1006 438 quando
1039 390 1122 438 regi
1155 388 1272 426 David
1304 390 1378 427 ista
1409 400 1496 439 pro-

162 450 277 486 missa
305 452 408 490 sunt.
469 445 604 484 Potest
630 452 759 485 autem
788 447 959 497 intellegi
992 447 1132 485 multas
1163 452 1311 498 gentes,
1343 446 1498 497 quando

162 507 402 544 Christianos
443 504 805 557 persequebantur,
859 505 1115 555 exprobrasse
1160 505 1234 544 illis
1277 507 1497 556 passionem

161 565 326 615 Christi,
367 575 482 614 quam
526 565 720 614 scriptura
766 566 1109 602 commutatiOnem
1148 569 1274 616 vocat,
1316 565 1498 614 quoniam

164 622 364 661 moriendo
409 621 625 660 inmortalis
669 628 729 660 est
772 622 908 660 factus.
982 622 1115 660 Potest
1165 628 1204 661 et
1247 623 1498 661 commutatio

161 681 306 720 Christi
344 680 559 719 secundum
598 680 672 718 hoc
717 682 840 731 accipi
879 680 1110 731 exprobrata
1150 680 1352 732 Israelitis,
1397 681 1499 732 quia,

160 752 249 778 cum
295 751 431 778 eorum
475 745 701 790 speraretur
744 740 918 791 futurus,
963 740 1087 777 factus
1126 744 1184 777 est
1225 741 1417 791 gentium,
1461 744 1500 777 et

160 799 233 837 hoc
266 800 322 836 eis
355 810 459 836 nunc
493 797 731 848 exprobrant
762 797 905 836 multae
936 803 1084 848 gentes,
1116 810 1213 848 quae
1248 797 1500 835 crediderunt

160 859 199 895 in
233 869 322 895 eum
354 869 424 908 per
466 861 743 894 testamentum
775 868 935 908 novum,
973 856 1048 894 illis
1080 858 1118 894 in
1151 862 1343 894 vetustate
1376 868 1498 894 rema-

160 916 362 966 nentibus,
401 920 444 953 ut
481 915 568 952 ideo
610 914 779 953 dicatur:
818 915 1032 961 Memento,
1074 916 1255 963 Domine,
1293 916 1502 964 opprobrii

160 985 366 1013 servorum
408 979 582 1020 (uorum,
627 974 716 1023 quia
749 985 826 1011 non
859 985 926 1011 eos
958 973 1228 1025 obliviscente,
1269 972 1337 1012 sed
1368 974 1499 1024 potius

161 1034 371 1071 miserante
404 1031 568 1069 Domino
607 1037 646 1069 et
682 1033 757 1082 ipsi
794 1037 882 1082 post
919 1032 990 1069 hoc
1025 1031 1278 1082 opprobrium
1311 1031 1499 1070 credituri

162 1097 263 1129 sunt.
335 1090 410 1128 Sed
455 1090 535 1140 ille,
586 1102 701 1140 quem
742 1091 851 1140 prius
896 1091 1026 1141 posui,
1069 1091 1362 1128 convenientior
1406 1089 1499 1128 mihi

162 1162 300 1187 sensns
326 1148 490 1187 videtur.
541 1148 712 1186 Inimicis
744 1150 847 1186 enim
868 1148 1197 1200 Ch1·isti„qnibus
1229 1148 1499 1200 exprobratur,

162 1208 265 1258 quod
304 1219 371 1245 eos
409 1207 455 1244 ad
494 1212 630 1257 gentes
662 1208 856 1244 transiens
896 1207 1100 1257 reliquerit
1132 1206 1327 1254 Christus,
1365 1208 1498 1245 incon-

161 1278 257 1317 grue
303 1277 373 1304 vox
419 1266 491 1303 ista
537 1270 756 1315 coaptatur:
801 1265 1017 1312 Memento,
1063 1266 1248 1312 Domine,
1293 1266 1502 1314 opprobrii

160 1335 367 1364 servornm
405 1329 585 1368 luorum,-
624 1335 701 1360 non
741 1325 843 1361 enim
882 1325 983 1362 servi
1014 1322 1084 1361 Dei
1126 1323 1376 1374 nuncupandi
1409 1328 1501 1362 sunt

162 1383 258 1422 tales
291 1382 439 1432 ludaei,
473 1381 539 1419 sed
572 1383 628 1419 eis
660 1381 776 1419 verba
808 1383 880 1420 ista
913 1386 1145 1432 conpetunt,
1177 1384 1262 1432 qui,
1293 1394 1383 1420 cum
1415 1393 1498 1432 gra-

161 1454 228 1480 ves
265 1440 504 1479 humilitates
543 1442 863 1490 persecutionum
902 1438 1027 1490 (pro)
1061 1440 1205 1478 Christi
1246 1442 1401 1478 nomine
1434 1452 1497 1491 pa—

161 1505 361 1549 terentur,
402 1498 602 1536 recordari
644 1503 859 1549 potuerunt
906 1498 1102 1536 excelsum
1151 1510 1315 1549 regnum
1361 1500 1499 1536 semini

161 1557 281 1597 David
325 1558 445 1595 fuisse
490 1558 749 1607 promissum,
794 1562 832 1595 et
875 1558 959 1595 eius
997 1556 1191 1595 desiderio
1231 1557 1379 1609 dicere,
1420 1569 1498 1595 non

161 1616 423 1668 desperando,
461 1615 528 1653 sed
567 1615 735 1666 petendo
780 1615 1002 1665 quaerendo
1041 1614 1247 1666 pulsando:
1299 1616 1373 1654 Ubi
1408 1620 1500 1654 sunt

161 1677 437 1714 miserationes
469 1679 562 1712 luae
594 1676 800 1721 antiquae,
841 1674 1022 1721 Domine,
1060 1686 1159 1721 quas
1192 1676 1339 1712 iurasti
1368 1674 1502 1712 David

162 1737 203 1773 in
234 1735 403 1772 veritate
435 1734 533 1769 lua?
591 1732 804 1779 Memento,
844 1733 1025 1779 Domine,
1058 1733 1265 1780 opprobrii
1293 1743 1499 1771 servorum

162 1798 338 1838 tuorum,
382 1791 490 1838 quod
526 1792 707 1828 continui
743 1793 783 1828 in
820 1792 910 1828 sinu
948 1801 1032 1828 meo
1070 1792 1284 1828 multarum
1321 1792 1500 1838 ⁴qenlium

93 1859 138 1889 30
165 1847 257 1902 (hoc
285 1854 356 1900 est,
387 1850 425 1886 in
453 1847 707 1886 interioribus
734 1849 830 1885 meis
855 1850 1049 1898 patienter
1080 1844 1262 1900 pertuli);
1294 1850 1401 1896 quod
1431 1861 1497 1887 ex-

157 1910 458 1958 probraverunt
491 1908 643 1944 inimici
673 1908 752 1953 tui,
785 1906 971 1951 Domine;
1003 1908 1111 1954 qnod
1139 1907 1499 1955 exprobraverunt,

163 1968 507 2006 commutationem
544 1965 693 2002 Christi
729 1966 808 2009 tuc‘;
848 1976 924 2001 non
957 1976 1041 2002 eam
1073 1970 1256 2014 putantes
1289 1970 1498 2003 commuta-

162 2027 308 2063 tionem
346 2035 451 2074 esse,
489 2021 557 2061 sed
596 2024 944 2073 consumptionem.
1008 2022 1107 2067 Quid
1141 2028 1199 2060 est
1231 2029 1378 2062 autem:
1416 2023 1497 2061 Me-

256 2186 276 2216 3
305 2181 502 2225 prophetia
527 2191 615 2221 mss,·
641 2181 821 2224 propheta
846 2192 865 2214 v
897 2182 909 2224 ΙΙ
943 2185 982 2215 13
1010 2183 1236 2224 permanent.
1263 2180 1299 2215 R
1324 2182 1336 2226 {l
1363 2184 1406 2215 23
1433 2191 1499 2226 pro

162 2240 226 2264 om.
254 2228 306 2263 R¹
332 2229 413 2269 (vol.
443 2228 478 2272 I,
506 2230 563 2270 35,
590 2230 660 2268 29‚·
686 2231 772 2270 236,
800 2231 860 2271 15)
879 2229 890 2271 ΙΙ
910 2231 953 2262 33
980 2238 1057 2262 esse
1083 2227 1138 2269 R,·
1164 2238 1229 2262 om.
1256 2238 1275 2262 v
