1495 2489
52 744 93 774 10

54 1131 95 1161 15

54 1446 97 1476 20

57 2028 101 2059 30

120 114 139 150 1
150 113 203 151 14
660 118 687 144 s.
706 118 924 145 Anonsmn

117 211 298 260 cogitatio
326 209 596 248 mutandarum
624 219 756 246 rerum
790 213 849 245 est
880 207 1117 245 inmutabilis
1144 209 1253 245 ratio.
1316 207 1450 259 Neque

118 270 221 306 enim
255 270 356 306 sicut
388 268 603 318 hominem,
641 268 692 304 ita
726 265 847 304 Deum
887 267 1116 316 cuiusquam
1148 267 1240 304 sacti
1272 267 1332 304 sui
1363 278 1451 317 pae-

118 329 235 378 nitet,
276 328 388 365 cuius
429 332 488 364 est
519 326 565 363 de
598 324 778 362 omnibus
811 326 968 362 omnino
1000 324 1118 363 rebus
1151 330 1229 362 tam
1260 325 1334 362 fixa
1366 336 1451 362 sen-

119 387 239 423 tentia
278 396 391 435 quam
430 391 537 422 certa
580 384 848 434 praescientia.
911 382 986 420 Sed
1019 384 1051 421 si
1084 395 1159 420 non
1193 389 1325 421 utatur
1358 385 1452 421 scri-

118 450 231 494 ptura
265 443 406 481 talibus
439 441 579 494 verbis,
612 454 687 479 non
721 453 761 479 se
795 441 960 491 quodam
994 441 1105 479 modo
1140 441 1364 479 familiarius
1395 443 1452 479 in-

119 502 290 540 sinuabit
321 503 426 539 omni
464 503 598 551 generi
639 501 856 551 hominum,
895 499 1036 550 quibus
1069 499 1150 538 vult
1183 511 1267 537 esse
1300 499 1453 538 consul-

120 567 216 612 tum,
248 566 292 598 nt
323 565 362 598 et
394 564 611 610 perterreat
643 558 915 609 superbientes
948 564 987 596 et
1019 560 1161 596 excitet
1193 558 1454 609 neglegentes,

121 625 160 656 et
186 624 366 656 exerceat
391 623 625 668 quaerentes
658 623 697 655 et
729 617 803 655 alat
834 616 1124 667 intellegentes3
1157 616 1259 666 quod
1292 628 1370 654 non
1403 617 1453 654 sa-

121 682 240 729 ceret,
272 678 305 715 si
331 688 407 715 non
435 689 475 714 se
502 677 611 727 prius
643 675 848 714 inclinaret
881 681 919 713 et
950 674 1116 725 quodam
1149 674 1262 712 modo
1294 674 1454 713 descen·

120 735 231 773 deret
263 735 308 773 ad
351 737 533 773 iacentes.
596 733 707 779 Quod
740 740 869 771 autem
901 735 1016 771 etiam
1048 734 1250 770 interitum
1283 734 1455 771 omnium

120 793 343 832 animalium
386 799 634 831 terrenorum
676 792 964 841 volatiliumque
1009 791 1228 829 denuntiat:
1266 793 1454 841 magnitu-

121 852 251 890 dinem
283 853 437 891 suturae
464 851 583 889 eladis
616 852 766 901 ell'atur,
799 862 874 888 non
909 849 1167 887 animantibus
1198 851 1360 888 rationis
1392 861 1455 887 ex-

120 910 310 962 pertibus,
343 916 539 961 tamquam
571 915 609 948 et
640 910 723 959 ipsa
756 910 1012 959 peccaverint,
1045 909 1214 946 minatur
1246 909 1418 946 exitium.

621 1033 775 1076 CAPUT
807 1033 961 1075 XXVI.

177 1122 293 1168 Quod
323 1133 436 1167 area,
469 1132 587 1168 quam
620 1121 703 1158 Noe
735 1121 863 1157 iussus
895 1123 953 1157 est
979 1117 1134 1166 facere,
1167 1120 1207 1156 in
1239 1119 1418 1157 omnibus

417 1180 615 1217 Christum
648 1179 936 1225 ecclesiamque
966 1178 1175 1224 seynificet.

240 1261 319 1299 Iam
361 1273 451 1299 vero
495 1260 597 1310 quod
636 1259 716 1297 Noe
755 1259 902 1296 homini
939 1259 1043 1296 iusto
1085 1264 1142 1308 et,
1183 1259 1285 1296 sicut
1315 1257 1362 1296 de
1394 1258 1458 1296 illo

125 1321 319 1370 scriptura
361 1319 530 1357 veridica
571 1318 765 1368 loquitur,
806 1318 845 1354 in
885 1327 952 1354 sua
991 1317 1242 1366 generatione
1283 1316 1458 1367 perfecto

124 1377 220 1427 (non
263 1379 397 1428 utique
440 1379 541 1415 sicut
580 1375 807 1427 perficiendi
846 1380 937 1412 sunt
975 1376 1078 1412 cives
1116 1375 1282 1412 civitatis
1313 1374 1383 1412 Dei
1419 1376 1459 1413 in

124 1436 187 1474 illa
219 1436 514 1486 inmortalitate,
553 1447 628 1485 qua
660 1433 931 1483 aequabuntur
958 1433 1103 1483 angelis
1136 1432 1220 1483 Dei,
1259 1432 1326 1470 sed
1359 1434 1461 1472 sicut

125 1507 211 1533 esse
238 1500 402 1545 possunt
429 1496 468 1532 in
488 1493 559 1531 hae
592 1493 904 1543 peregrinatione
937 1487 1122 1542 perfecti)
1154 1492 1320 1541 imperat
1345 1491 1460 1543 Deus,

125 1559 168 1591 ut
200 1565 329 1591 arcam
361 1554 492 1603 saciat,
530 1553 570 1589 in
603 1564 677 1601 qua
710 1562 799 1588 cum
831 1551 929 1600 suis,
966 1549 1003 1587 id
1037 1555 1096 1586 est
1127 1561 1266 1600 uxore,
1305 1549 1392 1587 filiis
1422 1556 1461 1588 et

126 1611 309 1662 nuribus,
347 1617 386 1649 et
419 1623 507 1648 euni
540 1608 786 1659 animalibus,
824 1620 921 1657 quae
955 1607 1001 1645 ad
1033 1607 1141 1645 illum
1172 1620 1218 1644 ex
1251 1606 1320 1645 Dei
1351 1620 1460 1658 prae-

127 1675 240 1720 cepto
272 1671 311 1707 in
345 1681 471 1707 arcam
515 1671 689 1718 ingressa
723 1672 831 1718 sunt,
868 1666 1101 1703 liberaretur
1133 1678 1152 1702 a
1184 1665 1316 1703 diluvii
1349 1667 1460 1704 vasti-

127 1734 224 1766 tate:
255 1728 392 1778 procul
419 1727 536 1765 dubio
570 1726 691 1776 figura
724 1731 783 1763 est
814 1725 1100 1775 peregrinantis
1131 1725 1170 1761 in
1203 1723 1275 1761 hoc
1308 1724 1462 1762 saeculo

127 1787 292 1824 civitatis
325 1785 405 1836 Dei,
438 1785 510 1822 hoc
544 1790 603 1822 est
634 1783 835 1834 eeclesiae,
867 1794 964 1832 quae
997 1783 1040 1820 fit
1071 1781 1171 1819 salva
1203 1794 1273 1832 per
1304 1781 1463 1834 lignum,

127 1846 165 1882 in
193 1857 269 1894 quo
297 1843 483 1894 pependit
509 1842 698 1880 mediator
731 1841 798 1878 Dei
830 1846 869 1878 et
900 1840 1111 1891 hominum,
1143 1840 1258 1877 homo
1285 1838 1463 1878 Christus

127 1903 247 1941 lesus.
311 1902 404 1939 Nan]
438 1907 475 1939 et
517 1911 722 1938 mensurae
756 1901 861 1949 ipsae
894 1898 1146 1948 longitudinis
1179 1903 1217 1935 et
1249 1897 1464 1936 altitudinis

128 1967 166 1999 et
198 1960 413 1999 latitudinis
451 1961 535 1997 eius
574 1958 793 2007 significant
831 1968 974 2006 corpus
1011 1955 1241 2006 humanum,
1279 1957 1317 1993 in
1352 1958 1464 1995 cuius

127 2021 288 2057 veritate
328 2019 373 2056 ad
413 2018 588 2055 homines
628 2016 922 2067 praenuntiatus
960 2019 1020 2052 est
1059 2019 1247 2052 venturus
1280 2020 1317 2052 et
1349 2016 1464 2052 venit.

225 2108 282 2150 18)
311 2106 398 2141 Gen.
428 2112 458 2149 6,
485 2110 515 2141 9.
568 2106 626 2148 28)
654 2109 684 2138 1.
712 2103 805 2138 Tim.
834 2107 865 2146 2,
892 2106 923 2138 5.

225 2240 242 2269 7
264 2236 473 2279 praetereat
499 2233 644 2267 VRAF
660 2234 672 2276 ΙΙ
692 2236 735 2266 22
757 2233 794 2266 et
813 2231 861 2265 fil.
882 2231 917 2265 R
936 2232 947 2274 ΙΙ
967 2234 1010 2264 23
1035 2230 1186 2265 nuribus
1213 2231 1291 2274 (om.
1319 2231 1368 2274 et)
1395 2230 1434 2264 F
1455 2230 1467 2275 Η

132 2286 173 2318 28
200 2284 311 2327 long,
339 2283 401 2316 alt.
429 2280 710 2322 latitudinisque
736 2289 756 2313 v
