1495 2489
48 730 90 760 10

48 1140 89 1170 15

47 1455 90 1486 20

47 1747 89 1777 25

47 2038 91 2069 30

116 96 171 136 96
655 105 681 130 s.
700 105 917 132 AUGUSTINI

115 197 280 234 marium
313 196 623 246 feminarumque
658 196 932 233 coniunctione
964 196 1210 246 proveniunt.
1272 194 1382 233 Unde
1415 202 1453 234 et

114 255 239 306 ipsae,
278 255 380 305 quod
418 260 574 305 praeter
611 253 729 292 Evam
768 265 961 304 nusquam
999 255 1196 304 reperitur
1234 259 1323 292 ante
1356 254 1452 293 dilu-

114 314 231 364 vium,
264 313 486 351 nominibus
512 313 682 363 propriis
716 314 988 363 exprimuntur
1020 324 1163 350 uxores
1195 312 1298 351 illius
1330 312 1452 351 homi-

116 373 194 422 nis,
234 373 299 422 qui
344 373 568 409 nominatur
610 371 673 409 1110
718 372 952 409 novissimus
989 377 1110 421 pater.
1175 370 1285 409 Sicut
1323 377 1453 410 autem

117 429 221 481 Cain,
255 429 357 480 quod
389 431 673 480 interpretatur
699 431 906 480 possessi0‚
938 435 1118 468 terrenae
1151 430 1330 468 conditor
1362 431 1452 468 civi-

118 489 224 539 111115,
257 494 296 526 et
328 488 429 526 filius
462 489 564 540 eius,
602 489 641 526 in
675 489 787 526 cuius
820 489 976 526 nomine
1010 488 1164 526 condita
1197 494 1273 540 est,
1306 488 1454 541 Enoch,

118 547 220 596 quod
265 548 550 597 interpretatur
591 546 803 598 dedicatio,
843 546 989 585 indicat
1025 548 1139 584 istam
1179 548 1374 585 civitatem
1415 552 1455 586 et

116 606 269 643 initium
316 611 355 643 et
398 606 513 643 finem
564 605 708 643 hahere
753 611 977 656 terrenum,
1022 605 1089 643 ubi
1133 604 1229 643 nihil
1273 611 1454 656 speratur

117 663 293 715 amplius,
326 675 441 714 quam
467 665 506 702 in
533 664 606 702 1100
634 663 788 702 saeculo
816 664 925 701 cerni
950 669 1098 714 potest:
1130 665 1181 701 ita
1209 663 1316 715 Seth,
1350 663 1453 714 quod

117 723 399 772 interpretatur
440 724 700 774 resurrectio,
745 734 833 760 011111
872 723 921 760 sit
960 723 1255 772 generationum
1295 734 1453 761 seorsus

116 787 506 820 commemoratarum
549 787 683 833 pater,
733 780 825 831 quid
869 780 917 818 de
960 780 1038 818 filio
1082 781 1165 818 eius
1209 792 1318 819 sacra
1358 780 1454 819 haec

115 838 277 878 historia
310 839 429 892 dicat,
461 839 692 878 intuendum
725 845 795 878 est.

615 988 770 1030 CAPUT
796 988 956 1031 XVIII.

121 1074 228 1120 Quid
255 1076 525 1122 siqnificatam
557 1076 609 1112 sit
639 1076 679 1112 in
706 1075 806 1112 Abel
834 1078 874 1112 et
903 1074 997 1112 Seth
1030 1078 1069 1112 et
1099 1074 1216 1121 Enos,
1248 1075 1356 1122 qaod
1384 1085 1452 1123 ap-

151 1138 302 1181 pareat
333 1135 389 1171 ad
424 1133 622 1171 Christum
654 1137 693 1171 et
723 1144 869 1181 corpas
901 1134 998 1179 εἷπε,
1029 1134 1074 1170 id
1103 1137 1161 1171 est
1191 1135 1412 1183 eeclesiam,

672 1193 890 1239 pertinere.

235 1273 286 1310 Et
311 1273 416 1322 Seth,
448 1274 586 1324 inquit,
618 1278 735 1311 natas
762 1278 817 1311 est
845 1275 965 1319 filias,
998 1278 1036 1311 et
1066 1275 1284 1311 nominavit
1314 1284 1453 1312 nomen

117 1333 201 1369 eius
246 1332 374 1376 Enos,·
417 1333 483 1370 hie
526 1333 703 1380 speravit
748 1333 937 1369 invocare
979 1342 1120 1370 nomen
1164 1332 1326 1370 Domini
1366 1332 1453 1370 Dei.

116 1389 263 1440 Nempe
309 1390 447 1428 clamat
491 1390 695 1428 adtestatio
740 1390 924 1427 veritatis.
997 1389 1041 1427 In
1086 1402 1153 1440 spe
1198 1391 1318 1440 igitur
1362 1391 1454 1428 vivit

116 1448 231 1486 homo
263 1447 366 1486 filius
398 1450 717 1500 resurrectionis3
750 1449 789 1485 in
822 1460 888 1498 spe
922 1449 1031 1495 vivit7
1064 1448 1248 1498 quamdiu
1280 1449 1452 1499 peregri-

117 1513 232 1545 natur
258 1506 332 1559 hic,
365 1508 499 1545 civitas
526 1507 606 1559 Dei,
638 1519 735 1557 quae
763 1507 934 1557 gignitur
966 1518 1012 1544 ex
1045 1506 1118 1544 fide
1151 1507 1454 1545 resurrectionis

118 1564 273 1603 Christi.
334 1565 392 1603 Ex
430 1565 583 1604 duobus
621 1577 788 1615 namque
821 1564 895 1602 illis
928 1564 1169 1616 hominibus,
1201 1564 1317 1616 Abel,
1349 1564 1453 1615 quod

117 1625 400 1674 interpretatur
431 1624 572 1675 luctus,
606 1629 644 1662 et
676 1625 759 1661 eius
792 1623 911 1661 fratre
946 1622 1051 1674 Seth,
1084 1623 1187 1673 quod
1220 1624 1452 1674 interpreta-

117 1688 181 1719 tur
222 1684 485 1729 resurrectio‚
530 1694 635 1720 mors
680 1682 824 1720 Christi
868 1688 907 1719 et
949 1683 1026 1719 vita
1068 1683 1151 1719 eius
1195 1694 1241 1719 ex
1286 1683 1452 1720 mortuis

117 1741 316 1791 figuratur,
379 1741 436 1778 Ex
482 1753 556 1791 qua
598 1740 671 1778 fide
710 1742 882 1791 gignitur
922 1739 985 1778 1110
1024 1741 1157 1778 civitas
1189 1739 1279 1792 Dei,
1323 1740 1362 1778 id
1394 1746 1454 1778 est

116 1798 253 1850 homo,
299 1801 363 1848 qui
410 1801 579 1849 speravit
623 1800 803 1837 invocare
847 1810 989 1836 nomen
1033 1798 1186 1836 Domini
1231 1798 1311 1836 Dei.
1374 1799 1454 1848 Spe

117 1860 221 1896 enim
251 1860 354 1896 salvi
380 1857 487 1906 facti
515 1869 669 1905 sumas,
701 1859 753 1895 ait
784 1856 993 1907 apostolus.
1056 1857 1153 1905 Spes
1185 1862 1318 1895 aulem
1349 1869 1454 1905 quae

117 1918 291 1963 videtur,
324 1928 403 1955 non
435 1921 493 1954 est
522 1928 620 1964 spes.
689 1916 804 1962 Quod
833 1917 936 1953 enim
968 1916 1074 1953 videt
1104 1917 1208 1962 quis,
1240 1917 1340 1963 qaid
1367 1928 1452 1964 spe-

117 1976 209 2011 rat?
259 1975 304 2012 Si
334 1980 464 2013 aulem
496 1975 604 2022 quod
633 1985 708 2012 non
742 1975 917 2012 videmus
947 1985 1166 2024 speramus,
1193 1986 1270 2022 per
1295 1976 1452 2023 patien—

118 2034 212 2070 tiam
263 2039 529 2082 expeclamas.
591 2032 686 2070 Nam
737 2033 824 2082 quis
869 2043 1003 2069 vacare
1048 2031 1122 2069 hoc
1167 2033 1363 2071 existimet
1406 2032 1452 2070 ab

214 2135 269 2177 18)
297 2133 385 2169 Gen.
413 2137 446 2176 4,
473 2137 528 2168 26.
579 2134 636 2176 30)
663 2133 765 2168 Rom.
794 2136 826 2175 8,
853 2136 897 2166 24
923 2144 975 2176 sq.

213 2267 256 2297 ‘28
284 2263 372 2306 quid
398 2275 449 2307 sp.
485 2262 536 2297 Vv
562 2262 643 2304 (vol.
671 2262 707 2304 I,
733 2265 812 2305 441,
840 2265 921 2305 19);
947 2262 1037 2305 qnid
1062 2262 1099 2296 et:
1125 2273 1176 2306 sp.
1205 2262 1277 2296 ΒΑ
