1495 2489
24 728 66 759 10

25 1021 67 1051 15

26 1312 68 1343 20

27 1605 69 1635 25

94 96 177 136 146
637 105 663 130 s.
683 104 899 131 Aoons'nm

92 195 137 233 ad
172 195 328 233 modum
361 206 430 245 per
457 200 607 232 ceteras
640 199 787 244 gentes.
848 193 931 232 Una
961 195 1081 245 igitur
1106 194 1255 233 Tharae
1287 195 1426 234 domus

92 259 192 305 erat,
231 253 277 291 de
319 265 396 303 quo
429 258 542 290 natus
583 257 642 289 est
672 251 882 303 Abrabam,
919 253 959 290 in
991 265 1066 304 qua
1097 255 1213 292 unius
1245 255 1325 292 veri
1358 254 1426 292 Dei

93 312 221 350 cultus
261 318 316 362 et,
356 316 544 361 quantum
578 309 763 348 credibile
797 316 872 361 est,
913 312 952 348 in
986 323 1058 361 qua
1091 313 1165 349 iam
1198 312 1277 350 sola
1311 314 1426 350 etiam

92 370 267 408 Hebraea
312 370 442 419 lingua
483 374 724 407 remanserat
761 364 956 421 (quamvis
993 375 1032 408 et
1067 371 1171 421 ipsa,
1214 372 1314 409 sicut
1351 372 1427 409 iam

92 429 334 466 manifestior
374 427 443 464 Dei
487 426 654 477 populus
691 428 731 464 in
763 426 953 478 Aegypto,
990 429 1042 466 ita
1079 430 1119 466 in
1151 428 1426 479 Mesopotamia

94 488 261 525 servisse
296 486 368 523 diis
401 485 535 523 alienis
568 485 657 523 Iesu
688 484 790 523 Nave
824 492 1005 524 narrante
1038 483 1252 539 referatur)
1285 488 1427 526 ceteris

94 558 139 583 ex
182 545 367 595 progenie
410 543 513 582 illlus
544 543 674 581 Heber
711 545 751 581 in
789 544 939 594 linguas
977 544 1161 595 paulatim
1194 544 1285 584 alias
1317 551 1356 584 et
1386 547 1427 584 in

94 605 270 642 nationes
312 602 404 641 alias
445 602 718 640 defluentibus.
780 601 948 640 Proinde
990 605 1092 642 sieut
1127 615 1198 654 per
1240 615 1428 654 aquarum

94 662 282 700 diluvium
318 673 396 699 una
434 660 572 699 domus
602 660 683 699 Noe
723 667 963 699 remanserat
994 661 1039 699 ad
1073 662 1332 712 reparandum
1363 674 1427 713 ge-

92 732 167 758 nus
212 720 448 771 humanum,
488 720 544 757 sie
590 720 630 757 in
668 718 810 757 diluvio
855 719 1063 758 multarum
1105 722 1428 771 superstitionum

93 791 164 829 per
207 780 433 816 universum
472 778 660 816 mundum
697 788 773 815 una
814 784 1055 816 remanserat
1085 778 1223 817 domus
1267 778 1429 831 Tharae‚

93 839 132 875 in
165 848 241 886 qua
273 836 466 875 custodita
499 841 559 874 est
588 836 774 887 plantatio
807 837 972 874 civitatis
1004 836 1084 875 Dei.
1146 836 1320 888 Denique
1353 839 1427 876 sic-

94 901 137 934 ut
180 895 258 933 illic
296 896 534 933 enumeratis
579 906 694 945 supra
733 894 1050 944 generationibus
1088 907 1211 945 usque
1256 895 1303 934 ad
1346 896 1427 935 Noe

95 953 209 992 simul
254 965 342 991 cum
381 965 572 991 annorum
617 954 791 991 numeris
834 959 873 990 et
913 955 1087 1004 exposita
1128 953 1261 992 diluvii
1301 966 1428 1005 causa,

95 1014 323 1063 priusquam
365 1011 467 1050 Deus
508 1013 700 1062 inciperet
740 1010 787 1048 de
836 1023 924 1049 arca
972 1011 1192 1050 fabricanda
1232 1012 1339 1063 loqui
1381 1013 1427 1051 ad

94 1071 197 1122 Noe,
242 1070 401 1108 dicitur:
447 1071 535 1109 Hae
572 1075 703 1108 autem
739 1072 1020 1117 qenercztiones
1058 1071 1160 1109 Noe:
1200 1072 1252 1109 ita
1290 1077 1329 1109 et
1365 1071 1428 1110 hic

95 1130 334 1167 enumeratis
361 1127 678 1179 generationibus
711 1127 757 1165 ab
789 1127 865 1179 illo,
897 1130 964 1179 qui
995 1134 1054 1166 est
1086 1128 1298 1179 appellatus
1326 1128 1428 1177 Sem,

95 1187 172 1225 filio
200 1187 293 1238 Noe,
326 1199 450 1237 usque
485 1187 530 1224 ad
557 1186 760 1237 Abraham,
793 1185 931 1224 deinde
964 1188 1127 1237 insignis
1159 1187 1347 1226 articulus
1379 1189 1427 1226 si-

96 1246 239 1283 militer
265 1246 424 1295 ponitur
451 1250 494 1283 ut
520 1245 688 1283 dicatur:
720 1245 808 1282 Hae
832 1250 923 1283 sunt
946 1247 1229 1292 yeneratz'ones
1259 1246 1427 1286 Tharae.

100 1304 235 1342 leara
263 1305 403 1352 §enuit
435 1304 582 1341 Abram
617 1308 655 1341 et
680 1303 844 1341 Naclzor
875 1308 912 1341 et
942 1304 1092 1354 Arran,
1124 1308 1162 1342 et
1192 1304 1331 1343 Arran
1359 1317 1427 1353 qe-

95 1365 182 1401 mce't
218 1362 328 1400 Loth.
392 1362 442 1399 Et
479 1366 658 1400 mortuus
696 1367 752 1399 est
790 1362 928 1399 Arran
966 1373 1103 1400 coram
1140 1361 1275 1401 Thara
1308 1369 1429 1411 patre

94 1432 165 1459 suo
198 1423 239 1458 in
271 1426 382 1458 terra
416 1422 455 1457 in
488 1432 568 1467 qua
599 1424 717 1457 natus
749 1428 819 1466 esc,
854 1421 893 1457 ἰη
925 1421 1089 1467 reffl'one
1125 1420 1427 1460 Chaldaeorum.

96 1480 148 1518 Et
176 1480 342 1528 sumpsit
371 1478 521 1516 Abram
554 1483 592 1516 et
623 1478 786 1516 Naclzor
816 1478 893 1516 sibi
922 1490 1091 1522 uxores;
1122 1489 1262 1517 nomen
1285 1476 1427 1519 'mulie-

96 1540 154 1576 ris
204 1538 355 1575 Abram
398 1537 506 1574 Sara
551 1542 589 1574 et
638 1547 777 1575 nomen
827 1538 1004 1574 mulieris
1048 1537 1212 1575 Nachor
1256 1538 1429 1589 ΜεῖεΙια,

92 1598 182 1643 lilia
214 1597 363 1633 Arran.
425 1593 502 1632 Iste
535 1596 658 1632 Arran
696 1600 806 1645 pater
838 1593 1007 1632 Melchae
1048 1594 1121 1632 fuit
1163 1601 1200 1633 et
1231 1601 1342 1646 pater
1373 1595 1428 1634 Ie-

97 1666 205 1705 scae,
249 1664 347 1704 quae
389 1651 495 1691 Iesca
540 1652 714 1691 creditur
756 1654 838 1703 ipsa
883 1664 968 1690 esse
1012 1654 1127 1691 etiam
1171 1652 1287 1692 Sarra
1330 1666 1429 1693 uxor

94 1711 280 1750 Abrahae.

193 1824 226 1866 6)
252 1823 321 1857 Ios.
349 1827 404 1865 24,
431 1826 461 1856 2.
516 1825 571 1865 16)
599 1822 686 1858 Gen.
714 1826 746 1864 6,
773 1827 803 1857 9.
856 1825 913 1865 25)
940 1822 1027 1857 Gen.
1057 1827 1111 1866 11,
1137 1826 1180 1857 27
1209 1835 1287 1867 sqq.

190 1979 210 2009 2
238 1975 281 2009 de
310 1985 380 2018 quo
415 1973 556 2014 VR²F‚·
582 1972 625 2007 de
652 1984 724 2015 qua
748 1972 857 2006 R¹L0
888 1974 900 2016 ΙΙ
930 1977 951 2006 4
976 1973 1059 2016 ipsa
1090 1973 1257 2008 V²Parr.
1284 1985 1324 2016 v,·
1347 1975 1427 2019 ipse

104 2022 263 2056 V¹RFL
282 2023 293 2065 ΙΙ
314 2026 356 2055 16
377 2021 430 2054 ita
449 2031 513 2055 om.
534 2019 570 2053 R
589 2021 600 2063 ΙΙ
620 2023 662 2053 23
685 2021 918 2063 sumpserunt
930 2030 949 2053 ¹z>
969 2021 980 2063 ΙΙ
1000 2023 1042 2053 25
1063 2020 1144 2064 (bis)
1165 2031 1267 2055 aram
1294 2021 1403 2055 VRF
1419 2024 1428 2060 ¹!

98 2073 142 2104 26
169 2079 270 2102 sarra
304 2067 369 2101 VR
394 2067 454 2110 (cf.
482 2077 509 2101 c.
536 2069 622 2109 26);
649 2065 736 2100 Sara
760 2077 780 2099 v
