1611 2465
73 717 114 748 10

74 1011 114 1041 15

71 1304 115 1335 20

70 1597 114 1628 25

70 1891 114 1922 30

142 82 228 124 374
678 92 704 116 s.
724 91 941 118 AUGUS'HNI

141 182 235 233 suit,
274 183 362 232 quia
396 182 469 220 tale
504 187 723 219 monstrum
755 182 837 231 ipse
871 193 948 219 non
980 183 1132 233 genuit3
1172 182 1267 220 nihil
1299 184 1481 233 cuiquam

141 240 262 292 daret,
295 240 362 278 sed
396 252 416 278 a
450 252 525 290 quo
558 245 690 290 posset
722 239 911 290 quidquid
944 239 1059 278 vellet
1090 246 1129 279 et
1162 241 1316 291 quando
1348 248 1481 292 posset

142 311 256 350 quem
298 298 412 337 vellet
452 299 642 337 auferret:
684 304 813 337 tamen
854 300 892 336 in
934 300 1016 349 ipsa
1058 311 1126 338 sua
1165 299 1351 350 spelunca
1393 299 1480 338 soli-

143 359 251 409 taria,
283 359 412 408 cuius,
444 363 487 395 ut
519 356 773 405 describitur,
806 369 961 408 semper
993 359 1143 396 recenti
1175 358 1292 396 caede
1325 358 1482 409 tepebat

144 416 295 467 humus,
328 415 423 454 nihil
456 415 558 454 aliud
592 428 707 466 quam
739 427 874 467 pacem
906 415 1069 468 volebat,
1101 418 1140 455 in
1174 429 1249 468 qua
1280 429 1394 455 nemo
1426 417 1482 455 illi

142 475 329 513 molestus
362 480 483 526 esset,
522 487 593 513 nec
633 476 717 513 eius
750 476 921 525 quietem
953 476 1009 513 vis
1042 474 1158 513 ullius
1178 473 1366 514 'terrorve
1399 482 1481 514 tur-

142 533 262 571 baret.
326 532 423 571 Cum
450 545 615 584 corpore
643 534 810 583 denique
845 545 916 571 suo
942 546 1077 584 pacem
1111 533 1254 572 habere
1287 533 1481 586 cupiebat,

142 598 180 630 et
213 597 400 642 quantum
434 591 610 643 habebat,
643 597 792 630 tantuin
826 591 924 630 bene
958 592 1012 630 illi
1045 598 1138 631 erat.
1202 592 1364 638 Quando
1398 595 1480 644 qui-

142 650 230 688 dem
274 649 461 689 membris
506 650 868 701 obtemperantibus
912 650 1151 703 imperabat,
1202 657 1241 690 et
1285 656 1328 690 ut
1372 664 1481 690 suam

143 709 417 747 mortalitatem
462 709 666 747 adversum
710 721 751 747 se
797 721 843 747 ex
887 709 1101 760 indigentia
1141 709 1396 748 rebellantem
1438 722 1482 748 ac

142 767 373 806 seditionem
412 768 522 806 samis
562 768 607 806 ad
647 767 930 806 dissociandam
972 773 1088 818 atque
1121 768 1401 807 excludendam
1434 769 1481 807 de

142 838 306 877 corpore
350 828 516 864 animam
561 828 822 865 concitantem
866 833 1010 877 quanta
1053 833 1189 877 posset
1233 827 1481 866 festinatione

140 890 314 936 pacaret,
352 884 527 936 rapiebat
564 884 726 924 necabat
764 884 923 923 vorabat
962 891 1001 924 et
1033 887 1207 936 quamvis
1239 887 1406 924 inmanis
1438 897 1482 924 ac

142 944 249 982 ferus
281 945 367 994 paci
399 949 527 981 tamen
570 956 661 982 suae
694 945 793 982 vitae
826 943 1037 983 a'c.salutis
1069 945 1278 982 inmaniter
1311 944 1481 997 etsero-

143 1004 240 1040 citer
267 1002 512 1054 consulebat3
545 1014 588 1040 ac
620 1015 690 1053 per
722 1002 795 1040 hoc
829 1004 861 1040 si
892 1014 1040 1054 pacem,
1072 1015 1187 1053 quam
1219 1005 1258 1041 in
1292 1015 1360 1041 sua
1393 1015 1502 1054 spe-,

140 1061 253 1099 lunca
292 1066 408 1115 atque
449 1063 488 1099 in
529 1073 569 1099 se
612 1063 695 1111 ipso
734 1060 877 1099 habere
917 1063 1009 1099 satis
1049 1061 1202 1112 agebat,
1244 1063 1360 1100 etiam
1392 1073 1481 1100 cum

141 1119 224 1157 aliis
266 1119 410 1157 habere
438 1119 585 1171 -vellet,
628 1132 700 1158 nec
739 1119 863 1158 malus
902 1132 973 1158 nec
1012 1126 1231 1158 monstrum
1263 1132 1336 1158 nec
1368 1122 1481 1158 semi-

142 1178 256 1216 homo
294 1184 512 1216 vocaretur.
575 1179 650 1216 Aut
688 1179 720 1216 si
753 1179 837 1217 eius
869 1179 1046 1229 corporis
1080 1179 1202 1216 forma
1235 1184 1274 1216 et
1304 1184 1481 1217 atrorum

142 1238 290 1286 ignium
334 1238 501 1275 vomitus
546 1236 592 1274 ab
639 1248 683 1274 eo
728 1236 952 1275 deterrebat
995 1237 1196 1275 hominum
1241 1238 1480 1289 societatem,

145 1297 242 1334 torte
275 1307 352 1333 non
385 1295 552 1334 nocendi
584 1295 815 1347 cupiditate,
848 1295 915 1333 sed
948 1295 1100 1334 vivendi
1132 1297 1365 1334 necessitate
1399 1307 1480 1334 sae-

144 1353 278 1393 viebat.
341 1353 485 1392 Verum
525 1355 598 1393 iste
638 1366 714 1392 non
754 1354 873 1392 suerit
913 1353 990 1406 vel,
1029 1353 1132 1404 quod
1166 1355 1286 1404 magis
1319 1354 1480 1392 creden—

141 1412 233 1450 dum
266 1418 337 1464 est,
369 1412 455 1450 talis
482 1425 560 1451 non
592 1413 721 1463 suerit,
754 1412 878 1462 qualis
909 1414 1061 1463 poetica
1093 1414 1260 1450 vanitate
1292 1412 1505 1451 describi-·

141 1476 222 1521 tur3
265 1472 339 1509 nisi
372 1473 475 1509 enim
509 1472 623 1509 nimis
655 1477 908 1509 accusaretur
941 1471 1082 1522 Cacus,
1120 1483 1257 1521 parum
1291 1471 1480 1510 Hercules

141 1529 377 1567 laudaretur.
439 1529 542 1568 Talis
583 1542 676 1581 ergo
714 1529 829 1567 homo
868 1531 948 1568 sive
987 1529 1201 1568 semihomo
1243 1530 1401 1582 melius,
1438 1535 1482 1569 ut

142 1588 238 1640 dixi,
271 1589 446 1627 creditur
479 1601 556 1626 non
587 1589 726 1640 fuisse,
766 1590 868 1627 sicut
899 1588 1019 1627 multa
1051 1589 1232 1639 figmenta
1264 1594 1479 1639 poetarum.

142 1647 249 1698 lpsae
296 1648 398 1685 enim
443 1648 687 1685 saevissimae
730 1648 856 1698 serae,
900 1647 1003 1685 unde
1049 1646 1112 1685 ille
1153 1652 1303 1697 partem
1346 1646 1482 1685 habuit

141 1706 306 1744 feritatis
348 1702 457 1757 (nam
499 1712 537 1744 et
564 1700 785 1745 ¹semiferus
824 1705 951 1744 dictus
984 1702 1083 1758 est),
1121 1717 1243 1756 genus
1276 1707 1480 1757 proprium

141 1763 306 1814 quadam
332 1776 425 1814 pace
453 1764 690 1816 custodiunt,
723 1764 900 1803 coeundo
926 1764 1119 1815 gignendo
1146 1764 1344 1815 pariendO,
1377 1764 1480 1802 fetus

141 1823 306 1861 fovendo
340 1828 455 1873 atque
495 1823 722 1874 nutriendo,
761 1835 849 1861 cum
883 1824 961 1862 sint
991 1822 1200 1874 pleraeque
1232 1821 1480 1861 insociabiles

143 1886 181 1919 2-1,
219 1881 425 1933 solivagae3
465 1894 541 1919 non
581 1881 730 1919 scilicet
769 1887 811 1920 ut
849 1894 939 1919 oves
981 1883 1084 1919 cervi
1117 1879 1318 1919 columbae
1351 1882 1480 1919 sturni

141 1952 249 1991 apes,
289 1940 355 1978 sed
396 1946 438 1978 ut
477 1937 608 1978 leones
646 1940 727 1990 lupi
767 1940 901 1990 vulpes
938 1939 1087 1990 aquilae
1131 1944 1309 1977 noctuae.
1371 1938 1479 1984 Quae

141 2000 244 2036 enim
290 2000 399 2048 tigris
444 2010 521 2037 non
566 1998 653 2036 filiis
697 2000 778 2036 suis
822 1999 925 2036 mitis
969 1999 1230 2036 inmurmurat
1268 2003 1306 2036 et
1346 2003 1480 2049 pacata

235 2102 269 2144 5)
295 2100 403 2144 Vei-g.
432 2101 521 2135 Aen.
549 2104 580 2143 8,
609 2103 674 2134 195
701 2111 753 2143 sq.
804 2100 861 2142 27)
888 2100 978 2133 Aen.
1005 2104 1037 2143 8,
1064 2102 1143 2134 267.

237 2223 256 2250 3
283 2228 392 2260 quem
418 2217 512 2259 Refi-
540 2227 622 2250 cum
648 2216 761 2260 AL9;
786 2217 824 2250 et
848 2217 1024 2259 quantum
1051 2227 1088 2250 ct·
1119 2217 1130 2260 ΙΙ
1162 2219 1205 2250 31
1233 2215 1312 2260 lupi
1337 2215 1372 2249 A
1396 2215 1478 2257 (vol.

142 2263 179 2305 I,
206 2266 397 2305 541¹³¹,-.31„);
423 2274 488 2297 om.
515 2263 606 2297 RLt·
