1611 2465
55 725 97 755 10

124 93 208 134 298
667 103 694 127 s.
716 102 934 128 Auensrmr

1205 160 1223 171 ι

123 192 360 244 HIeronymi,
393 191 545 242 quando
571 191 902 242 prophetaverint,
932 193 1139 231 invenitur.
1189 193 1330 231 Abdias
1356 194 1460 231 enim

124 253 274 301 positus
302 257 361 288 est
387 250 543 300 quidem
576 249 622 287 ab
655 251 710 287 eis
743 261 832 287 cum
858 249 1039 302 Michaea,
1072 251 1139 289 sed
1174 264 1249 289 non
1283 264 1329 289 eo
1360 251 1459 303 loco,

124 309 190 347 ubi
228 315 411 348 notantur
450 314 646 359 tempora,
691 307 844 358 quando
876 307 1088 347 Michaeam
1125 309 1379 360 prophetasse
1413 322 1459 348 ex

124 369 208 406 eius
247 367 387 405 litteris
426 371 594 418 constat3
634 366 737 416 quod
777 378 910 404 errore
950 367 1202 418 neglegenter
1235 368 1458 407 descrihen-

124 428 220 464 tinm
253 425 406 463 labores
445 425 590 463 alienos
628 426 806 463 existimo
840 426 1067 477 contigisse3
1108 426 1206 465 duos
1239 439 1331 465 vero
1364 427 1459 465 alios

125 489 447 522 commemoratos
478 485 519 521 in
551 483 751 521 codicibus
783 482 1078 536 chronicorum,
1111 497 1208 535 quos
1240 484 1459 537 habuimus,

124 555 200 580 non
234 544 433 592 potuimus
464 543 650 580 invenire.
713 541 859 579 Tamen
893 544 981 592 quia
1015 555 1162 581 canone
1196 546 1460 596 continentur,

124 613 196 638 nec
228 602 302 651 ipsi
334 605 489 651 oportet
519 605 817 651 praetereantur
848 613 868 638 a
900 600 1023 640 nobis.
1085 601 1238 650 AbdiaS,
1271 608 1460 653 quantum

124 659 168 696 ad
208 661 443 709 scripturam
481 660 565 697 eius
597 658 765 710 adtinet,
802 660 976 697 omnium
1008 659 1261 699 brevissimus
1293 661 1459 712 prophe-

126 724 262 768 tarum,
295 717 480 755 adversus
507 717 727 757 Idumaeam
759 717 944 769 loquitur,
976 724 1132 768 gentem
1165 719 1314 757 scilicet
1344 719 1460 771 Esau,

125 788 169 814 ex
197 776 350 814 dnobus
376 777 540 826 geminis
572 775 660 813 filiis
692 774 810 827 Isaac,
843 775 1050 826 nepotibus
1083 776 1270 828 Abrahae,
1303 779 1460 816 maioris

123 834 226 872 illius
253 834 461 885 reprobati.
511 833 634 872 Porro
667 835 699 871 si
730 833 952 872 Idumaeam
984 834 1098 873 modo
1131 835 1350 887 locutionis,
1383 848 1459 887 quo

94 892 362 943 'intellegitur
401 904 421 930 a
459 899 568 943 parte
606 898 751 944 totum,
796 894 1031 943 accipiamus
1071 895 1235 944 positam
1270 907 1355 933 esse
1387 907 1459 946 pro

54 1016 95 1046 15

52 1307 97 1337 ‘20

51 1598 95 1628 25

51 1888 94 1919 30

48 2204 91 2234 35

123 951 321 1001 gentihus:
358 963 568 1002 possumus
606 951 652 989 de
686 951 839 989 Christo
872 963 1101 1003 agnoscere,
1140 952 1242 1002 qnod
1275 954 1331 1002 ait
1357 955 1460 992 inter

123 1016 270 1048 cetera:
303 1010 351 1047 In
384 1015 513 1048 monte
543 1015 674 1047 autem
701 1010 795 1047 Sion
829 1012 907 1047 erit
936 1012 1045 1048 salus
1077 1016 1115 1048 et
1147 1014 1223 1049 erit
1254 1018 1460 1058 sanctum,-

125 1073 161 1106 et
188 1068 300 1118 paulo
327 1073 415 1118 post
446 1069 485 1105 in
518 1068 593 1105 fine
626 1069 748 1117 ipsius
781 1067 1026 1118 prophetiae:
1059 1069 1109 1106 Et
1141 1071 1369 1117 ascendent,
1401 1072 1457 1108 in·

125 1128 218 1177 quit,
245 1128 438 1164 resalvati
461 1138 513 1164 ex
537 1131 666 1164 monte
692 1126 798 1172 Sion,
830 1131 875 1164 ut
900 1126 1119 1174 defendant
1143 1133 1310 1167 montem
1336 1129 1458 1176 Esau,

123 1190 161 1222 et
202 1187 280 1222 erit
317 1185 483 1222 Domino
522 1195 702 1231 reanum.
764 1185 933 1235 Apparet
971 1187 1114 1235 qnippe
1154 1186 1190 1224 id
1230 1198 1315 1225 esse
1355 1200 1457 1226 com-

122 1242 290 1293 pletum,
333 1254 422 1280 cum
460 1241 639 1280 resalvati
680 1254 725 1280 ex
759 1249 889 1280 monte
924 1242 1037 1294 Sion,
1078 1243 1115 1281 id
1150 1250 1209 1282 est
1241 1257 1285 1282 ex
1319 1245 1458 1284 Iudaea

123 1300 329 1338 credentes
355 1302 395 1337 in
422 1300 632 1350 Christum,
665 1301 731 1350 qui
756 1302 964 1351 praecipue
992 1309 1258 1352 agnoscuntur
1284 1304 1459 1356 apostoli,

123 1358 404 1410 ascenderunt,
447 1364 491 1396 ut
534 1358 790 1397 defenderent
829 1364 1000 1397 montem
1039 1359 1153 1398 Esau.
1217 1361 1302 1406 Quo
1343 1362 1458 1401 modo

123 1416 399 1467 defenderent,
438 1417 513 1454 nisi
550 1428 620 1467 per
660 1417 846 1466 evangelii
887 1418 1215 1468 praedicationem
1248 1420 1372 1458 salvos
1404 1421 1457 1459 fa-

123 1474 261 1513 ciendo
303 1487 369 1513 eos
411 1476 477 1524 qui
518 1474 790 1527 crediderunt,
835 1481 877 1514 ut
915 1483 1150 1515 eruerentur
1187 1477 1233 1516 de
1266 1484 1457 1529 potestate

122 1532 372 1571 tenebrarum
406 1538 444 1571 et
475 1534 785 1571 transferrentur
816 1535 855 1571 in
888 1546 1052 1584 regnum
1085 1533 1183 1574 Dei?
1222 1536 1333 1581 Quod
1367 1549 1456 1576 con·

123 1598 333 1641 sequenter
375 1593 567 1642 expressit
610 1591 803 1630 addendo:
854 1593 905 1630 Et
948 1595 1025 1631 erit
1068 1594 1234 1633 Domino
1278 1607 1456 1643 reqnum.

122 1649 232 1687 Mons
272 1651 373 1687 enim
408 1649 501 1687 Sion
533 1649 712 1687 Iudaeam
752 1651 959 1701 significat,
998 1651 1063 1689 ubi
1097 1652 1228 1690 futura
1259 1653 1456 1703 praedicta

122 1714 182 1746 est
208 1707 310 1746 salus
338 1713 376 1745 et
403 1713 592 1759 sanctum,
627 1708 729 1758 quod
757 1714 816 1747 est
843 1708 1021 1747 Christus
1047 1709 1167 1748 lesus
1229 1710 1338 1750 Mons
1364 1724 1455 1750 vero

121 1765 222 1804 Esau
255 1765 433 1803 Idumaea
467 1772 542 1817 est,
584 1778 654 1816 per
687 1779 801 1815 quam
833 1768 1046 1817 significata
1078 1774 1137 1805 est
1169 1769 1331 1807 ecclesia
1363 1782 1455 1820 gen-

121 1826 230 1875 tium,
263 1836 377 1874 quam
405 1823 676 1875 defenderunt,
709 1826 809 1862 sicut
836 1827 1009 1876 exposui,
1041 1825 1219 1864 resalvati
1246 1839 1290 1865 ex
1324 1834 1454 1867 monte

123 1882 228 1933 Sion,
260 1888 303 1920 ut
337 1887 440 1920 esset
472 1881 635 1919 Domino
668 1894 842 1932 regnum.
905 1882 986 1920 Hoc
1019 1883 1230 1922 obscurum
1263 1891 1357 1937 erat,
1389 1898 1453 1924 an—

122 1946 277 1990 tequam
311 1940 438 1991 sieret3
471 1939 539 1978 sed
572 1940 715 1977 factum
749 1942 835 1990 quis
868 1952 945 1978 non
977 1940 1101 1979 fidelis
1133 1941 1344 1992 agnoscat?

237 2021 360 2059 Naum
394 2033 484 2059 vero
518 2020 729 2072 propheta,
761 2022 877 2059 immo
910 2033 980 2072 per
1012 2021 1121 2060 illum
1154 2022 1275 2063 Deus:
1308 2025 1452 2064 Exter-

120 2081 289 2130 minabo,
320 2081 458 2130 inquit,
489 2081 690 2128 sculptilia
715 2084 753 2117 et
778 2082 1008 2127 conflatilia,
1036 2093 1184 2129 ponam
1209 2085 1454 2132 sepulturam

119 2143 250 2183 luam;
282 2140 377 2185 quia
403 2140 554 2176 veloces
580 2149 674 2176 ecce
699 2149 820 2185 super
845 2144 993 2176 montes
1015 2141 1138 2187 peaes
1171 2144 1452 2189 evanqelizan-

119 2198 167 2233 tis
205 2200 242 2234 et
279 2197 555 2234 adnuntiantis
588 2207 740 2244 pacem.
814 2196 996 2244 Celebra,
1042 2197 1163 2244 Iuda,
1207 2194 1290 2237 dies
1330 2199 1453 2247 festos

118 2258 221 2301 tuos,
259 2255 383 2291 redde
421 2259 510 2292 vota
549 2259 641 2298 iua;
679 2257 775 2301 quia
814 2256 892 2292 iam
930 2266 1009 2293 non
1042 2257 1220 2295 adicient
1251 2260 1377 2306 ultra,
1410 2263 1453 2296 ul

1597 1351 1604 1380 ow
1598 1267 1604 1326 «α.-
