1611 2465
112 770 152 801 10

111 1062 153 1093 15

111 1942 154 1972 30

182 31 269 71 434
722 38 748 64 s.
769 38 987 65 AUGUSTINI

725 182 876 225 CAPUT
908 183 980 225 XI.

180 271 240 309 Be
269 270 353 317 Goq
384 275 422 308 et
447 269 610 317 Maqoy,
643 280 741 316 quos
773 270 830 307 ad
855 271 1174 317 persequendam
1206 271 1414 309 ecclesiam
1446 270 1524 309 Dei

309 330 459 366 solatus
487 339 616 376 prope
645 330 766 374 finem
798 329 953 365 saeculi
983 329 1164 367 diabolus
1198 329 1389 367 incitabit.

298 410 350 447 Et
387 421 476 447 cum
509 411 619 456 liniti
652 408 825 460 fuerint,
870 410 1015 460 inquit,
1053 413 1158 448 mille
1196 413 1310 462 anni,
1346 413 1520 450 solvetur

179 474 346 507 satanas
379 470 427 506 de
459 469 642 506 custodia
674 479 765 515 sua,
798 472 836 506 et
867 469 993 506 exibit
1023 470 1080 507 ad
1107 471 1358 508 seducendas
1390 471 1517 508 natio-

178 540 259 575 nes,
285 539 390 575 quae
414 532 508 565 sunt
534 529 574 564 in
601 531 792 574 quattuor
819 528 978 574 anqulis
1004 532 1151 574 terrae,
1182 528 1266 576 θος
1292 532 1330 566 et
1355 528 1519 576 Mayoy,

178 591 216 624 et
247 587 382 624 trahet
413 596 478 624 eos
511 587 551 623 in
584 586 743 631 bellum,
776 596 945 632 quorum
976 597 1167 624 numeras
1199 591 1258 625 est
1287 591 1332 624 ut
1361 587 1519 625 harena

177 647 313 683 maris.
376 643 431 682 Ad
458 643 532 681 hoc
559 655 651 694 ergo
684 649 777 681 tunc
811 642 982 696 seducet,
1014 650 1058 682 ut
1089 646 1128 682 in
1160 644 1232 683 hoc
1264 644 1410 682 bellum
1442 650 1519 683 tra-

178 702 254 741 hat.
317 702 414 740 Nam
441 708 479 740 et
505 708 618 740 antea
650 701 774 739 modis
808 701 950 752 quibus
982 708 1136 753 poterat
1166 715 1237 754 per
1269 702 1366 741 mala
1399 703 1519 742 multa

181 767 219 800 et
250 763 354 799 varia
392 760 614 799 seducebat.
676 761 817 798 Exibit
854 766 984 798 autem
1022 761 1169 799 dictum
1209 767 1268 800 est
1305 763 1375 814 „in
1408 774 1518 812 aper—

178 826 258 859 tam
289 821 605 871 persecutionem
644 819 690 857 de
730 818 889 857 latebris
921 826 1102 886 erumpet
1133 817 1355 858 odiorum.“
1415 820 1519 859 Haec

180 880 284 917 enim
316 880 392 917 erit
423 879 631 916 novissima
663 879 899 929 pe1secuti0‚
931 879 1141 916 novissimo
1173 880 1388 917 inminente
1420 878 1516 917 iudi-

180 939 261 989 cio,
306 949 419 987 quam
466 942 599 975 sancta
638 936 801 974 ecclesia
838 941 920 974 toto
965 941 1160 975 tenarum
1199 936 1292 975 orbe
1337 939 1519 989 patietur,

179 998 361 1035 unive1sa
403 995 551 1033 scilicet
589 996 722 1033 civitas
760 986 904 1032 Christi
942 994 988 1032 ab
1031 997 1211 1034 universa
1256 995 1397 1034 diaboli
1429 997 1518 1034 civi-

179 1061 280 1106 tate,
322 1059 634 1104 quantacumque
675 1054 749 1091 e1it
787 1058 952 1103 unaque
998 1066 1117 1104 supel
1156 1059 1312 1093 temam.
1375 1053 1519 1093 Gentes

181 1115 324 1164 quippe
363 1114 478 1164 istae,
523 1124 618 1162 quas
658 1111 824 1162 appellat
856 1110 938 1161 Gog
970 1117 1008 1149 et
1039 1112 1192 1164 Magog,
1229 1124 1307 1150 non
1340 1114 1396 1151 sic
1428 1119 1520 1151 sunt

181 1171 441 1222 accipiendae,
472 1177 669 1220 tamquam
696 1171 774 1208 sint
805 1169 922 1220 aliqui
951 1172 990 1207 in
1023 1170 1149 1220 aliqua
1181 1176 1290 1221 parte
1323 1177 1519 1209 terrarum

180 1230 335 1268 barbari
368 1230 584 1279 constituti,
617 1230 696 1266 sive
730 1240 828 1278 quos
861 1228 1017 1278 quidam
1050 1231 1300 1280 suspicantur
1333 1229 1448 1268 Getas
1481 1235 1520 1268 et

180 1289 414 1339 Massagetas
445 1292 607 1338 propter
644 1286 792 1324 litteras
832 1286 972 1325 horum
1005 1289 1205 1326 nominum
1237 1289 1400 1340 primas,
1438 1289 1519 1326 sive

180 1347 330 1398 aliquos
380 1346 474 1384 alios
525 1345 760 1396 alienigenas
811 1349 849 1383 et
893 1357 913 1383 3
959 1345 1133 1383 Romano
1176 1347 1262 1384 iure
1307 1347 1517 1385 seiunctos.

180 1406 278 1444 Toto
324 1416 490 1455 namque
535 1403 628 1442 orbe
678 1410 871 1442 terrarum
915 1404 1120 1454 significati
1169 1410 1260 1443 sunt
1310 1406 1376 1443 isti
1420 1417 1518 1457 esse,

181 1477 270 1503 cum
303 1465 450 1502 dictum
484 1469 541 1501 est
573 1465 755 1501 nationes
793 1474 897 1510 quae
933 1468 1025 1501 sunl
1063 1465 1103 1501 in
1135 1468 1326 1511 quattuor
1358 1466 1519 1511 anqulis

181 1529 329 1570 terrae,
363 1534 504 1572 easque
531 1521 698 1559 subiecit
730 1533 815 1558 esse
852 1522 936 1568 Goq
967 1526 1004 1560 et
1030 1521 1190 1570 Mayoq.
1253 1522 1428 1566 Quorum
1460 1523 1517 1560 in—

180 1583 502 1632 terpretationem
543 1581 745 1618 nominum
789 1592 875 1617 esse
927 1581 1189 1630 comperimus
1233 1579 1316 1631 Gog
1359 1585 1518 1633 tectum,

137 1648 149 1657 ”
180 1640 316 1690 Magog
348 1639 394 1677 de
428 1645 549 1690 tect03
581 1643 778 1688 tamquam
810 1638 947 1676 domus
980 1644 1018 1676 et
1049 1640 1131 1689 ipse
1164 1640 1230 1689 qui
1261 1639 1439 1689 procedit
1470 1639 1517 1677 de

181 1699 306 1737 domo.
370 1697 513 1735 Gentes
557 1709 649 1747 ergo
691 1702 803 1748 sunt,
844 1698 883 1734 in
926 1696 1069 1747 quihus
1107 1696 1301 1735 diabolum
1341 1697 1447 1736 velut
1476 1699 1517 1735 in

181 1757 318 1808 abysso
352 1758 533 1807 superius
574 1754 894 1805 intellegebamus
926 1755 1138 1803 inclusum,
1176 1761 1216 1794 et
1247 1757 1330 1806 ipse
1362 1755 1409 1793 de
1441 1755 1517 1794 illis

181 1815 349 1867 quodam
390 1814 504 1852 modo
547 1826 632 1852 sese
672 1814 838 1851 efferens
878 1819 915 1851 et
956 1813 1192 1865 procedens3
1232 1819 1275 1852 ut
1314 1813 1399 1852 illae
1439 1815 1517 1852 sint

180 1879 340 1925 tectum,
370 1874 453 1924 ipse
487 1872 534 1910 de
566 1877 681 1910 tecto.
745 1871 784 1909 Si
817 1877 946 1909 autem
978 1877 1189 1921 utrumque
1222 1872 1438 1910 referamus
1470 1872 1516 1910 ad

181 1938 337 1984 gentes,
376 1943 453 1969 non
486 1942 607 1969 unum
639 1929 779 1967 horum
812 1930 857 1967 ad
890 1929 991 1980 illas,
1024 1929 1188 1967 alterum
1220 1929 1266 1967 ad
1299 1929 1515 1969 diabolum:

180 1998 219 2030 et
246 1995 393 2030 tectum
418 1991 523 2040 ipsae
553 1994 656 2039 sunt,
689 1989 778 2038 quia
809 1989 849 2026 in
881 1989 937 2026 eis
969 1999 1073 2026 nunc
1105 1987 1319 2026 includitur
1351 1993 1390 2027 et
1421 2001 1515 2040 quo—

275 2094 309 2135 8)
335 2093 447 2136 Apoe.
477 2095 532 2134 20,
561 2095 578 2124 7
606 2101 656 2133 sq.

273 2213 318 2243 26
344 2208 458 2253 igitur
485 2219 503 2242 v
