1495 2489
6 826 48 856 10

7 1142 47 1185 15.

76 98 132 139 64
611 109 637 134 s.
657 108 877 135 Auecsrnn

624 240 775 283 CAPUT
807 241 859 283 V.

117 328 176 366 De
203 330 334 376 primo
367 332 555 365 terrenae
587 328 760 365 civitatis
791 331 958 365 auctore
985 327 1220 379 fratricida,
1252 331 1367 368 cuius

165 388 359 434 impietati
389 385 597 424 Romanae
628 386 741 424 urbis
773 387 956 424 conditor
984 389 1172 434 qermam'
1201 389 1326 426 caede

613 445 875 492 responderit.

122 520 146 551 s
192 525 347 564 Primus
388 527 517 576 itaque
556 526 629 563 fuit
660 530 838 564 terrenae
872 528 1038 565 civitatis
1070 526 1248 565 eonditor
1280 528 1407 567 fratri-

77 584 177 635 cida,
216 596 303 622 nam
342 596 456 622 suum
494 584 653 622 fratrem
695 585 816 622 civem
857 586 1022 623 civitatis
1054 590 1233 624 aeternae
1266 588 1305 624 in
1336 586 1408 625 hac

76 648 180 681 terra
218 644 533 693 peregrinantem
570 642 780 681 invidentia
820 645 944 682 victus
983 644 1134 682 occidit.
1195 643 1305 683 Unde
1338 646 1406 683 mi-

75 701 239 739 randum
267 714 344 739 non
371 707 442 749 est,
475 701 578 752 quod
604 706 710 739 tanto
743 707 831 752 post
862 703 901 740 in
934 714 978 740 ea
1009 704 1161 741 civitate
1195 703 1408 755 condenda,

77 772 174 810 quae
207 760 334 798 fuerat
359 759 475 799 huius
507 766 686 798 terrenae
719 761 895 813 civitatis,
927 759 973 798 de
1001 773 1075 811 qua
1107 760 1314 814 loquimur,
1346 774 1406 801 ca-

74 824 145 869 put
176 819 307 857 futura
338 824 377 857 et
408 825 486 857 tam
517 818 649 857 multis
680 818 862 869 gentibus
894 825 1119 871 regnatura,
1159 819 1249 858 huic
1280 822 1406 871 primo

75 877 250 927 exemplo
293 882 352 929 et,
393 883 436 916 ut
467 877 603 915 Graeci
642 877 854 929 appellant,
895 874 1093 929 ἀρχετύπῳ
1127 878 1313 929 quaedam
1346 881 1408 918 sui

74 937 228 986 generis
260 937 385 986 imago
424 935 635 987 respondit.
697 935 793 974 Nam
824 942 863 974 et
894 936 990 988 illic,
1023 938 1125 976 sicut
1155 939 1284 988 ipsum
1315 938 1406 977 faei-

74 1006 148 1032 nus
181 994 337 1044 quidam
367 1000 479 1045 poeta
512 996 828 1033 commemoravit
858 994 1032 1047 illorum,

190 1065 382 1102 Fraterno
414 1065 529 1114 primi
560 1066 798 1103 maduerunt
829 1066 1021 1114 sanguine
1051 1066 1165 1104 muri.

105 1136 139 1172 ic
177 1136 280 1172 enim
318 1133 470 1171 condita
511 1140 570 1171 est
606 1133 750 1185 Roma,
787 1134 939 1184 quando
985 1136 1156 1173 occisum
1189 1135 1354 1175 Remum
1386 1150 1406 1176 a

23 1190 46 1233 ἶ
75 1194 193 1231 fratre
233 1192 395 1230 Romulo
439 1192 608 1230 Romana
653 1198 818 1231 testatur
859 1193 1035 1244 historia;
1079 1195 1154 1232 nisi
1196 1195 1299 1245 quod
1342 1197 1407 1235 isti

4 1434 48 1465 20

5 1726 47 1757 25

5 2018 49 2049 30

75 1258 253 1290 terrenae
299 1252 463 1289 civitatis
507 1250 618 1288 ambo
664 1253 765 1289 cives
813 1257 933 1290 erant.
994 1251 1116 1290 Ambo
1157 1252 1318 1303 gloriam
1358 1254 1405 1293 de

74 1310 267 1348 Romanae
307 1311 364 1347 rei
403 1309 578 1360 publicae
617 1311 861 1348 institutione
900 1310 1155 1363 quaerebant,
1194 1311 1261 1350 sed
1293 1312 1406 1351 ambo

76 1380 157 1406 eam
191 1373 353 1419 tantam,
398 1374 597 1420 quantam,
641 1370 716 1406 nisi
747 1380 849 1406 unus
882 1375 1006 1420 esset,
1037 1368 1180 1408 habere
1212 1382 1289 1408 non
1321 1377 1404 1422 pot-

75 1432 195 1465 erant.
241 1426 316 1472 Qui
342 1428 445 1464 euim
471 1426 622 1465 volebat
647 1426 878 1464 dominando
911 1427 1077 1477 gloriari,
1109 1430 1238 1467 minus
1269 1431 1405 1480 utique

75 1485 359 1536 dominaretur,
397 1486 430 1523 si
469 1487 552 1523 eius
589 1491 760 1536 potestas
798 1487 881 1523 vivo
926 1491 1105 1524 consorte
1148 1488 1404 1527 minueretur.

74 1543 124 1582 Ut
165 1556 257 1593 ergo
299 1548 418 1581 totam
460 1543 760 1582 dominationem
799 1541 960 1582 haberet
996 1556 1116 1596 unus,
1158 1545 1306 1584 ablatus
1346 1552 1406 1585 est

76 1604 223 1654 sociUS,
255 1607 294 1640 et
326 1602 472 1639 scelere
506 1604 627 1640 crevit
658 1603 698 1640 in
729 1604 857 1653 peius,
889 1602 991 1653 quod
1023 1604 1244 1642 innocentia
1275 1606 1405 1643 minus

76 1666 179 1698 esset
222 1666 261 1698 et
304 1660 454 1698 melius.
516 1660 564 1698 Hi
607 1666 736 1699 autem
781 1662 920 1699 fratres
965 1660 1057 1699 Cain
1108 1667 1146 1699 et
1189 1662 1282 1700 Abel
1326 1675 1404 1701 non

75 1718 267 1757 habebant
308 1718 418 1756 ambo
451 1720 553 1757 inter
586 1731 626 1757 se
659 1718 824 1757 similem
855 1731 987 1757 rerum
1018 1725 1264 1759 terrenarum
1297 1723 1403 1773 cupi—

75 1778 253 1828 ditatem,
293 1789 366 1815 nec
397 1778 437 1814 in
468 1777 541 1815 hoc
574 1777 670 1815 alter
703 1777 813 1815 alteri
845 1778 1000 1828 invidit,
1033 1778 1136 1828 quod
1168 1781 1252 1817 eius
1283 1779 1403 1818 domi-

76 1842 189 1874 natus
214 1836 326 1873 fieret
350 1837 562 1886 angustior,
595 1837 661 1885 qui
693 1836 858 1874 alterum
891 1836 1043 1887 oceidit,
1075 1837 1107 1874 si
1139 1836 1250 1875 ambo
1283 1838 1403 1876 domi-

76 1899 262 1932 narentur
295 1890 408 1945 (Abel
435 1896 578 1944 quippe
605 1906 681 1931 non
715 1893 925 1944 quaerebat
956 1894 1257 1933 dominationem
1288 1897 1328 1934 in
1360 1908 1404 1935 ea

77 1954 250 2003 civitate,
295 1964 392 2003 quae
437 1951 677 1990 condebatur
718 1964 738 1990 a
778 1949 942 2004 fratre),
986 1952 1052 1990 sed
1094 1953 1303 1992 invidentia
1341 1954 1404 1993 illa

76 2010 283 2062 diabolica,
324 2022 400 2061 qua
430 2010 603 2049 invident
633 2010 746 2049 bonis
777 2010 886 2063 mali,
924 2010 1027 2048 nulla
1059 2010 1131 2049 alia
1162 2023 1298 2065 causa,
1330 2015 1405 2051 nisi

171 2102 226 2143 14)
252 2099 385 2134 Lucan.
416 2104 445 2141 1,
472 2103 526 2134 95.

171 2231 212 2261 19
245 2227 315 2261 nisi
346 2228 475 2271 scripsi
505 2227 661 2269 (Lucan.
694 2232 727 2271 1,
753 2232 841 2269 111;
873 2228 956 2263 Non
988 2228 1086 2273 cepit
1112 2227 1257 2263 fortuna
1281 2229 1404 2274 duos);

76 2274 105 2308 si
131 2285 200 2308 mss
224 2286 243 2308 υ
263 2276 274 2318 ΙΙ
294 2285 366 2308 non
391 2285 454 2309 om.
482 2274 517 2308 R
542 2276 673 2316 (neseio
699 2287 747 2309 an
773 2279 880 2317 recte;
904 2279 979 2310 tum
1006 2276 1036 2309 si
1060 2276 1300 2319 retinendum)
