1611 2465
142 430 160 457 5

186 88 272 128 542
721 95 748 119 s.
768 95 986 121 Aueusrm1

187 188 254 238 qui
286 186 435 225 nullum
468 197 603 223 eorum
631 185 800 237 damnet,
831 184 899 222 sed
931 196 1053 222 unum
1085 184 1192 236 ditet,
1224 184 1389 224 alterum
1420 185 1524 225 dam-

187 246 331 296 nificet,
363 244 496 282 ambos
528 243 679 294 probet.

306 303 346 341 Si
379 307 508 341 autem
540 303 670 352 ignem
701 301 811 340 illum
842 301 926 339 loco
958 302 1033 339 isto
1066 301 1303 341 voluerimus
1335 303 1526 356 accipere,

187 362 234 401 de
262 374 338 412 quo
365 361 553 399 Dominus
580 360 684 398 dicet
709 361 896 398 sinistris:
928 360 1132 399 Discedite
1157 372 1182 399 a
1207 372 1279 412 me,
1309 363 1524 411 maledicti,

188 423 228 459 in
261 423 391 468 ignem
424 424 654 464 aetermam·
691 424 735 457 ut
771 420 810 457 in
850 420 906 456 eis
939 419 1055 456 etiam
1087 419 1153 457 isti
1184 431 1270 457 esse
1303 419 1526 471 credantur,

188 480 254 530 qui
287 478 492 516 aedificant
524 489 644 528 super
676 476 971 515 fundamentum
1003 477 1123 529 ligna,
1155 477 1300 529 fenum,
1331 478 1525 530 stipulam,

187 549 333 587 eosque
367 549 413 574 ex
439 536 504 574 illo
530 537 619 586 igne
651 541 740 586 post
770 541 925 586 tempus
957 548 1028 586 pro
1061 535 1170 574 malis
1201 538 1352 574 meritis
1383 538 1524 588 imper-

185 597 300 634 titum
327 594 468 633 liberet
492 594 585 633 boni
617 595 801 633 meritum
833 594 1091 633 fundamenti:
1124 594 1216 645 quid
1249 594 1526 634 arbitrabimur

187 654 346 693 dextros
392 653 536 704 quibus
586 653 756 692 dicetur:
814 653 971 700 Venite,
1022 654 1225 692 benedicte·
1261 656 1394 703 patris
1437 656 1525 703 mei,

119 721 160 751 10
180 714 382 762 possidete
408 717 603 762 paratum
634 713 743 750 vobis
773 723 954 764 reanum,
986 712 1062 750 nisi
1093 723 1171 763 eos,
1202 713 1270 762 qui
1301 711 1524 751 aedificave-

118 1012 158 1043 15

116 1305 160 1335 20

117 1596 158 1626 25

116 1889 159 1919 30

116 2180 158 2209 35

186 777 280 810 runt
317 783 436 822 super
475 770 772 809 fundamentum
805 782 961 822 aurum,
1000 776 1222 822 argentum,
1258 770 1406 822 lapides
1436 783 1524 822 pre-

185 827 338 868 tiosos?
399 829 476 868 Sed
520 831 560 867 in
604 829 714 868 illum
757 830 905 881 ignem,
949 828 996 867 de
1034 841 1111 880 quo
1149 828 1298 868 dictum
1336 834 1413 868 est:
1456 830 1525 870 Sic

186 894 317 927 tamen
356 890 475 936 quasi
504 900 582 937 per
620 890 772 936 ianam,
811 890 844 926 si
880 888 954 926 hoc
992 887 1106 926 modo
1138 893 1198 926 est
1228 887 1526 941 intellegendus,

186 949 344 998 utrique
382 946 563 985 mittendi
602 952 710 997 sunt,
748 952 787 985 et
818 946 946 985 dextri
978 946 1128 985 scilicet
1158 952 1197 985 et
1234 948 1394 985 sinistri.
1455 947 1524 985 Illo

187 1007 330 1056 quippe
369 1006 457 1055 igne
496 1007 654 1056 utrique
691 1005 883 1056 probandi
920 1011 1031 1056 sunt,
1072 1004 1119 1043 de
1160 1017 1236 1056 quo
1269 1005 1417 1044 dictum
1448 1011 1524 1045 est:

186 1065 282 1103 Dies
323 1066 427 1103 enim
465 1064 713 1111 declarabit,
751 1066 938 1112 quoniam
977 1066 1017 1102 in
1056 1066 1148 1112 iane
1178 1065 1444 1111 revelabitur,
1488 1070 1527 1104 et

185 1125 502 1170 uniuscuiusque
545 1134 643 1171 opus
684 1125 802 1170 quale
838 1124 905 1168 sil,
950 1124 1053 1170 fanis
1087 1123 1286 1170 probabit.
1350 1121 1391 1161 Si
1431 1135 1523 1174 ergo

186 1186 398 1231 utrumque
436 1180 618 1231 probabit
655 1182 776 1232 ignis,
814 1186 876 1232 ut,
914 1182 945 1218 si
979 1182 1091 1219 cuius
1123 1192 1221 1231 opus
1252 1183 1525 1234 permanserit,

186 1240 224 1278 id
258 1245 317 1277 est
348 1251 426 1277 non
459 1240 579 1277 fuerit
609 1241 697 1290 igne
737 1244 1023 1290 consumptum,
1056 1239 1159 1289 quod
1191 1240 1526 1290 superaedificavit

187 1297 410 1336 mercedem
442 1299 622 1349 accipiat3
655 1299 687 1336 si
720 1299 832 1336 cuius
865 1302 993 1336 autem
1027 1309 1124 1348 opus
1157 1299 1309 1350 arserit,
1341 1298 1524 1338 damnum

186 1357 372 1407 patiatur:
417 1356 594 1407 profecto
639 1368 718 1394 non
759 1362 819 1394 est
857 1357 940 1407 ipse
982 1361 1166 1394 aeternus
1206 1356 1269 1394 ille
1307 1357 1419 1407 ignis.
1479 1357 1524 1396 In

186 1414 294 1453 illum
327 1416 431 1452 enim
463 1414 536 1453 soli
567 1416 716 1453 sinistri
748 1415 956 1452 novissima
989 1420 1027 1452 et
1057 1420 1247 1465 perpetua
1279 1414 1523 1455 damnatione

187 1475 411 1524 mittentur,
448 1474 522 1511 iste
561 1479 691 1511 autem
731 1472 888 1511 dextros
925 1472 1075 1524 probat..
1140 1472 1216 1511 Sed
1253 1473 1349 1512 alios
1387 1486 1524 1513 eorum

187 1533 242 1570 sio
268 1531 420 1583 probat,
451 1537 495 1570 ut
521 1532 753 1583 aedilicium,
784 1531 886 1583 quod
921 1544 1040 1582 super
1066 1530 1264 1570 Christum
1296 1532 1522 1571 fundamen-

186 1596 270 1628 tum
303 1589 348 1628 ah
382 1591 438 1628 eis
470 1591 664 1628 invenerit
696 1602 782 1628 esse
814 1595 1097 1642 constructum,
1128 1602 1206 1628 non
1239 1596 1376 1629 exurat
1407 1597 1522 1642 atque
1581 1595 1584 1630 i

187 1654 408 1700 consumat3
447 1648 540 1686 alios
573 1654 703 1687 autem
735 1648 864 1701 aliter,
904 1648 941 1687 id
976 1654 1052 1701 est,
1089 1654 1133 1687 ut
1165 1649 1268 1699 quod
1301 1649 1522 1700 superaedi-
1579 1641 1593 1697 ζ’

186 1708 401 1745 ficaverunt
439 1707 572 1745 ardeat
612 1707 875 1757 damnumque
912 1707 1001 1745 inde
1040 1708 1257 1759 patiantur,
1297 1707 1392 1746 salvi
1431 1708 1524 1747 fiant

186 1771 334 1816 autem,
374 1767 556 1816 quoniam
599 1765 796 1804 Christum
833 1767 873 1804 in
914 1765 1166 1804 fundamento
1199 1765 1390 1805 stabiliter
1421 1768 1522 1817 posi·
1573 1774 1576 1800 5

186 1830 270 1862 tum
301 1823 554 1875 praecellenti
581 1825 740 1862 caritate
774 1830 998 1863 tenuerunt.
1061 1823 1102 1862 Si
1134 1830 1263 1862 autem
1295 1824 1388 1863 salvi
1418 1824 1523 1876 fient,
1572 1835 1575 1879 ζ’

186 1883 363 1932 profecto
402 1888 441 1920 et
481 1882 527 1920 ad
561 1882 760 1920 dexteram
794 1882 951 1921 stabunt
982 1888 1021 1920 et
1052 1894 1141 1920 cum
1173 1884 1315 1921 ceteris
1347 1882 1523 1922 audient:
1572 1891 1574 1934 ξ

196 1941 342 1992 Venite,
374 1942 575 1980 benedicti
593 1943 726 1990 patris
758 1943 844 1987 mei,
872 1942 1072 1989 possidete
1097 1946 1290 1989 paratum
1322 1943 1430 1980 vobis
1459 1954 1522 1980 re·
1570 1939 1573 1970 Ῑ

183 2011 327 2047 anum,
367 2011 445 2037 non
484 1998 530 2037 ad
570 2000 788 2049 sinistram,
832 1998 898 2037 ubi
937 1998 990 2036 illi
1029 2005 1163 2048 erunt,
1207 2000 1273 2048 qui
1311 1999 1404 2038 salvi
1444 2011 1522 2038 non
1568 2005 1571 2036 ἒ

185 2063 303 2095 erunt
329 2063 368 2095 et
393 2057 480 2096 ideo
507 2057 683 2096 audient:
717 2058 919 2096 Discedite
939 2069 964 2095 a
984 2068 1054 2104 me,
1087 2058 1299 2105 maledicti,
1327 2060 1367 2096 in
1393 2060 1524 2106 iqnem
1568 2099 1569 2103 ,

188 2121 406 2153 aeternum.
469 2115 591 2153 Nemo
624 2117 767 2166 quippe
800 2115 846 2153 ab
878 2115 943 2153 illo
976 2116 1063 2165 igne
1097 2114 1323 2166 salvabitur,
1363 2117 1453 2166 quia
1484 2117 1522 2154 in
1568 2106 1570 2146 ἶ

188 2173 422 2223 supplicium
461 2180 664 2213 aeternum
696 2174 809 2213 ibunt
840 2173 893 2211 illi
925 2185 1077 2225 omnes,
1116 2172 1182 2211 ubi
1213 2175 1356 2212 vermis
1388 2185 1523 2212 eorum
1566 2172 1568 2219 ἦ

280 2264 315 2305 5)
341 2262 406 2296 Mt.
435 2267 490 2305 25,
517 2267 571 2298 41.
625 2264 681 2306 10)
707 2263 759 2297 Ib.
787 2267 842 2298 34.
