1548 2562
438 144 490 169 DE
510 143 698 169 CIVITATE
718 145 788 169 DEI
806 144 840 170 L.
861 144 942 169 XIX.
964 145 993 170 c.
1012 145 1038 170 4.
1275 167 1278 170 Α
1326 135 1410 176 359

80 234 139 272 dis
171 234 333 283 istisque
364 232 529 270 vitandis
570 232 699 271 nullus
731 244 843 271 error
875 232 1052 284 obrepat,
1090 245 1133 271 ac
1165 244 1235 283 per
1266 232 1340 271 hoc
1373 239 1412 271 et

80 294 162 343 ipsa
201 303 271 330 nos
309 292 348 329 in
382 290 490 328 malis
522 290 581 328 vel
612 290 709 329 mala
740 293 780 329 in
812 291 924 329 nobis
956 303 1041 329 esse
1074 288 1270 330 testatur?
1324 290 1410 341 Ipsa

80 351 184 388 enim
215 349 328 387 docet
355 349 498 387 malum
524 361 609 387 esse
642 349 688 387 ad
720 350 960 399 peccandum
993 351 1214 388 consentire
1247 348 1410 387 bonum-

80 420 154 459 que
198 419 283 446 esse
328 407 374 445 ad
417 407 658 458 peccandum
701 419 779 445 non
823 409 1046 446 consentire
1089 407 1250 446 libidini.
1313 407 1409 445 Illud

79 472 208 505 tamen
246 464 405 517 malum,
443 466 506 504 cui
543 477 614 503 nos
659 477 736 504 non
781 468 1002 504 consentire
1041 465 1156 504 docet
1191 465 1411 517 prudentia,

80 525 171 563 facit
213 525 486 575 temperantia,
530 535 602 562 nec
645 524 853 574 prudentia
896 537 968 562 nec
1013 525 1269 575 temperantia
1313 524 1412 562 tollit

80 583 170 621 huic
207 584 306 621 vitae
381 582 499 627 Quid·
525 583 691 634 iustitia,
736 584 847 620 cuius
884 595 1026 621 munus
1065 588 1125 621 est
1163 595 1232 621 sua
1270 584 1410 633 cuique

80 613 421 693 tribueres(unde
465 640 507 678 fit
550 641 590 678 in
634 641 718 691 ipso
762 640 918 679 homine
957 641 1113 691 quidam
1150 638 1278 679 iustus
1315 640 1411 679 ordo

80 704 258 751 naturae,
294 704 339 737 ut
376 699 501 737 anima
532 698 721 737 subdatur
753 698 832 737 Deo
867 705 905 737 et
937 701 1084 737 animae
1118 711 1227 751 carc,
1266 711 1308 737 ac
1340 711 1412 750 per

79 757 153 796 hoc
190 757 270 796 Deo
308 762 347 795 et
385 758 510 795 anima
549 762 587 795 et
619 753 729 810 caro)
786 769 915 796 nonne
947 757 1190 796 demonstrat
1220 759 1260 795 in
1293 769 1338 795 eo
1371 769 1412 796 se

80 816 205 855 adhuc
242 827 359 866 opere
397 815 572 853 laborare
610 817 740 866 potiis
779 828 893 866 quam
933 817 971 854 in
1010 816 1127 854 huius
1165 817 1294 866 operis
1338 817 1415 854 iam

80 875 156 912 fine
201 871 480 924 requiescere?
540 873 663 912 Tanto
708 875 836 912 minus
880 876 1023 925 quippe
1070 875 1195 912 anima
1233 873 1414 912 subditur

76 932 173 983 -Deo,
205 937 349 983 quanto
376 933 504 970 minus
529 931 652 970 Deum
678 933 716 969 in
749 934 844 982 ipsis
877 934 958 970 suis
990 932 1290 982 cogitationibus
1323 944 1413 970 con-

81 992 191 1042 cipit3
223 996 262 1029 et
292 995 398 1029 tanto
428 992 555 1028 minus
587 991 734 1028 animae
768 990 951 1028 subditur
983 1002 1085 1038 caro,
1117 996 1260 1041 quanto
1293 992 1414 1041 magis

82 1049 266 1088 adversus
298 1049 479 1099 spiritum
504 1050 756 1099 concupiscit.
819 1048 1011 1093 Quamdiu
1044 1061 1136 1099 ergo
1170 1048 1281 1087 nobis
1313 1051 1415 1087 inest

81 1108 176 1146 haec
207 1108 427 1158 infirmitas,
464 1106 558 1145 haec
596 1108 736 1158 pestis,
766 1106 829 1145 hic
869 1107 1049 1159 languor,
1089 1120 1165 1157 quo
1198 1107 1311 1145 modo
1345 1120 1415 1145 nos

81 1167 167 1204 iam.
195 1165 337 1217 salvos,
375 1170 414 1203 et
451 1166 484 1203 si
522 1165 695 1203 nondum
733 1165 874 1217 salvos,
912 1178 988 1216 quo
1028 1166 1142 1204 modo
1174 1167 1249 1204 iam
1282 1165 1416 1204 beatos

81 1224 143 1263 illa
187 1223 290 1262 finali
333 1223 573 1262 beatitudine
619 1223 748 1261 dicere
788 1222 1046 1262 audebimus?
1107 1224 1186 1262 lam
1223 1236 1315 1262 vero
1354 1224 1416 1262 illa

81 1284 222 1333 virtus,
259 1283 371 1320 cuius
410 1293 550 1320 nomen
589 1287 648 1320 est
686 1282 893 1334 fortitudo,
931 1284 970 1320 in
1012 1289 1325 1332 quantacumque
1358 1294 1415 1320 sa—

82 1342 227 1392 pientia
252 1339 538 1378 evidentissima
565 1341 676 1378 testis
702 1346 762 1378 est
792 1340 1050 1379 humanorum
1083 1340 1284 1392 malorum,
1317 1352 1414 1390 quae

84 1398 329 1449 compellitur
365 1399 549 1449 patientia
586 1397 764 1437 tolerare.
839 1398 945 1444 Quae
990 1398 1087 1437 mala
1133 1399 1253 1437 Stoici
1294 1398 1415 1449 philo-

84 1457 195 1507 sophi
228 1458 348 1495 miror
374 1468 449 1506 qua
475 1456 602 1495 fronte
635 1456 732 1494 mala
764 1469 842 1495 non
874 1469 959 1495 esse
992 1457 1241 1509 contendant,
1275 1456 1417 1508 quibus

84 1516 276 1567 fatentur,
317 1516 349 1553 si
388 1519 492 1553 tanta
531 1515 693 1566 suerint,
732 1521 775 1553 ut
812 1527 855 1553 ea
893 1516 1047 1566 sapiens
1085 1515 1143 1553 vel
1184 1528 1261 1554 non
1294 1516 1418 1566 possit

83 1573 143 1612 vel
180 1585 258 1611 non
296 1572 435 1611 debeat
472 1575 684 1620 sustinere,
724 1575 808 1623 cogi
847 1586 936 1612 eum
976 1579 1142 1611 mortem
1174 1573 1330 1611 sibimet
1359 1575 1415 1611 in-

85 1632 188 1670 ferre
220 1637 335 1681 atque
374 1644 420 1669 ex
459 1631 530 1669 hac
568 1633 644 1669 vita
677 1633 879 1681 emigrare.
940 1632 1087 1670 Tantus
1119 1638 1247 1670 autem
1281 1643 1416 1682 super-

85 1689 169 1728 biae
211 1695 348 1740 stupor
391 1695 450 1728 est
490 1691 529 1728 in
570 1689 630 1728 his
671 1689 893 1728 hominibus
935 1690 997 1728 hic
1035 1702 1076 1728 se
1114 1689 1257 1728 habere
1300 1691 1417 1728 finem

87 1747 180 1786 boni
223 1753 263 1786 et
306 1760 325 1785 a
369 1759 411 1786 se
454 1749 549 1799 ipsis
592 1748 677 1786 sieri
720 1747 854 1786 beatos
897 1748 1142 1800 putantibus,
1180 1753 1224 1787 ut
1262 1749 1417 1798 sapiens

86 1818 234 1858 eorum,
259 1805 332 1843 hoc
360 1811 429 1858 est,
455 1805 607 1856 qualem
634 1805 799 1844 mirabili
826 1808 991 1845 vanitate
1018 1806 1258 1858 describunt,
1284 1807 1416 1844 etiam-

86 1866 119 1903 si
159 1858 389 1902 excaecetur
427 1863 681 1903 obsurdescat
718 1864 978 1916 obmutescat,
1023 1864 1208 1903 membris
1242 1864 1416 1902 debilite-

85 1928 151 1961 tur
182 1921 381 1960 doloribus
413 1924 612 1961 crucietur
644 1928 698 1973 et,
740 1924 771 1961 si
803 1923 895 1973 quid
928 1923 1029 1961 aliud
1063 1923 1196 1961 talium
1229 1923 1419 1961 malorum

87 1980 163 2018 dici
195 1986 261 2019 aut
292 1982 453 2031 cogitari
485 1986 624 2032 potest,
657 1981 801 2019 incidat
832 1983 871 2019 in
904 1993 1005 2032 eum,
1037 1993 1114 2032 quo
1147 1980 1221 2019 sibi
1252 1986 1418 2020 mortem

88 2044 248 2089 cogatur
279 2039 437 2091 inferre,
468 2039 567 2077 hanc
599 2040 639 2077 in
670 2039 730 2077 his
757 2039 866 2077 malis
898 2041 1013 2078 vitam
1046 2040 1297 2077 constitutam
1329 2051 1419 2078 eum

88 2108 166 2134 non
205 2096 349 2147 pudeat
388 2096 538 2135 beatam
579 2109 728 2135 vocare.
796 2098 827 2135 Ο
869 2099 984 2136 vitam
1025 2097 1196 2149 beatam,
1238 2110 1335 2148 quae
1377 2103 1420 2136 ut

89 2154 243 2193 finiatur
281 2156 417 2193 mortis
455 2156 607 2205 quaerit
644 2154 845 2194 auxilium!
886 2155 927 2194 Si
959 2156 1070 2194 beata
1103 2161 1179 2208 est,
1217 2161 1420 2195 maneatur

182 2306 202 2336 3
229 2302 336 2337 docet
360 2313 426 2336 nos
450 2313 469 2336 v
489 2303 501 2346 ΙΙ
520 2306 562 2336 31
591 2313 674 2337 eum
698 2313 788 2344 mss;
813 2313 874 2337 eos
900 2315 922 2336 v

1441 766 1484 796 10

1442 1057 1484 1088 15

1441 1349 1487 1380 20

1443 1640 1486 1670 25

1444 1932 1488 1962 30
