1548 2562
408 168 460 192 DE
480 167 668 193 CIVITATE
689 168 759 193 DEI
778 169 810 193 L.
830 168 943 193 xvm.
963 168 992 194 c.
1011 169 1053 194 31.
1072 169 1114 194 32.
1340 159 1424 199 299

92 260 305 295 transeant
329 258 368 294 in
401 261 640 294 vetustatem.
708 258 1022 295 Consummatum
1054 261 1122 303 est,
1154 262 1423 305 consumptum

92 319 161 362 est,
195 316 369 353 ablatum
397 319 464 352 est.
527 314 726 361 Ascendit,
759 317 829 362 qui
854 314 1035 363 insufflat
1065 317 1105 353 in
1127 314 1277 363 faciem
1304 320 1423 361 tuam,

93 374 267 421 eripiens
293 378 329 410 te
354 384 406 411 ex
432 373 698 410 tribulatione.
762 372 857 417 Quis
889 373 1108 411 ascenderit
1139 372 1185 410 ab
1216 373 1354 411 inferis
1386 370 1437 410 ‘et'

92 430 347 468 insufflaverit
378 431 417 468 in
449 430 586 468 faciem
618 429 756 482 Iudae,
797 430 870 468 hoc
903 436 962 469 est
992 431 1223 469 Iudaeorum
1255 430 1422 482 discipu-

91 487 230 540 lorum,
263 487 450 538 Spiritum
479 493 667 539 sanctum,
699 488 845 526 recolat
871 490 937 539 qui
964 490 1139 528 meminit
1170 489 1422 539 evangelium.
1450 495 1469 526 5

90 546 147 584 Ad
174 558 314 584 novum
342 547 444 584 enim
471 551 747 584 testamentum
778 548 988 598 pertinent,
1020 559 1187 597 quorum
1219 547 1301 585 dies
1334 548 1423 585 festi

91 605 144 642 ita
182 604 407 655 spiritaliter
447 606 699 656 innovantur,
737 610 781 642 ut
811 606 850 643 in
882 610 1114 643 vetustatem
1146 607 1312 643 transire
1346 617 1423 643 non

47 694 53 699 .
90 663 251 713 possint.
311 661 434 700 Porro
472 674 542 713 per
583 663 822 712 evangelium
861 665 1114 701 exterminata
1153 663 1343 714 sculptilia
1384 668 1424 702 et

89 720 308 772 conflatilia,
339 719 378 758 id
405 726 465 758 est
489 720 589 758 idola
616 720 781 759 deorum
812 720 1010 772 salsorum,
1042 728 1080 760 et
1112 721 1295 760 oblivioni
1327 727 1421 760 tam-

90 790 205 828 quam
249 778 470 829 sepulturae
510 779 649 816 tradita
686 780 761 817 iam
804 779 978 817 videmus
1020 785 1059 818 et
1098 779 1196 818 hanc
1235 781 1350 818 etiam
1381 781 1422 818 in
1451 787 1493 817 10

89 835 160 874 hac
191 848 234 874 re
266 837 508 887 prophetiam
541 837 770 888 completam
803 849 888 875 esse
922 839 1205 887 cognoscimus.

206 894 359 932 Abacuc
396 894 443 932 de
482 907 558 945 quo
596 895 669 933 alio
708 907 822 945 quam
860 895 906 933 de
945 895 1088 934 Christi
1132 896 1316 947 adventu,
1356 898 1423 946 qui

89 953 246 991 futurus
279 953 422 1004 fuerat,
453 952 692 1003 intellegitur
724 953 871 992 dicere:
914 954 965 992 Et
996 956 1201 1002 respondit
1231 955 1422 993 Dominus

90 1012 146 1048 ad
174 1022 234 1049 me
265 1016 302 1049 et
334 1013 455 1049 dixit:
497 1011 641 1049 Scribe
671 1010 795 1049 visum
828 1016 967 1060 aperte
998 1015 1039 1050 in
1072 1014 1194 1059 buxo,
1233 1018 1277 1050 ut
1307 1014 1420 1051 adse-

88 1074 237 1115 quatur
280 1071 350 1116 qui
385 1071 480 1116 leqit
521 1080 591 1114 ea;
634 1071 729 1116 quia
773 1071 907 1107 adhuc
946 1072 1042 1109 visio
1081 1072 1137 1108 ad
1173 1075 1340 1119 tempus,
1385 1075 1424 1109 et
1450 1077 1491 1106 15

88 1129 243 1164 orietur
274 1128 314 1164 in
342 1129 424 1173 sine
456 1132 493 1164 et
524 1138 601 1165 non
634 1129 674 1164 in
707 1139 903 1173 vacuum;
933 1130 970 1166 si
999 1130 1241 1175 tardaverit,
1273 1130 1422 1167 sustine

87 1195 186 1230 eum,
218 1186 313 1232 quia
345 1186 503 1223 veniens
534 1187 664 1223 veniet
694 1190 732 1223 et
762 1197 839 1223 non
871 1184 1123 1224 morabitur?

568 1342 723 1384 CAPUT
755 1343 931 1385 XXXII.

89 1426 148 1463 De
179 1428 393 1475 prophetia
431 1438 534 1474 quae
573 1429 612 1464 in
651 1430 833 1466 oratione
866 1430 1030 1467 Abacuc
1068 1434 1106 1467 et
1137 1432 1295 1467 cantico
1329 1441 1419 1467 con-

149 1501 154 1506 ·
672 1488 832 1524 tinetur.
1447 1494 1491 1524 20

205 1564 248 1603 In
280 1567 454 1604 oratione
482 1557 616 1604 'autem
649 1578 717 1604 sua
750 1579 838 1605 cum
870 1568 1020 1605 cantico
1054 1569 1116 1605 cui
1149 1569 1224 1606 nisi
1256 1568 1418 1606 Domino

90 1621 243 1660 Christo
276 1622 385 1662 dicit:
418 1625 594 1672 Domine,
627 1627 766 1662 audivi
790 1626 1034 1663 auditionem
1066 1630 1185 1673 tuam,
1218 1630 1256 1664 et
1287 1629 1420 1672 timui,-

90 1681 278 1731 Domine,
317 1684 572 1720 consideravi
602 1693 725 1731 opera
758 1687 844 1728 tua,
883 1688 921 1721 et
951 1685 1122 1731 expavi?
1184 1683 1283 1728 Quid
1317 1685 1420 1722 enim

89 1738 162 1776 hoc
195 1744 253 1776 est
293 1740 367 1776 nisi
398 1740 668 1789 praecognitae
701 1752 819 1778 novae
853 1752 895 1778 ac
927 1742 1153 1790 repentinae
1186 1741 1320 1780 salutis
1353 1741 1418 1780 ho·

89 1798 237 1834 minum
274 1796 478 1835 ineffabilis
519 1796 749 1836 admiratio?
811 1799 859 1837 In
897 1800 1024 1837 medio
1064 1801 1233 1838 duorum
1265 1802 1417 1838 anima-
1445 1807 1489 1838 25

89 1856 183 1892 lium
210 1857 463 1902 coynosceris
489 1855 579 1905 quid
608 1862 666 1894 est
692 1858 767 1894 nisi
793 1862 859 1895 aut
885 1858 924 1895 iu
950 1856 1077 1895 medio
1104 1857 1270 1896 duorum
1303 1864 1418 1896 testa-

89 1917 330 1963 mentorum,
362 1919 427 1951 aut
458 1914 497 1951 in
530 1914 655 1951 medio
689 1914 854 1953 duorum
886 1914 1092 1966 latronum,
1124 1921 1190 1953 aut
1220 1917 1259 1953 in
1292 1916 1418 1954 medio

89 1968 210 2021 Moysi
242 1975 280 2008 et
305 1970 435 2008 Heliae
462 1983 551 2009 cum
582 1971 646 2010 illo
678 1973 718 2010 in
750 1978 880 2011 monte
913 1971 1285 2011 sermocinantium?
1317 1974 1420 2012 Dum

185 2072 219 2113 3)
247 2070 364 2105 Naum
392 2075 422 2113 1,
452 2076 492 2105 14
519 2083 588 2115 sq.;
615 2076 646 2106 2.
677 2077 704 2107 1.
759 2077 813 2115 17)
840 2073 949 2107 Abac.
977 2078 1008 2113 ε»,
1037 2078 1055 2106 2
1083 2085 1133 2116 sq.
1186 2076 1242 2116 21)
1270 2074 1306 2109 C.
1334 2079 1364 2108 3.

188 2224 203 2252 1
242 2223 533 2255 consummatum
568 2224 623 2256 est
656 2234 720 2258 om.
756 2223 811 2265 R,·
847 2226 1137 2259 consummatum
1164 2226 1220 2259 est
1254 2237 1420 2260 consum-

91 2268 229 2300 matum
256 2268 312 2300 est
336 2268 370 2301 A
389 2269 401 2311 ΙΙ
422 2272 462 2302 11
490 2268 608 2313 cogn]
635 2269 800 2304 uidemus
826 2272 861 2304 A
879 2272 892 2316 ΙΙ
913 2275 953 2305 12
980 2271 1173 2305 ambacum
1198 2282 1217 2305 υ
1237 2273 1311 2315 1128
1337 2283 1421 2306 cum

93 2322 136 2346 eo
161 2323 181 2346 v
