1548 2562
398 141 450 165 DE
471 141 659 166 CIVITATE
678 141 748 168 DEI
768 141 799 166 L.
819 141 931 165 xvm.
952 141 980 166 c.
999 142 1040 166 32.
1060 142 1104 167 33.
1317 131 1402 173 303

75 241 142 280 spe
183 229 411 280 gaudentes,
454 230 494 267 in
535 229 783 268 tribulatione
825 231 1025 280 patientes.
1094 230 1140 267 Ut
1177 231 1403 276 ascendam,

75 289 212 338 inquit,
246 290 285 326 in
312 290 502 336 populum
521 290 864 336 pereyrinationis
895 299 1015 334 meae,
1048 287 1235 326 recedens
1268 289 1402 338 utique

75 358 94 384 a
126 346 268 396 populo
307 345 473 395 maligno
506 345 672 383 carnalis
706 347 945 396 cognationis
977 357 1086 396 suae,
1124 357 1201 383 non
1232 348 1404 396 peregri-

75 409 189 442 nante
235 406 274 442 in
318 403 389 441 hac
432 410 537 441 terra
581 416 652 442 nee
702 415 910 454 supernam
961 404 1125 454 patriam
1168 405 1404 454 requirente.

82 463 274 508 Quoniam
296 464 412 509 siem,
444 463 583 513 inquit,
614 473 693 500 non
719 461 879 509 adferet
904 461 1077 510 fruetus,
1110 466 1148 500 et
1178 474 1256 500 non
1288 467 1407 500 erunt
1432 470 1452 500 5

75 522 302 558 nativitates
349 522 389 558 in
433 522 581 565 ve‘neis;
624 522 836 558 mentietur
879 531 976 568 opus
1014 523 1158 567 olivae,
1203 525 1242 559 et
1277 522 1410 568 campi

76 590 154 617 non
193 578 351 626 facient
393 589 534 616 eseam.
598 577 845 626 Defecerunt
883 579 933 616 ab
972 590 1064 616 esea
1103 590 1207 625 oves,
1253 584 1290 617 et
1329 590 1407 617 non

74 641 289 685 supersunt
320 639 360 675 in
386 637 651 685 praesepibus
676 638 800 675 boves.
862 636 964 674 Vidit
996 648 1078 674 eam
1111 642 1277 688 gentem,
1311 648 1407 686 quae

78 694 274 733 Christum
306 695 433 733 fuerat
465 696 640 733 occisura
651 694 912 746 ,ubertatem
945 696 1144 744 copiarum
1176 694 1408 745 spiritalium

76 752 340 804 perdituram,
381 764 476 803 quas
513 765 583 803 per
621 758 817 790 terrenam
854 752 1131 791 fecunditatem
1169 764 1277 790 more
1319 764 1406 803 pro-
1436 760 1478 790 10

77 811 231 862 phetico
258 812 446 861 figuravit.
495 810 544 849 Et
571 812 659 861 quia
690 812 786 849 iram
813 810 881 848 Dei
914 810 1027 848 talem
1060 816 1265 861 propterea
1297 822 1408 861 passa

77 875 137 907 est
180 869 242 907 illa
286 881 399 920 gens,
443 871 531 919 quia
574 870 758 919 ignoraus
802 868 870 906 Dei
913 870 1098 907 iustitiam
1141 881 1249 907 suam
1290 869 1411 907 voluit

79 929 331 979 constituere,
362 929 435 977 iste
469 929 670 965 continuo:
708 928 793 974 Eyo
826 932 967 974 autem,
1000 929 1136 977 inquit,
1170 930 1210 965 in
1242 928 1409 966 Domino

78 987 283 1033 exultabo,
318 987 501 1034 qaudeho
534 988 575 1023 in
607 986 689 1024 Deo
720 988 895 1023 salutari
923 997 1018 1023 meo.
1080 986 1271 1023 Dominus
1303 986 1410 1023 Deus

77 1056 186 1083 meus
212 1046 337 1082 virtus
362 1056 461 1091 mea,
492 1045 631 1081 statuit
657 1045 779 1092 pedes
810 1055 913 1081 meos
940 1045 980 1081 in
1013 1045 1411 1087 consummationeni;
1440 1050 1481 1080 15

78 1115 199 1152 super
231 1104 390 1141 excelsa
421 1104 560 1140 statuit
591 1114 662 1153 me,
693 1106 737 1139 ut
767 1104 923 1140 vineam
955 1103 996 1139 in
1028 1104 1186 1140 cantico
1219 1104 1314 1148 eius,
1346 1101 1410 1138 illo

79 1161 227 1199 scilieet
253 1162 415 1212 cantico,
447 1160 494 1198 de
527 1172 603 1210 quo
636 1159 773 1197 similia
806 1159 993 1209 quaedam
1026 1159 1210 1197 dicuntur
1242 1161 1280 1197 in
1312 1159 1410 1210 psal-

79 1231 159 1257 mo:
192 1219 342 1256 Statuit
370 1230 491 1267 super
517 1223 676 1267 petram
709 1220 832 1266 pedes
863 1229 968 1256 meos
1001 1223 1039 1256 et
1070 1220 1220 1256 direxit
1249 1230 1411 1265 qressus

79 1288 199 1324 meos,
238 1281 276 1316 et
307 1278 454 1315 inmisit
490 1279 531 1315 in
569 1288 610 1315 os
642 1288 769 1315 meum
800 1278 1000 1315 canticum
1033 1288 1189 1323 novum,
1227 1278 1413 1324 hymnum

81 1337 164 1374 Deo
190 1340 336 1374 nostro.
398 1334 484 1385 Ipse
517 1347 609 1385 ergo
641 1337 759 1372 vincit
790 1336 828 1372 in
863 1336 1013 1372 cantico
1040 1334 1204 1385 Domini,
1237 1336 1302 1384 qui
1334 1334 1411 1384 pla·
1439 1342 1483 1372 20

81 1400 144 1432 cet
173 1395 213 1431 in
246 1394 329 1431 eius
360 1393 484 1445 laude,
516 1406 593 1431 non
627 1405 705 1444 sua,
738 1399 800 1439 ut,
832 1395 902 1440 qui
928 1395 1141 1440 qloriatum
1175 1394 1214 1430 in
1247 1393 1414 1430 Domino

78 1454 288 1501 qlorietur.
350 1451 487 1490 Melius
527 1457 657 1490 autem
701 1451 793 1489 mihi
836 1451 1017 1489 videntur
1061 1451 1215 1501 quidam
1260 1451 1414 1488 codices

81 1510 242 1548 habere:
278 1511 467 1548 Gaudebo
505 1512 546 1548 in
577 1511 660 1549 Deo
694 1511 785 1548 Iesu
817 1521 917 1556 meo,
950 1521 1065 1559 quam
1096 1508 1155 1559 hi,
1188 1511 1254 1559 qui
1286 1508 1413 1546 volen-

82 1575 140 1608 tes
172 1568 210 1606 id
243 1567 377 1606 Latine
410 1580 576 1620 ponere,
608 1580 749 1606 nomen
781 1569 908 1618 ipsum
941 1579 1018 1605 non
1050 1572 1278 1618 posuerunt,
1311 1565 1414 1616 quod

82 1632 142 1666 est
173 1626 284 1665 nobis
316 1628 477 1664 amicius
509 1632 548 1664 et
579 1626 731 1664 dulcius
763 1627 974 1663 nominare.
1440 1631 1484 1662 25

562 1715 712 1757 CAPUT
737 1714 935 1756 XXXIII.

84 1791 144 1829 De
169 1791 323 1828 Christo
344 1793 382 1827 et
400 1791 607 1827 vocatione
629 1790 806 1835 yemium
832 1799 935 1835 quae
960 1788 1184 1825 Hieremias
1210 1791 1248 1824 et
1266 1787 1413 1835 Sopho-

324 1849 413 1885 nias
438 1848 673 1895 prophetico
704 1848 847 1895 spiritu
879 1848 958 1884 sint
984 1844 1174 1894 praefati.

201 1917 415 1955 Hieremias
453 1915 641 1967 propheta
682 1916 728 1954 de
767 1914 978 1953 maloribus
1017 1920 1094 1966 est,
1140 1916 1241 1952 sicut
1271 1914 1416 1967 Esaias,

85 1989 163 2015 non
195 1976 242 2014 de
274 1974 510 2026 minoribus,
543 1976 643 2012 sicut
675 1975 814 2025 ceteri,
852 1973 899 2012 de
932 1985 1099 2023 quorum
1132 1974 1288 2023 scriptis
1320 1985 1414 2010 non·
1442 1980 1486 2011 30

85 2099 110 2134 C
180 2055 214 2132 11)
239 2053 342 2134 Ιὲῗω.
377 2055 436 2095 12,
470 2055 522 2086 12.
576 2052 632 2095 16)
657 2051 769 2085 Abac.
796 2055 829 2085 3.
880 2053 938 2094 20)
964 2050 1021 2086 Ps.
1055 2054 1116 2093 39,
1148 2053 1168 2083 3
1195 2060 1247 2093 sq.
1297 2050 1356 2093 22)
1386 2054 1415 2085 1.

115 2111 165 2134 or.
217 2127 224 2142 ‚
299 2128 305 2133 .

181 2208 223 2238 15
249 2202 378 2238 statuit
402 2202 532 2243 RAF;
558 2203 695 2237 statuet
719 2213 739 2236 v
769 2203 782 2245 ΙΙ
814 2205 857 2236 16
884 2201 1014 2236 statuit
1038 2201 1074 2235 R
1099 2204 1130 2235 et
1155 2202 1228 2235 eod.
1255 2200 1415 2236 Remens.

86 2252 186 2296 apud
211 2250 334 2285 Sabat.
362 2250 389 2282 I
391 2250 426 2290 I,
453 2252 544 2291 9703
574 2248 728 2293 inponet
751 2249 808 2282 Av
839 2249 852 2292 ΙΙ
884 2252 926 2282 18
953 2259 1060 2293 super
1085 2249 1227 2292 petram
1253 2249 1308 2289 A,·
1333 2259 1415 2292 sup-

84 2300 228 2343 petram
253 2296 311 2338 R‚·
335 2307 446 2340 supra
469 2307 504 2340 p.
529 2306 551 2329 v
