1611 2465
119 572 140 603 5

101 864 141 894 10

100 1155 143 1186 15

98 1447 143 1478 20

100 1739 144 1770 25

168 91 255 132 514
705 100 731 126 s.
753 99 972 127 Auevsrmi

701 254 855 298 CAPUT
886 256 979 298 XII.

167 354 228 394 De
247 353 524 401 magsm'lude'ne
546 354 917 402 praevaricationis
939 356 1109 402 primae,
1135 355 1182 393 ob
1203 367 1321 403 quam
1342 361 1510 394 aelerna

221 423 354 460 poena
387 412 568 450 omnibus
601 412 806 458 debeatur,
839 413 910 459 qui
940 417 1059 450 extra
1088 415 1267 460 qratiam
1295 413 1452 461 fuerint

723 469 955 508 salvatoris.

287 561 363 600 Sed
395 573 520 612 poena
552 566 711 600 aeterna
748 562 836 600 ideo
869 562 967 601 dura
999 569 1037 601 et
1067 565 1212 602 iniusta
1244 564 1424 603 sensibus
1457 566 1510 603 vi-

167 620 282 660 detur
308 619 501 672 humanis,
534 621 624 671 quia
650 622 690 658 in
715 619 787 659 hac
814 621 1040 660 infirmitate
1066 621 1391 661 moribundorum
1424 635 1509 662 sen-

168 692 283 718 suum
321 678 433 717 deest
469 678 534 717 ille
573 691 712 717 sensus
751 678 960 718 altissimae
1001 681 1314 731 purissimaeque
1358 682 1508 732 sapien-

169 739 263 790 tiae,
314 749 391 788 quo
436 738 576 776 sentiri
624 738 749 788 possit
798 743 987 788 quantum
1037 740 1145 777 nefas
1195 740 1235 777 in
1279 738 1343 777 illa
1385 741 1511 790 prima

167 797 499 847 praevaricatione
527 797 778 834 commissum
805 797 866 835 sit.
929 796 1081 842 Quanto
1110 798 1213 835 enim
1240 799 1361 848 magis
1394 798 1510 836 homo

168 854 372 894 fruebatur
398 854 490 906 Deo,
523 860 629 893 tanto
660 856 805 893 maiore
837 856 1036 906 impietate
1069 854 1278 906 dereliquit
1316 855 1439 895 Deum
1473 862 1511 895 et

168 914 294 952 sactus
333 918 393 952 est
430 911 529 951 malo
568 913 709 963 dignus
748 918 926 964 aeterno,
965 914 1032 964 qui
1069 913 1143 952 hoc
1182 915 1221 952 in
1261 926 1302 952 se
1343 917 1511 965 peremit

167 971 335 1022 bonum,
377 971 481 1022 quod
523 983 608 1010 esse
646 976 780 1022 posset
819 978 1034 1010 aeternum.
1096 971 1196 1010 Hinc
1237 979 1295 1011 est
1327 975 1509 1012 universa

168 1031 323 1080 generis
355 1029 516 1068 humani
541 1041 667 1068 massa
699 1029 895 1081 damnata3
929 1031 1123 1081 quoniam,
1156 1032 1223 1081 qui
1254 1030 1329 1069 hoo
1360 1033 1512 1082 primus

168 1088 340 1140 admisit,
379 1099 468 1127 cum
508 1100 552 1126 ea
593 1100 691 1138 quae
730 1089 770 1126 in
808 1087 872 1126 illo
911 1089 1040 1127 suerat
1078 1088 1248 1127 radicata
1287 1101 1356 1128 sua
1389 1092 1511 1141 stirpe

168 1148 330 1198 punitus
369 1152 449 1194 est,
487 1152 531 1185 ut
569 1146 699 1184 nullus
739 1145 784 1184 ab
823 1146 897 1184 hoc
938 1148 1040 1185 iusto
1075 1146 1285 1198 debitoque
1319 1148 1510 1199 supplicio

169 1206 244 1243 nisi
277 1204 523 1243 misericordi
556 1210 594 1243 et
624 1203 796 1243 indebita
828 1206 949 1255 gratia
976 1204 1167 1244 liberetur
1199 1211 1315 1256 atque
1348 1207 1401 1245 ita
1434 1207 1509 1245 dis-

168 1265 362 1314 pertiatur
393 1275 518 1314 genus
550 1262 775 1314 humanum,
807 1268 851 1301 ut
881 1264 921 1301 in
954 1262 1186 1313 quibusdam
1219 1263 1512 1304 demonstretur

170 1322 262 1372 quid
298 1320 421 1359 valeat
459 1322 683 1359 misericors
721 1322 864 1373 gratia,
905 1322 945 1359 iu
984 1323 1126 1360 ceteris
1164 1322 1258 1373 quid
1297 1324 1399 1361 iusta
1430 1325 1510 1361 vin-

170 1380 282 1418 dicta.
345 1378 480 1430 Neque
508 1381 612 1417 enim
638 1384 851 1429 utrumque
878 1378 1215 1419 demonstraretur
1246 1382 1286 1418 in
1318 1381 1512 1434 omnibus,

171 1440 278 1490 quia,
317 1439 350 1476 si
388 1449 524 1476 omnes
562 1443 812 1476 remanerent
843 1439 882 1476 in
914 1439 1052 1489 poenis
1083 1441 1207 1477 iustae
1241 1439 1512 1491 damnationis,

169 1498 209 1535 in
249 1495 354 1535 nullo
394 1501 599 1547 appareret
641 1497 865 1534 misericors
903 1498 1042 1548 gratia,
1083 1509 1222 1536 rursus
1261 1499 1294 1535 si
1324 1510 1459 1537 omnes
1492 1510 1513 1537 a

170 1554 344 1593 tenebris
393 1555 705 1593 transferrentur
762 1555 802 1592 in
859 1554 1010 1607 lucem,
1059 1557 1100 1593 in
1150 1555 1255 1594 nullo
1306 1562 1513 1607 appareret

170 1614 312 1651 veritas
344 1612 516 1651 ultionis.
579 1612 622 1650 In
655 1624 731 1663 qua
762 1618 972 1663 propterea
1005 1613 1126 1652 multo
1158 1614 1292 1664 plures
1324 1627 1440 1665 quam
1471 1616 1511 1653 in

170 1671 233 1709 illa
285 1676 397 1723 sunt,
446 1677 490 1709 ut
540 1672 595 1709 sic
646 1670 875 1709 ostendatur
925 1671 1017 1722 quid
1062 1671 1243 1711 omnibus
1287 1672 1511 1712 deberetur.

173 1729 285 1775 Quod
327 1730 359 1767 si
400 1728 581 1767 omnibus
621 1728 871 1781 redderetur,
912 1730 1099 1768 iustitiam
1137 1730 1369 1769 vindicantis
1409 1733 1511 1770 iuste

171 1799 285 1826 nemo
312 1786 638 1839 reprehenderet3
672 1788 762 1838 quia
793 1799 885 1825 vero
919 1793 996 1826 tam
1027 1788 1140 1827 multi
1172 1789 1311 1827 exinde
1344 1789 1509 1828 liberan-

171 1851 254 1898 tur,
292 1852 351 1884 est
389 1845 492 1884 unde
532 1851 696 1896 agantur
733 1847 921 1884 maximae
960 1847 1105 1896 gratiae
1145 1849 1314 1897 gratuito
1356 1849 1510 1887 muneri

170 1903 384 1942 liberantis.

268 2065 311 2096 10
337 2061 560 2105 derelinquit
582 2060 691 2095 R¹A1
727 2062 739 2106 ΙΙ
778 2065 819 2096 13
846 2061 984 2106 primus
1010 2062 1145 2107 RAe9,·
1177 2063 1348 2107 primitus
1372 2075 1393 2098 v
1424 2066 1436 2109 ss
1469 2069 1511 2100 16

173 2108 424 2143 misericordia
449 2119 469 2142 v
495 2110 506 2152 Η
532 2111 573 2142 21
602 2107 723 2153 gratia
747 2119 837 2149 mss‚·
868 2109 987 2153 gratia
1012 2109 1226 2144 redimentis
1252 2121 1272 2145 v
1290 2112 1303 2155 ΙΙ
1322 2122 1466 2145 rursum
1491 2122 1511 2145 v
