1611 2465
96 681 136 711 10

95 974 136 1004 15

94 1268 136 1298 20

95 1995 138 2023 30

161 46 245 87 386
701 55 726 81 s.
747 55 966 81 Amusnm

161 157 321 184 servans
347 158 390 183 ac
418 157 600 195 sequens,
632 144 736 194 quod
762 144 853 182 licet
879 144 1075 183 diversum
1108 147 1147 183 in
1181 145 1344 183 diversis
1377 146 1497 184 natio-

162 204 295 254 nibus,
336 204 381 242 ad
421 215 543 241 uuum
581 209 709 240 tamen
753 203 999 253 eundemque
1033 204 1147 242 finem
1181 210 1361 242 terrenae
1393 206 1500 254 pacis

161 263 390 309 intenditur,
423 264 455 299 si
483 261 722 313 religionem,
755 274 829 312 qua
857 274 960 300 uuus
987 274 1162 300 summus
1189 268 1227 300 et
1253 274 1370 301 verus
1396 261 1500 301 Deus

162 322 349 360 colendus
382 321 563 371 docetur,
597 332 673 358 non
706 320 879 371 impedit.
941 319 1073 359 Utitur
1105 333 1197 371 ergo
1230 325 1346 359 etiam
1378 321 1498 359 caele·

162 382 232 419 stis
266 381 400 417 civitas
438 380 476 417 in
517 378 587 416 hac
621 390 689 417 sua
721 380 1035 429 peregrinatione
1068 391 1162 430 pace
1195 385 1349 418 terrena
1383 385 1422 418 et
1452 379 1499 418 de

163 438 281 476 rebus
308 438 353 476 ad
381 437 584 475 mortalem
609 437 811 476 hominum
838 443 1014 476 naturam
1048 438 1335 488 pertinentibus
1367 438 1500 476 huma-

162 509 299 535 narum
340 496 583 534 voluntatum
623 498 962 547 compositionem,
1000 503 1189 546 quantum
1222 496 1323 535 salva
1355 498 1499 547 pietate

162 568 206 593 ac
239 555 426 605 religione
459 554 701 605 conceditur,
733 561 866 593 tuetur
899 561 1014 605 atque
1047 557 1196 605 appetit
1228 567 1390 606 eamque
1423 560 1499 593 ter-

162 626 295 652 renam
341 625 476 664 pacem
516 613 640 651 refert
676 613 721 651 ad
764 613 969 652 caelestem
1002 626 1156 664 pacem,
1197 626 1295 664 quae
1328 625 1418 652 vere
1449 615 1501 651 ita

162 685 235 724 pax
263 678 334 724 est,
366 678 409 710 ut
435 671 635 710 rationalis
661 672 861 710 dumtaxat
887 678 1088 710 creaturae
1115 672 1194 710 sola
1221 685 1294 723 pax
1326 672 1502 710 habenda

163 737 279 782 atque
312 731 475 769 dicenda
513 732 580 782 sit,
619 730 907 769 ordinatissima
947 730 1096 769 scilicet
1127 737 1166 768 et
1197 731 1501 769 concordissima

164 792 329 828 societas
357 789 512 828 fruendi
540 788 619 827 Deo
645 795 685 827 et
710 791 876 827 invicem
910 791 948 827 in
981 788 1079 840 Deo3
1111 801 1187 839 quo
1221 801 1310 828 cum
1343 795 1502 827 ventum

163 851 258 896 erit,
303 860 380 886 non
424 850 500 886 erit
536 849 613 885 vita
651 847 844 900 mortalis,
888 847 955 886 sed
994 848 1105 898 plane
1148 854 1333 898 certeque
1367 847 1503 899 vitalis,

163 920 235 946 nec
280 919 424 957 corpus
468 906 652 958 animale,
697 906 818 957 quod,
862 906 954 945 dum
998 908 1282 958 corrumpitur,
1321 906 1503 957 adgravat

163 968 349 1017 animam,
387 965 454 1003 sed
495 965 669 1016 spiritale
709 967 792 1003 sine
825 964 901 1003 ulla
933 965 1143 1013 indigentia
1176 977 1222 1003 ex
1255 967 1360 1003 omni
1392 970 1501 1016 parte

163 1024 363 1063 subditum
404 1023 603 1062 voluntati.
665 1023 772 1061 Hanc
814 1036 968 1074 pacem,
1010 1024 1101 1062 dum
1149 1025 1422 1074 peregrinatur
1462 1024 1502 1061 in

162 1083 254 1134 fide,
299 1082 414 1121 habet
452 1089 567 1132 atque
608 1094 654 1120 ex
693 1082 764 1120 hac
803 1081 877 1120 lide
910 1084 1011 1120 iuste
1052 1084 1160 1133 vivit,
1198 1094 1286 1120 cum
1319 1082 1364 1120 ad
1398 1082 1501 1120 illam

162 1154 296 1193 pacem
341 1140 630 1192 adipiscendam
674 1141 795 1178 refert
838 1141 1025 1191 quidquid
1071 1140 1260 1179 bonarum
1306 1143 1501 1179 actionum

163 1202 264 1251 gerit
307 1212 397 1250 erga
443 1199 566 1237 Deum
611 1204 649 1238 et
691 1201 936 1251 proximum,
987 1201 1171 1250 quoniam
1215 1201 1291 1238 vita
1335 1200 1501 1238 civitatis

164 1261 299 1310 utique
333 1258 485 1296 socialis
518 1263 588 1296 est.
624 1301 629 1307 ,

664 1405 820 1449 CAPUT
845 1407 1003 1448 XVIII.

194 1494 320 1539 Quam
353 1494 512 1531 diversa
543 1495 595 1530 sit
625 1492 870 1530 Academiae
902 1504 1026 1530 novae
1059 1492 1299 1540 ambissuz'tas
1330 1504 1355 1530 a
1387 1502 1477 1531 con-

543 1553 693 1589 stantia
721 1553 822 1597 fidei
857 1552 1122 1589 Christianae.

284 1633 394 1678 Quod
429 1639 558 1671 autem
591 1633 739 1670 adtinet
777 1632 821 1670 ad
855 1632 957 1670 illam
991 1632 1267 1684 differentiam,
1307 1644 1421 1683 quam
1453 1632 1501 1671 de

164 1691 405 1730 Academicis
433 1693 542 1729 novis
570 1690 689 1729 Varro
723 1691 909 1741 adhibuit,
943 1690 1084 1740 quibus
1116 1692 1264 1729 incerta
1298 1696 1390 1729 sunt
1421 1703 1500 1729 om-

165 1752 247 1803 nia,
280 1751 437 1788 omnino
478 1751 612 1787 civitas
646 1749 713 1787 Dei
746 1750 860 1788 talem
893 1749 1174 1787 dubitationem
1208 1755 1403 1800 tamquam
1436 1749 1500 1788 de-

164 1811 349 1847 mentiam
388 1809 621 1859 detestatur,
661 1808 808 1847 liabens
841 1809 886 1847 de
920 1807 1055 1859 rebus,
1094 1820 1190 1858 quas
1222 1815 1351 1846 mente
1384 1814 1501 1859 atque

165 1870 314 1906 ratione
342 1866 649 1917 comprehendit,
683 1869 832 1904 etiamsi
861 1878 1015 1917 parvam
1048 1872 1209 1916 propter
1241 1878 1384 1917 corpus
1417 1879 1500 1905 cor-

166 1926 371 1977 ruptibile,
416 1925 518 1976 quod
565 1925 745 1975 adgravat
789 1927 954 1963 animam
999 1921 1218 1977 (quoniam,
1264 1927 1365 1963 sicut
1408 1925 1502 1964 dicit

165 1985 375 2036 apostolus,
408 1996 459 2023 ex
486 1989 607 2033 parte
632 1980 809 2036 scimus),
841 1989 969 2021 tamen
997 1985 1253 2021 certissimam
1287 1985 1502 2036 scientiam,

259 2087 317 2128 30>
346 2090 375 2120 1.
404 2084 482 2119 Cor.
512 2090 565 2127 13,
593 2089 623 2119 9.

262 2231 302 2260 13
331 2226 401 2260 erit,
425 2225 515 2267 RL‚·
540 2225 651 2259 fuerit
676 2225 732 2258 Av
