1611 2465
84 711 124 740 10

86 1003 125 1033 15

82 1294 126 1324 20

84 1586 126 1616 25

84 1983 127 2014 30

150 75 235 117 268
685 83 712 108 s.
732 83 950 109 AUGUSTINI

150 175 284 213 Martis
323 180 361 212 et
399 176 486 224 pagi
525 174 635 223 quasi
667 172 801 211 Martis
838 184 979 223 pagum
1013 174 1233 211 nominasse
1267 173 1489 227 credantur,

150 235 190 271 in
215 234 398 271 iniuriam
424 231 603 270 videlicet
628 233 845 282 numinum,
878 243 898 268 a
931 230 1073 281 quibus
1105 231 1223 282 litigia
1256 232 1315 270 vel
1346 232 1489 271 iudicia

150 293 345 330 existimat
377 290 517 341 aliena3
555 301 632 328 non
671 290 799 327 minus
831 289 924 341 hoc,
964 289 1066 339 quod
1100 290 1146 328 de
1178 290 1299 329 Marte
1333 290 1489 343 dicitur,

150 350 290 388 falsum
329 361 412 387 esse
453 349 704 399 adseverans,
742 360 857 398 quam
898 347 992 386 illud
1026 348 1128 398 quod
1161 349 1207 387 de
1241 348 1368 387 tribus
1400 349 1487 388 dea-

150 408 236 459 bus,
269 407 416 445 Iunone
444 407 593 445 scilicet
626 412 664 445 et
689 406 861 444 Minerva
895 412 933 445 et
959 405 1120 458 Venere,
1153 419 1250 458 quae
1285 420 1356 458 pro
1389 408 1489 446 malo

152 478 269 505 aureo
310 465 558 516 adipiscendo
599 465 699 516 apud
739 465 908 503 iudicem
940 464 1119 503 Paridem
1153 466 1199 503 de
1232 466 1489 517 pulchritudi-

151 527 211 563 nis
252 524 479 562 excellentia
518 530 689 562 certasse
736 529 944 561 narrantur
982 530 1020 561 et
1058 524 1103 562 ad
1143 524 1349 574 placandos
1388 524 1490 563 ludis

151 584 256 634 deos,
289 584 356 633 qui
388 582 633 621 delectantur
665 595 734 621 seu
767 584 869 620 veris
903 594 971 620 seu
1004 582 1110 620 falsis
1142 584 1226 621 istis
1259 582 1490 622 criminibus

152 644 253 692 suis,
297 643 400 679 inter
445 641 656 679 theatricos
693 640 852 691 plausus
891 646 1096 679 cantantur
1134 647 1247 691 atque
1289 641 1490 680 saltantur.

151 700 255 738 Haec
288 699 408 737 Varro
447 711 525 738 non
564 699 705 751 credit,
743 711 791 737 ne
825 699 987 737 deorum
1021 705 1181 737 naturae
1214 712 1284 738 seu
1316 700 1491 739 moribus

152 758 285 797 credat
322 760 554 809 incongrua3
600 764 639 796 et
676 763 804 795 tamen
844 770 921 795 non
962 757 1196 809 fabulosam,
1236 758 1302 796 sed
1335 758 1490 796 histori-

152 829 236 856 cam
280 818 472 855 rationem
523 816 569 854 de
613 816 853 854 Athenarum
897 815 1083 854 vocabulo
1134 816 1301 855 reddens
1344 822 1491 856 tantam

156 876 328 926 Neptuni
368 882 405 914 et
436 875 631 913 Minervae
669 875 776 913 litem
815 876 896 912 suis
929 874 1071 913 litteris
1102 876 1258 926 inserit,
1299 875 1346 913 de
1379 877 1491 914 cuius

152 936 307 972 nomine
341 935 472 984 potius
504 933 566 971 illa
600 935 733 972 civitas
766 939 982 980 vocaretur,
1016 939 1070 984 ut,
1102 946 1191 971 cum
1223 934 1491 984 prodigiorum

154 993 415 1031 ostentatione
455 991 755 1042 contenderent,
792 993 896 1029 inter
934 1004 1001 1029 eos
1038 991 1210 1030 iudicare
1253 1005 1324 1030 nec
1357 992 1490 1043 Apollo

154 1050 356 1089 consultus
395 1051 576 1101 auderet,
616 1049 682 1088 sed
722 1050 886 1093 deorum
923 1051 1094 1100 iurgium
1126 1051 1358 1102 finiendum,
1391 1052 1492 1090 sicut

153 1114 456 1148 memoratarum
497 1110 615 1147 trium
653 1108 812 1146 dearum
846 1108 891 1146 ad
923 1108 1102 1146 Paridem
1135 1108 1325 1160 Iuppiter,
1369 1110 1421 1147 ita
1454 1115 1492 1148 et

154 1171 226 1206 iste
259 1168 305 1206 ad
338 1168 516 1205 homines
555 1168 745 1215 mitteret,
783 1166 850 1205 ubi
889 1168 1063 1205 vinceret
1094 1167 1264 1205 Minerva
1297 1168 1491 1218 suffragiis

154 1233 193 1265 et
235 1228 276 1264 in
320 1238 444 1277 poena
484 1237 642 1264 suarum
682 1226 1009 1275 suffragatricium
1041 1227 1283 1277 vinceretur,
1322 1238 1419 1277 quae
1451 1228 1492 1264 in

155 1285 387 1323 adversariis
426 1286 507 1322 suis
545 1285 639 1322 viris
679 1283 854 1321 obtinere
888 1283 1056 1322 Athenas
1097 1286 1242 1334 potuit,
1280 1290 1319 1322 et
1350 1286 1491 1323 amicas

155 1356 244 1382 suas
277 1344 440 1381 feminas
472 1342 689 1380 Athenaeas
721 1341 864 1380 habere
898 1354 975 1380 non
1007 1344 1143 1393 potuit.
1206 1342 1274 1380 His
1307 1345 1490 1394 tempori·

152 1401 238 1454 bus,
270 1407 314 1440 ut
338 1401 458 1439 Varro
486 1400 633 1452 scribit,
665 1407 851 1451 regnante
884 1400 1186 1439 Atheniensibus
1213 1400 1372 1448 Cranao,
1405 1413 1491 1440 suc-

154 1472 310 1499 cessore
350 1459 554 1510 Cecropis,
596 1465 640 1497 ut
677 1465 806 1497 autem
845 1460 968 1497 nostri
1000 1458 1194 1497 Eusebius
1232 1465 1271 1497 et
1303 1459 1489 1511 Hierony-

153 1531 252 1570 muS,
279 1519 403 1557 adhuc
425 1518 562 1556 eodem
583 1517 755 1568 Cecrope
776 1524 1041 1568 permanente,
1068 1517 1254 1556 diluvium
1276 1518 1360 1569 suit,
1387 1518 1491 1568 quod

155 1577 389 1629 appellatum
434 1582 494 1615 est
537 1576 808 1627 Deucalionis,
858 1588 903 1614 eo
949 1576 1051 1626 quod
1095 1577 1177 1626 ipse
1222 1576 1409 1627 regnabat
1451 1578 1492 1615 in

153 1649 286 1675 earum
325 1643 519 1674 terrarum
562 1634 755 1686 partibus,
798 1634 864 1672 ubi
903 1636 1067 1672 maxime
1101 1635 1245 1672 factum
1278 1641 1346 1673 est.
1410 1634 1491 1674 Hoc

152 1701 281 1734 autem
319 1694 506 1732 diluvium
546 1705 790 1743 nequaquam
829 1693 874 1731 ad
913 1694 1129 1743 Aegyptum
1167 1698 1282 1743 atque
1321 1692 1367 1731 ad
1408 1695 1491 1732 eius

152 1755 276 1792 vicina
309 1754 496 1803 pervenit.

695 1887 846 1930 CAPUT
878 1888 949 1930 XI.

163 1977 243 2022 (mo
271 1981 445 2023 tempore
472 1974 629 2023 Moyses
650 1975 839 2022 populum
866 1975 914 2011 de
940 1975 1118 2022 Aeyypto
1145 1975 1342 2025 eduxerit,
1374 1979 1412 2013 et
1443 1975 1491 2013 de

186 2035 275 2072 Iesu
309 2034 429 2079 Nave,
462 2035 532 2081 qui
561 2034 687 2070 eidem
718 2034 928 2082 successu,
960 2043 1127 2080 quorum
1160 2044 1299 2080 requm
1331 2037 1462 2071 aetate

687 2092 739 2128 sit
769 2096 958 2128 morinus.

274 2184 417 2222 Eduxit
449 2196 541 2234 ergo
574 2183 725 2234 Moyses
758 2195 804 2221 ex
835 2183 1008 2234 Aegypto
1040 2182 1227 2234 populum
1258 2183 1327 2222 Dei
1364 2185 1489 2222 novis·

156 2245 252 2282 simo
286 2249 462 2293 tempore
490 2242 674 2292 Cecropis
701 2241 995 2280 Atheniensium
1027 2243 1142 2292 regis,
1174 2254 1263 2280 cum
1295 2242 1395 2293 apud
1422 2241 1489 2279 As-
