1548 2562
395 169 447 194 DE
467 168 655 194 CIVITATE
674 169 743 194 DEI
762 169 795 194 L.
815 169 910 194 xvn.
931 168 959 194 c.
980 170 1003 194 7.
1023 169 1047 194 8.
1302 158 1385 198 223

59 263 97 296 et
134 262 324 309 veterem,
363 262 402 295 et
439 258 588 295 vocavit
625 269 766 295 nomen
797 259 881 295 eius
912 256 1156 308 Abennezer,
1195 255 1296 306 quod
1329 261 1390 294 est

58 315 192 353 Latine
238 315 333 366 lapis
371 315 578 367 adiutoris⁷
617 321 655 353 et
692 315 805 354 dixit:
857 316 982 363 Usque
1019 317 1094 353 hoc
1134 317 1290 353 cidizwlt
1319 326 1389 352 nos

61 375 262 413 Dominus.
334 373 553 424 Massephat
595 375 877 423 interpretatur
921 374 1096 412 intentio¹
1168 372 1282 423 Lapis
1325 371 1388 410 ille

60 432 248 470 adiutoris
284 431 470 470 medietas
508 437 567 470 est
600 431 825 483 Salvatoris,
856 444 927 482 per
959 443 1074 482 quem
1107 430 1388 469 transeundum

60 495 119 528 est
155 502 175 527 a
212 489 430 540 Massephat
466 496 597 528 vetere
635 490 681 527 ad
718 501 872 541 novam,
909 490 948 528 id
986 495 1045 528 est
1083 489 1129 527 ab
1161 490 1388 539 intentione,

60 560 134 598 qua
172 548 447 598 expectabatur
484 550 523 586 in
556 547 700 586 carnali
738 560 857 598 regno
896 547 1094 586 beatitudo
1133 547 1225 586 falsa
1257 559 1389 585 carna—

60 607 118 657 lis,
150 607 197 644 ad
223 607 490 658 intentionem,
523 618 598 661 qua
628 618 698 657 per
730 617 872 644 novum
904 611 1180 644 testamentum
1213 610 1389 656 expecta-

60 670 124 703 tur
156 666 195 702 in
227 676 346 715 regno
385 665 580 703 caelorum
618 664 816 703 beatitudo
848 665 1049 702 verissima
1082 664 1283 715 spiritalis3
1316 675 1390 714 qua

61 724 242 773 quoniam
273 722 369 761 nihil
400 728 459 762 est
490 722 640 775 melius,
670 723 747 761 huc
780 735 904 773 usque
937 722 1090 760 adiuvat
1122 721 1236 760 Deus.

573 835 728 878 CAPUT
761 835 876 877 VIII.

63 922 121 960 De
140 922 469 970 promissionibus
496 922 552 959 ad
575 921 708 958 David
732 922 772 958 in
794 923 878 967 filio
905 923 1000 968 eius,
1032 932 1135 968 quae
1167 921 1392 958 nullatenus

121 981 161 1018 in
194 980 418 1031 Salomone,
449 980 520 1018 sed
545 980 770 1028 plenissime
801 980 1056 1017 imssem'zmtur
1089 980 1130 1016 in
1168 978 1333 1016 Christo.

179 1060 258 1098 Iam
291 1072 394 1098 nunc
426 1060 536 1098 video
569 1072 654 1098 esse
688 1059 1000 1109 inoiistramlum,
1033 1059 1126 1109 quid
1157 1060 1233 1109 ipsi
1263 1058 1392 1110 David,

63 1120 129 1169 qui
157 1118 263 1157 Sauli
294 1120 484 1156 successit
510 1120 549 1156 in
576 1130 751 1169 regnum,
784 1119 896 1155 cuius
928 1118 1141 1155 mutatione
1174 1116 1298 1155 finalis
1331 1116 1391 1154 illa

63 1178 224 1215 mutatio
258 1177 418 1227 figurata
451 1182 520 1228 est,
552 1182 712 1227 propter
744 1188 859 1226 quam
891 1175 1075 1214 divinitus
1107 1180 1247 1214 cuncta
1279 1175 1391 1226 dicta,

64 1240 201 1273 cuncta
234 1236 453 1285 conscripta
481 1240 582 1286 sunt,
616 1234 717 1272 Deus
749 1235 986 1285 promiserit,
1017 1233 1119 1284 quod
1152 1233 1198 1271 ad
1230 1245 1314 1271 rem
1346 1233 1391 1271 de

65 1305 139 1343 qua
183 1294 331 1343 agimus
374 1294 554 1344 pertinet.
616 1292 712 1330 Cum
757 1294 838 1342 regi
882 1291 999 1330 David
1043 1292 1163 1330 multa
1207 1303 1392 1342 prospera

64 1353 352 1401 provenissent,
391 1352 571 1401 cogitavit
603 1352 729 1389 facere
762 1350 841 1388 Deo
873 1349 1048 1403 domum,
1080 1350 1268 1401 templum
1299 1349 1392 1388 illud

65 1409 214 1448 scilicet
245 1409 567 1447 excellentissime
601 1409 849 1459 diffamatum,
881 1408 984 1459 quod
1017 1420 1037 1446 a
1069 1420 1160 1459 rege
1189 1408 1392 1446 Salomone

66 1467 141 1505 filio
168 1468 251 1505 eius
278 1473 412 1518 postea
439 1467 666 1506 fabricatum
699 1473 769 1506 est.
830 1466 912 1505 Hoc
944 1479 989 1505 eo
1022 1468 1216 1517 cogitante
1250 1467 1392 1504 sactum

66 1530 125 1563 est
157 1525 318 1564 verbum
350 1525 502 1564 Domini
534 1525 579 1563 ad
612 1525 760 1564 Nathan
792 1525 1033 1576 prophetam,
1066 1525 1168 1575 quod
1201 1524 1395 1575 perferret

67 1583 112 1621 ad
154 1595 296 1634 regem.
357 1583 430 1622 Ubi
474 1596 562 1622 cum
603 1584 764 1621 dixisset
800 1583 923 1634 Deus,
968 1582 1071 1633 quod
1109 1595 1187 1620 non
1225 1582 1271 1620 ab
1310 1583 1393 1632 ipso

67 1641 184 1679 David
217 1641 291 1680 sibi
316 1642 586 1680 aedificaretur
618 1642 767 1692 domus,
799 1653 925 1691 neque
957 1653 1027 1692 per
1058 1646 1209 1679 tantum
1241 1646 1395 1690 tempus

68 1711 107 1738 se
141 1700 341 1738 mandasse
369 1701 550 1750 cuiquam
575 1701 615 1737 in
646 1699 788 1750 populo
820 1711 902 1745 SUO,
935 1705 978 1737 ut
1009 1698 1083 1737 sibi
1114 1699 1225 1736 fieret
1257 1697 1394 1735 domus

68 1757 241 1796 cedrina:
280 1758 330 1796 Ec
367 1770 490 1805 nunc,
529 1759 672 1810 inquit,
712 1759 813 1796 haec
845 1759 953 1796 dices
984 1768 1097 1795 servo
1129 1768 1213 1795 meo
1246 1757 1394 1794 David:

67 1816 179 1854 Haec
205 1817 304 1854 dicit
329 1816 519 1854 Dominus
545 1819 804 1865 omnipotens:
830 1816 979 1864 Accepi·
1003 1820 1040 1854 te
1066 1816 1115 1854 de
1140 1816 1233 1853 ovili
1257 1816 1395 1861 ovium,

67 1878 111 1912 ut
142 1885 244 1912 esses
275 1876 315 1912 in
348 1876 487 1913 ducem
518 1886 639 1923 super
663 1876 853 1924 populum
885 1885 1010 1912 meum
1041 1884 1161 1922 super
1188 1872 1329 1919 Israel,
1361 1877 1397 1910 et

68 1943 179 1970 eram
216 1936 343 1971 tecum
380 1935 421 1971 in
459 1934 637 1972 omnibus
674 1933 816 1980 quibus
847 1932 1158 1980 inyrede'ebaris,
1198 1935 1236 1969 et
1265 1934 1396 1969 exter-

68 1992 218 2028 minavi
242 2002 374 2029 omnes
399 1992 578 2030 inimicos
603 1996 689 2030 tuos
721 2002 746 2029 a
773 1989 884 2038 facie
916 1995 996 2037 tua,
1029 1994 1067 2028 et
1093 1988 1178 2037 feci
1207 1993 1244 2027 te
1276 1990 1395 2026 nomi·

69 2052 205 2086 natum
235 2050 453 2087 secundum
485 2060 624 2088 nomen
657 2059 909 2097 maqnorum,
947 2049 1017 2096 qui·
1045 2051 1139 2086 sunt
1167 2058 1288 2096 super
1320 2050 1396 2085 ter-

163 2149 198 2192 3)
227 2152 256 2183 1.
285 2148 380 2183 Sam.
409 2153 439 2192 7,
467 2153 486 2183 9
514 2160 590 2193 sqq.

163 2280 182 2310 2
214 2277 285 2311 hoc
321 2276 453 2310 R¹AF
482 2277 562 2318 (vol.
597 2276 633 2318 Ι,
658 2278 746 2319 114,
771 2278 855 2319 21)‚·
887 2275 957 2309 hue
983 2284 1002 2309 v
1040 2275 1051 2318 ΙΙ
1088 2276 1130 2308 27
1159 2283 1266 2317 super
1290 2272 1398 2306 israel

69 2322 202 2365 RFbe,·
228 2334 336 2366 super
361 2333 424 2358 om.
453 2324 508 2365 A‚·
533 2323 570 2357 in
596 2324 658 2357 Isr.
684 2333 727 2366 qv

1421 845 1463 876 10

1422 1182 1463 1212 15

1422 1763 1465 1794 25
