1611 2465
92 408 111 439 5

70 700 112 730 10

72 991 113 1022 15

72 1283 114 1313 20

72 1574 114 1604 25

73 1866 117 1896 30

109 381 139 416 s

138 70 220 112 278
670 77 697 103 s.
717 77 933 104 Aucus'rmr

138 170 323 206 maiorem
357 167 549 217 videmus,
588 172 695 205 tanto
735 167 910 205 tenacius
941 166 1142 206 Mediatori
1175 173 1234 206 est
1266 167 1469 207 inhaeren-

137 226 249 277 dum,
293 237 363 276 per
407 236 524 276 quem
562 223 609 263 de
648 225 735 263 imis
779 224 826 263 ad
867 236 1017 264 summa
1057 226 1367 265 conscendimus.
1429 225 1472 265 Si

138 286 241 322 enim
273 284 486 322 dixerimus
519 294 563 321 ea
594 294 672 321 non
704 294 790 322 esse
822 281 1032 331 credenda,
1072 295 1151 322 non
1182 283 1325 324 desunt
1355 285 1471 324 etiam

138 355 259 393 nunc,
299 343 364 392 qui
403 343 487 379 eius
531 340 635 379 modi
666 340 855 391 quaedam
886 341 946 379 vel
977 342 1194 381 certissima
1226 342 1381 382 audisse
1412 341 1472 380 vel

139 402 253 439 etiam
296 405 478 450 expertos
522 411 563 438 se
607 411 693 437 esse
738 399 977 438 adseverent.
1046 399 1140 438 Nam
1186 405 1224 439 et
1267 412 1338 440 nos
1382 412 1471 440 cum

140 470 313 497 essemus
346 459 386 495 in
419 457 526 496 ltalia
558 456 808 496 audiebamus
841 457 930 496 talia
961 457 1007 496 de
1040 457 1205 508 quadam
1237 460 1396 509 regione
1427 458 1470 497 il·

139 517 262 554 larum
293 517 475 567 partium,
508 515 574 554 ubi
605 514 834 555 stabularias
866 515 1050 554 mulieres
1082 515 1237 555 inbutas
1269 516 1329 555 bis
1361 516 1472 556 malis

139 574 287 613 artibus
325 575 365 613 in
406 585 518 613 caseo
555 574 647 613 dare
686 573 811 613 solere
843 573 1023 613 dicebant
1054 573 1197 624 quibus
1229 573 1371 614 vellent
1403 587 1472 614 seu

139 638 299 684 possent
337 632 568 684 viatoribus,
605 631 707 671 unde
745 634 785 670 in
823 633 996 671 iumenta
1033 632 1121 671 ilico
1154 637 1403 672 verterentur
1434 638 1474 672 et

140 692 360 730 necessaria
409 702 587 742 quaeque
633 695 837 741 portarent
884 695 1050 741 postque
1099 691 1305 742 perfuncta
1355 703 1473 742 opera

138 751 282 788 iterum
326 749 372 788 ad
416 761 457 788 se
499 749 690 800 redirent;
734 760 806 788 nec
844 754 973 788 tamen
1010 749 1051 787 in
1092 750 1148 788 eis
1186 754 1357 789 mentem
1388 750 1475 789 fieri

138 807 364 860 bestialem,
415 807 482 846 sed
532 806 758 846 rationalem
814 806 1100 858 humanamque
1151 808 1320 858 servari,
1372 809 1475 848 sicut

139 865 325 918 Apuleius
356 868 397 904 in
428 865 555 917 libris,
595 877 692 916 quos
723 866 822 904 asini
854 867 963 905 aurei
994 865 1107 914 titulo
1139 866 1358 917 inscripsit,
1398 865 1473 906 sibi

139 926 214 975 ipsi
254 924 459 975 accidisse,
501 929 544 963 ut
582 929 741 975 accepto
780 935 929 962 veneno
962 923 1130 963 humano
1163 925 1290 963 animo
1322 935 1471 975 perma-

141 988 256 1022 nente
290 984 421 1022 asinus
453 982 575 1029 tieret,
609 988 674 1021 aut
704 981 886 1021 indicavit
916 988 982 1021 aut
1013 982 1152 1035 finxit&

257 1040 360 1080 Haec
393 1040 452 1079 vel
484 1040 577 1079 falsa
603 1046 693 1079 sunt
725 1040 783 1078 vel
815 1046 891 1079 tam
923 1041 1117 1092 inusitata,
1151 1046 1194 1081 ut
1224 1042 1363 1081 merito
1395 1052 1474 1081 non

142 1099 362 1138 credantur.
423 1098 662 1137 Firmissime
701 1104 829 1137 tamen
867 1094 1106 1137 credendum
1138 1104 1198 1138 est
1229 1101 1473 1150 omnipoten-

141 1164 220 1196 tem
252 1157 374 1196 Deum
406 1168 519 1207 posse
559 1158 686 1195 omnia
725 1158 853 1195 facere
887 1168 983 1207 quae
1016 1156 1200 1208 voluerit,
1239 1159 1318 1196 sive
1351 1157 1472 1196 vindi-

142 1215 263 1254 cando
297 1217 376 1253 sive
414 1214 667 1266 praestando,
705 1227 777 1253 nec
810 1214 1018 1253 daemones
1051 1214 1194 1265 aliquid
1228 1217 1382 1266 operari
1415 1227 1473 1254 se-

142 1274 313 1313 cundum
355 1278 514 1312 naturae
558 1284 648 1311 suae
696 1274 908 1323 potentiam
949 1269 1057 1324 (quia
1099 1278 1137 1311 et
1180 1274 1261 1324 ipsa
1303 1273 1475 1324 angelica

142 1338 322 1371 creatura
365 1336 441 1383 est,
484 1330 575 1370 licet
612 1332 770 1382 proprio
808 1332 900 1369 vitio
938 1331 989 1369 sit
1026 1328 1210 1383 maligna)
1252 1332 1327 1370 nisi
1369 1331 1471 1382 quod

142 1391 203 1429 ille
237 1390 482 1441 permiserit,
519 1390 631 1427 cuius
672 1389 813 1428 iudicia
846 1388 997 1427 occulta
1029 1394 1121 1427 sunt
1152 1389 1291 1440 multa,
1331 1391 1475 1428 iniusta

144 1449 256 1487 nulla.
318 1447 397 1486 Nec
431 1459 522 1486 sane
549 1447 757 1486 daemones
790 1453 946 1486 naturas
980 1453 1125 1498 creant,
1157 1448 1190 1485 si
1222 1447 1366 1498 aliquid
1399 1446 1473 1486 tale

143 1508 300 1557 faciunt,
332 1506 378 1545 de
406 1504 584 1557 qualibus
617 1506 729 1544 factis
760 1507 833 1544 ista
865 1506 1030 1543 vertitur
1062 1506 1255 1556 quaestio3
1288 1505 1356 1544 sed
1388 1517 1473 1557 spe-

143 1568 199 1604 cie
233 1571 364 1616 tenus,
402 1576 501 1615 quae
534 1575 553 1602 a
586 1575 676 1602 vero
709 1562 788 1602 Deo
827 1569 918 1602 sunt
949 1568 1095 1614 creata,
1133 1567 1393 1614 commutant,
1431 1568 1475 1602 ut

143 1623 346 1662 videantur
387 1634 471 1661 esse
518 1621 620 1673 quod
661 1633 740 1660 non
778 1627 880 1660 sunt.
941 1620 1027 1660 Non
1064 1623 1195 1673 itaque
1236 1621 1362 1660 solum
1394 1622 1473 1660 ani-

143 1693 261 1733 mum,
293 1680 361 1720 sed
388 1692 435 1719 ne
469 1692 611 1731 corpus
644 1679 801 1731 quidem
833 1678 909 1718 ulla
941 1680 1089 1718 ratione
1122 1678 1355 1718 crediderim
1387 1679 1473 1718 dae-

143 1751 302 1778 monum
328 1744 410 1777 arte
438 1738 496 1777 vel
521 1743 712 1789 potestate
740 1739 779 1776 in
806 1736 979 1776 membra
1011 1742 1050 1776 et
1079 1737 1302 1776 liniamenta
1334 1737 1473 1776 bestia-

144 1798 192 1836 lia
233 1798 423 1836 veraciter
463 1807 577 1847 posse
620 1798 816 1847 converti,
860 1795 928 1834 sed
968 1795 1253 1846 phantasticum
1294 1795 1474 1846 hominis,

145 1856 248 1907 quod
281 1857 396 1894 etiam
428 1854 631 1905 cogitando
664 1855 743 1893 sive
775 1853 1001 1892 somniando
1031 1865 1103 1905 per
1134 1864 1267 1891 rerum
1298 1853 1472 1891 innume-

143 1914 277 1953 rabilia
308 1924 451 1965 genera
482 1914 652 1951 variatur
684 1917 734 1963 et,
765 1923 853 1950 cum
885 1923 1028 1961 corpus
1060 1922 1137 1949 non
1170 1912 1232 1962 sit,
1264 1922 1474 1962 corporum

144 1978 272 2010 tamen
317 1971 461 2010 similes
505 1971 602 2009 mira
646 1969 843 2008 celeritate
882 1970 1025 2007 formas
1065 1970 1189 2019 capit,
1230 1970 1366 2019 sopitis
1408 1974 1474 2008 aut

144 2031 341 2080 oppressis
381 2030 579 2079 corporeis
618 2028 785 2066 hominis
823 2026 1003 2065 sensibus
1041 2026 1085 2065 ad
1120 2026 1282 2065 aliorum
1315 2038 1474 2065 sensum

144 2089 275 2126 nescio
308 2100 384 2138 quo
411 2085 594 2125 ineffabili
625 2085 739 2124 modo
773 2086 893 2136 figura
926 2096 1114 2136 corporea
1146 2095 1261 2135 posse
1292 2084 1474 2136 perduci3

238 2238 257 2267 9
284 2233 382 2267 illico
409 2244 428 2268 v
448 2235 521 2278 1127
549 2244 594 2268 ne
619 2232 715 2275 RA,·
739 2242 806 2267 nec
832 2231 920 2275 Fvu
939 2235 983 2267 28
1009 2231 1154 2267 lineam.
1179 2241 1200 2265 v

1606 1724 1609 1729 .
1604 1701 1605 1705 „
1605 1646 1609 1670 ,.
1599 757 1609 1629 -.-.-.-—-r--—--—-—-=--.vm-—---..—..-
