1548 2562
385 136 436 162 DE
455 135 643 161 CIVITATE
663 135 732 160 DEI
751 135 784 160 L.
804 135 884 161 XIX.
906 135 936 160 c.
956 136 997 160 14.
1018 135 1058 161 15.
1296 104 1379 166 3⁶81

52 224 361 274 oboediendique
405 223 611 262 concordia
652 223 966 263 cohabitantium.
1028 223 1224 274 Imperant
1268 224 1382 274 enim,

56 285 121 334 qui
153 282 377 334 consulunt3
410 283 511 320 sic‘ut
536 283 593 319 vir
625 283 748 329 uxori,
779 287 962 332 parentes
993 281 1092 333 filiis,
1125 281 1269 319 domini
1302 293 1381 319 ser-

53 343 121 380 vis.
183 340 403 379 Oboediunt
429 345 569 384 *autem
607 339 749 390 quibus
788 339 1023 391 consulitur3
1060 341 1161 378 sicut
1198 339 1382 378 mulieres

54 400 213 450 maritis,
246 398 311 436 filii
338 398 577 449 parentibus,
610 400 711 436 servi
738 398 915 436 dominis.
978 397 1053 436 Sed
1079 399 1118 436 in
1145 397 1258 436 domo
1290 398 1383 446 iusti

52 458 215 495 viventis
247 469 293 495 ex
324 456 412 494 fide
432 461 470 495 et
501 456 626 494 adhuc
667 455 713 494 ab
744 456 805 494 illa
840 455 996 494 caelesti
1028 457 1179 495 civitate
1211 456 1382 507 peregri-
1410 464 1429 493 5

52 516 180 554 nantis
219 516 333 553 etiam
372 516 438 565 qui
474 516 667 565 imperant
705 515 879 553 serviunt
916 516 991 566 eis,
1031 514 1173 564 quibus
1203 514 1385 552 videntur

53 576 256 625 imperare.
328 572 462 623 Neque
508 573 611 628 enim
661 566 882 611 dominandi
927 572 1136 623 cupiditate
1180 574 1385 623 imperant,

54 631 121 670 sed
153 632 280 670 officio
313 630 541 670 consulendi
549 626 587 682 ss
590 642 663 670 nec
693 630 939 682 principandi
971 630 1165 683 superbia,
1197 630 1264 670 sed
1296 642 1384 682 pro-

52 689 207 750 videndi
237 683 549 753 misericordias
1182 700 1187 706 ·

583 872 739 915 CAPUT
765 873 858 915 XV.
1415 883 1457 913 10

56 971 115 1008 De
145 971 329 1008 libertate
360 970 543 1007 naturale·
572 974 610 1007 et
641 970 689 1007 de
719 971 920 1020 servitute,
952 971 1067 1007 cm'us
1091 970 1229 1017 prima
1261 980 1387 1007 causa

51 1033 263 1078 peccatum
301 1031 373 1074 est,
412 1038 492 1074 qua
530 1028 642 1065 homo
680 1029 810 1065 malae
847 1029 1076 1078 voluntatis,
1115 1028 1272 1064 etiamsi
1309 1038 1384 1064 non
1424 1021 1454 1043 ’“’

114 1090 172 1125 est
201 1087 441 1134 mancipium
473 1086 849 1135 alteriusfiomz'm‘s,
881 1097 1019 1124 servus
1051 1089 1109 1124 est
1134 1087 1330 1134 propriae

626 1144 812 1181 libidinis.

172 1236 254 1274 Hoc
295 1235 481 1275 naturalis
522 1236 616 1274 ordo
656 1236 909 1288 praescribit,
951 1237 1002 1274 ita
1043 1236 1146 1274 Deus
1190 1236 1387 1274 hominem
1416 1244 1457 1274 15

57 1294 239 1333 condidit.
301 1294 417 1333 Nam:
450 1295 695 1342 Dominetur,
728 1295 870 1346 inquit,
896 1297 1069 1343 piscium
1100 1297 1225 1333 maris
1256 1299 1295 1333 et
1324 1306 1387 1333 vo-

57 1355 224 1392 latilium
262 1355 367 1391 caeli
403 1357 441 1391 et
477 1354 649 1391 omnium
680 1355 918 1401 repemium,
957 1365 1060 1400 quae
1091 1358 1237 1402 repunt
1267 1364 1388 1401 super

57 1417 219 1450 terram.
299 1410 538 1449 Rationalem
584 1411 726 1449 factum
771 1411 817 1449 ad
861 1413 1067 1461 imaginem
1113 1423 1221 1449 suam
1266 1411 1389 1449 noluit

56 1471 132 1508 nisi
171 1468 506 1507 inrationabilibus
547 1469 753 1521 dominari3
786 1482 862 1507 non
894 1469 1090 1507 hominem
1122 1469 1286 1520 homini,
1320 1468 1387 1507 sed

56 1528 253 1566 hominem
284 1529 428 1578 pecori.
489 1526 581 1566 Inde
613 1529 729 1578 primi
760 1529 852 1565 iusti
883 1533 1061 1578 pastores
1091 1540 1278 1578 pecorum
1306 1540 1386 1565 -ma-
1415 1536 1459 1566 20

57 1587 115 1636 gis
142 1598 255 1636 quam
281 1598 393 1636 reges
419 1585 619 1625 hominum
652 1587 855 1624 constituti
887 1591 990 1637 sunt,
1021 1590 1065 1624 ut
1096 1587 1211 1623 etiam
1244 1587 1299 1623 sic
1332 1587 1388 1623 in·
1413 1582 1420 1587 ”

58 1645 231 1683 sinuaret
256 1643 371 1695 Deus,
398 1644 489 1693 quid
515 1640 685 1694 postulet
711 1643 805 1681 ordo
832 1649 1112 1695 creaturarum,
1144 1643 1237 1693 quid
1263 1645 1390 1693 exigat

58 1703 240 1740 meritum
273 1707 532 1752 peccatorum.
594 1700 777 1740 Condicio
810 1703 952 1752 quippe
985 1703 1184 1740 servitutis
1215 1703 1301 1739 iure
1333 1703 1388 1740 in-

58 1760 254 1811 tellegitur
286 1761 451 1810 inposita
482 1761 692 1810 peccatori.
752 1759 920 1798 P-roinde
952 1772 1145 1810 nusquam
1177 1761 1388 1810 scriptura-

58 1830 146 1857 rum
178 1818 341 1868 legimus
374 1830 547 1869 servum,
588 1824 794 1868 antequam
826 1818 899 1856 hoc
931 1818 1116 1856 vocabulo
1149 1818 1229 1856 Noe
1262 1819 1389 1856 iustus
1415 1826 1458 1856 25

58 1882 262 1927 peccatum
311 1875 379 1914 filii
436 1875 659 1914 vindicaret.
744 1876 893 1914 Nomen
942 1878 1072 1927 itaque
1122 1876 1226 1914 istud
1277 1876 1387 1927 culpa

59 1936 218 1987 meruit,
257 1946 334 1974 non
372 1939 520 1973 natura.
582 1934 699 1985 Origo
737 1940 866 1973 autem
907 1934 1083 1973 vocabuli
1115 1941 1317 1973 servorum
1348 1936 1388 1972 in

59 1991 192 2031 Latina
224 1992 353 2043 lingua
378 1992 467 2030 inde
500 1993 674 2031 creditur
705 1993 832 2044 ducta,
865 1992 966 2043 quod
1000 1993 1050 2044 hi,
1083 1994 1150 2043 qui
1181 1994 1265 2030 iure
1298 1992 1389 2031 belli

59 2056 217 2101 possent
244 2050 378 2102 occidi,
410 2062 431 2088 a
456 2050 668 2089 victoribus
693 2063 781 2090 cum
815 2050 1069 2089 servabantur
1101 2052 1203 2089 servi
1234 2050 1402 2101 fiebant„

60 2120 80 2147 a
112 2108 299 2147 servando
331 2108 527 2160 appellati3
565 2109 667 2159 quod
708 2111 821 2147 etiam
854 2102 982 2159 ipsum
1014 2110 1096 2160 sine
1128 2110 1278 2159 peccati
1309 2121 1387 2146 me·
1414 2118 1458 2148 30

60 2168 135 2205 rito
174 2178 252 2205 non
289 2172 359 2205 est.
420 2166 516 2204 Nam
556 2172 594 2205 et
631 2179 720 2205 cum
751 2169 897 2206 iustum
928 2169 1078 2218 geritur
1110 2166 1275 2219 bellum,
1316 2179 1387 2217 pro

153 2292 188 2334 5)
214 2291 326 2326 Abac.
353 2294 385 2333 2,
412 2293 444 2325 4.
496 2292 552 2334 18)
580 2290 668 2325 Gen.
696 2295 727 2334 1,
754 2295 809 2326 26.
860 2292 918 2334 26)
943 2289 1030 2325 Gen.
1057 2295 1091 2335 9,
1116 2293 1183 2326 25,
1205 2287 1209 2290 ’
