1548 2562
430 116 481 141 DE
501 115 688 141 cwrrA'rE
707 116 777 140 Dm
796 116 829 141 L.
848 115 930 140 xxx.
950 115 979 141 c.
1000 116 1024 140 1.
1306 105 1389 145 349

58 210 187 257 potest
236 206 400 255 quisque
451 206 562 255 sequi
610 204 743 243 habitu
794 210 1015 242 ceterorum
1058 203 1390 255 philosophorum,

59 265 230 314 itemque
263 262 359 301 alius
391 268 520 314 potest
550 262 685 301 habitu
712 262 957 313 Cynicorum,
989 274 1035 300 ex
1067 261 1138 299 hac
1171 262 1287 299 etiam
1318 261 1388 299 dis-

59 323 222 360 serentia
254 321 500 372 duplicantur
539 326 577 358 et
615 322 822 370 nonaginta
853 318 920 358 sex
952 320 1060 358 fiunt.
1122 319 1267 357 Deinde
1300 321 1390 370 quia

58 391 192 418 earum
224 379 394 430 singulas
435 391 608 429 quasque
646 380 698 417 ita
736 380 839 416 tueri
870 378 1046 416 homines
1078 382 1243 428 possunt
1273 383 1388 427 atque

59 439 219 488 sectari,
258 442 301 475 ut
331 442 397 475 aut
428 438 591 475 otiosam
623 436 783 486 diligant
814 438 948 487 vitam,
990 437 1091 474 sicut
1120 435 1177 487 hi,
1209 437 1276 485 qui
1307 442 1388 474 tan-

58 495 257 534 tummodo
296 495 433 534 studiis
471 495 671 533 doctrinae
709 506 843 532 vacare
875 494 1083 532 voluerunt
1114 499 1228 544 atque
1261 493 1387 532 value-

58 559 162 605 runt,
194 558 260 592 aut
291 555 549 605 negotiosam,
581 554 683 591 sicut
712 552 770 604 hi,
802 554 868 602 qui
901 564 989 591 cum
1020 551 1389 603 philosopharentur

58 618 187 650 tamen
237 611 571 650 administratione
621 612 679 649 rei
734 609 910 661 publicae
960 610 1220 661 regendisque
1271 609 1389 648 rebus

56 670 236 709 humanis
280 671 567 721 occupatissimi
612 669 794 720 fuerunt,
838 674 904 707 aut
951 681 996 707 ex
1038 674 1205 719 utroque
1245 680 1388 718 genere

57 734 332 780 temperatam,
364 730 465 766 sicut
495 728 552 779 hi,
584 729 651 778 qui
682 728 822 778 partim
855 727 1008 765 erudito
1040 728 1118 764 otio
1150 728 1291 777 partim
1323 738 1388 764 ne-

58 788 227 825 cessario
255 788 410 837 negotio
437 786 665 824 alternantia
692 787 788 823 vitae
816 797 908 823 suae
940 790 1115 835 tempora
1148 784 1390 823 tribuerunt:

56 851 217 896 propter
258 845 326 883 has
367 845 605 882 differentias
642 849 771 894 potest
815 844 930 881 etiam
975 842 1163 893 triplicari
1201 854 1390 881 numerus

57 905 130 942 iste
164 909 360 942 sectarum
392 908 431 940 et
462 902 508 940 ad
540 902 727 940 ducentas
759 903 954 951 octoginta
986 907 1072 939 octo
1104 901 1277 951 perduci.

174 961 278 1000 Haec
309 961 355 999 de
388 960 570 999 Varronis
601 959 718 1011 libro,
760 965 946 1009 quantum
978 960 1104 1009 potui,
1143 958 1314 997 breviter
1346 971 1389 997 ac

58 1019 226 1058 dilucide
252 1021 378 1070 posui,
410 1020 621 1057 sententias
647 1019 732 1056 eius
765 1018 860 1055 meis
892 1017 1088 1067 explicans
1120 1016 1260 1055 verbis.
1304 1017 1389 1061 Quo

59 1077 172 1116 modo
198 1083 328 1116 autem
353 1077 532 1115 refutatis
564 1077 705 1114 ceteris
738 1087 854 1114 unam
888 1075 1013 1125 eligat,
1046 1087 1160 1124 quam
1192 1074 1273 1113 vult
1304 1087 1389 1113 esse

58 1135 380 1174 Academicorum
418 1140 595 1173 veterum
634 1131 752 1186 (quos
784 1146 804 1171 a
836 1133 995 1171 Platone
1033 1135 1234 1171 institutos
1265 1145 1389 1182 usque

58 1194 104 1232 ad
136 1193 402 1243 Polemonem,
442 1194 510 1243 qui
546 1192 592 1230 ab
631 1192 695 1230 illo
734 1197 896 1242 quartus
934 1193 1018 1229 eius
1051 1191 1221 1229 scholam
1253 1193 1391 1243 tenuit,

58 1264 156 1302 quae
188 1251 392 1290 Academia
423 1251 526 1289 dicta
558 1256 628 1302 est,
660 1250 842 1288 habuisse
877 1255 983 1288 certa
1015 1249 1193 1299 dogmata
1224 1249 1305 1287 vult
1337 1251 1388 1287 vi-

57 1310 141 1348 deri
173 1316 211 1348 et
243 1309 291 1348 ob
324 1309 397 1347 hoc
423 1309 626 1359 distinguit
657 1308 703 1347 ab
736 1308 974 1346 Academicis
1006 1309 1127 1358 novis,
1159 1306 1300 1357 quihus
1332 1309 1388 1346 in—

60 1374 166 1407 certa
208 1373 298 1406 sunt
339 1369 487 1414 omnia,
530 1367 633 1417 quod
671 1366 936 1417 philosophiae
975 1378 1098 1416 genus
1136 1365 1182 1403 ab
1220 1366 1391 1404 Arcesila

61 1427 191 1477 coepit
216 1437 444 1464 successore
470 1422 723 1477 Polemonis),
755 1436 917 1474 eamque
944 1430 1101 1474 sectam,
1133 1424 1172 1462 id
1198 1430 1258 1462 est
1288 1430 1390 1462 vete-

58 1496 147 1523 rum
178 1484 508 1535 Academicorum,
541 1485 643 1522 sicut
674 1483 913 1521 dubitatione
944 1484 996 1521 ita
1028 1483 1133 1520 omni
1165 1494 1298 1520 errore
1331 1494 1390 1521 ca·

59 1555 146 1581 rere
180 1542 410 1594 arbitretur,
446 1542 603 1592 longum
642 1548 702 1579 est
740 1554 810 1591 per
841 1542 969 1578 omnia
1001 1539 1286 1591 demonstrare;
1319 1552 1391 1578 nec

59 1607 188 1640 tamen
226 1602 331 1639 omni
369 1612 415 1638 ex
452 1606 561 1650 parte
599 1612 662 1638 res
704 1598 915 1637 omittenda
948 1604 1018 1636 est.
1079 1597 1266 1636 Removet
1298 1610 1390 1648 ergo

59 1661 169 1710 prius
207 1658 290 1697 illas
329 1671 464 1696 omnes
496 1658 752 1709 differentias,
792 1668 890 1707 quae
923 1668 1129 1695 numerum
1162 1656 1390 1707 multiplica-

60 1730 149 1755 vere
183 1722 400 1768 sectarum,
433 1728 527 1766 quas
559 1715 645 1754 ideo
678 1715 930 1754 removendas
962 1720 1088 1766 putat,
1121 1715 1210 1764 quia
1242 1727 1319 1752 non
1351 1716 1391 1752 in

61 1777 116 1814 eis
158 1780 217 1813 est
254 1776 341 1812 finis
380 1774 482 1812 honi.
544 1774 677 1824 Neque
716 1775 819 1811 enim
851 1775 1045 1811 existimat
1075 1772 1192 1810 ullam
1223 1772 1390 1823 philoso-

61 1833 174 1884 phiae
201 1838 345 1871 sectam
372 1845 456 1870 esse
484 1832 698 1883 dicendam,
730 1843 828 1882 quae
854 1843 932 1869 non
958 1843 1004 1869 eo
1036 1831 1154 1869 distet
1185 1843 1205 1868 a
1237 1832 1391 1881 ceteris,

61 1890 165 1941 quod
192 1890 366 1929 diversos
394 1890 531 1928 habeat
561 1891 659 1928 fines
690 1889 882 1928 honorum
915 1895 953 1928 et
984 1888 1184 1927 malorum.
1229 1888 1391 1934 Quando

62 1949 218 1999 quidem
245 1948 348 1987 nulla
375 1954 434 1987 est
459 1949 606 1986 homini
638 1960 751 1986 causa
783 1947 1090 1998 philosophandi,
1123 1948 1198 1984 nisi
1229 1952 1273 1985 ut
1304 1946 1390 1985 bea—

62 2012 125 2045 tus
167 2008 233 2058 sit3
277 2006 380 2058 quod
421 2012 549 2045 autem
587 2005 742 2045 beatum
782 2007 888 2057 facit,
929 2007 1011 2056 ipse
1058 2010 1116 2043 est
1154 2005 1241 2042 finis
1282 2004 1391 2056 honi3

64 2064 167 2103 nulla
193 2070 252 2103 est
277 2066 395 2115 igitur
427 2076 541 2103 causa
572 2064 880 2115 philosophandi,
912 2065 987 2101 nisi
1018 2064 1104 2101 finis
1137 2062 1244 2101 boni:
1277 2075 1392 2113 quam

63 2123 112 2161 oh
156 2135 239 2161 rem
278 2135 375 2172 quae
415 2122 563 2161 nullum
600 2122 692 2161 honi
734 2123 851 2161 finem
894 2127 1084 2168 sectatur,
1122 2120 1226 2160 nulla
1268 2120 1390 2172 philo-

157 2274 197 2304 ‘21
228 2269 407 2304 archesila
431 2269 502 2303 ΕΑ
522 2271 596 2314 1129
623 2269 735 2304 djstat
759 2269 831 2304 RA

1418 734 1459 764 10

1418 1024 1459 1054 15

1417 1315 1460 1346 20

1417 1605 1460 1636 25

1417 1897 1461 1927 30
