<?xml version="1.0" encoding="UTF-8"?>
<!DOCTYPE html PUBLIC "-//W3C//DTD XHTML 1.0 Transitional//EN"
    "http://www.w3.org/TR/xhtml1/DTD/xhtml1-transitional.dtd">
<html xmlns="http://www.w3.org/1999/xhtml" xml:lang="en" lang="en">
 <head>
  <title>
</title>
<meta http-equiv="Content-Type" content="text/html;charset=utf-8" />
  <meta name='ocr-system' content='tesseract 3.04.00' />
  <meta name='ocr-capabilities' content='ocr_page ocr_carea ocr_par ocr_line ocrx_word'/>
</head>
<body>
  <div class='ocr_page' id='page_1' title='image "./sanctiaureliiaug02auguuoft_0579.png"; bbox 0 0 1548 2562; ppageno 0'>
   <div class='ocr_carea' id='block_1_1' title="bbox 389 142 1356 183">
    <p class='ocr_par' dir='ltr' id='par_1_1' title="bbox 389 142 1356 183">
     <span class='ocr_line' id='line_1_1' title="bbox 389 142 1356 183; baseline 0 -7"><span class='ocrx_word' id='word_1_1' title='bbox 389 151 440 176; x_wconf 83' lang='lat' dir='ltr'>DE</span> <span class='ocrx_word' id='word_1_2' title='bbox 460 150 650 176; x_wconf 82' lang='lat' dir='ltr'>CIVITATE</span> <span class='ocrx_word' id='word_1_3' title='bbox 669 151 738 175; x_wconf 85' lang='lat' dir='ltr'>DEI</span> <span class='ocrx_word' id='word_1_4' title='bbox 758 151 790 175; x_wconf 82' lang='lat' dir='ltr'>L.</span> <span class='ocrx_word' id='word_1_5' title='bbox 810 151 909 177; x_wconf 76' lang='lat' dir='ltr'>XXII.</span> <span class='ocrx_word' id='word_1_6' title='bbox 929 151 960 176; x_wconf 83' lang='lat' dir='ltr'>c.</span> <span class='ocrx_word' id='word_1_7' title='bbox 980 151 996 176; x_wconf 86' lang='lat'>8</span> <span class='ocrx_word' id='word_1_8' title='bbox 1271 142 1325 183; x_wconf 76' lang='grc'>57</span> <span class='ocrx_word' id='word_1_9' title='bbox 1330 142 1356 183; x_wconf 82' lang='lat'><strong>3</strong></span> 
     </span>
    </p>
   </div>
   <div class='ocr_carea' id='block_1_2' title="bbox 27 238 1435 2150">
    <p class='ocr_par' dir='ltr' id='par_1_2' title="bbox 27 238 1435 2034">
     <span class='ocr_line' id='line_1_2' title="bbox 144 238 1356 290; baseline 0 -12"><span class='ocrx_word' id='word_1_10' title='bbox 144 240 362 278; x_wconf 80' lang='lat' dir='ltr'>Victoriana</span> <span class='ocrx_word' id='word_1_11' title='bbox 394 239 536 278; x_wconf 87' lang='lat' dir='ltr'>dicitur</span> <span class='ocrx_word' id='word_1_12' title='bbox 568 239 672 290; x_wconf 90' lang='lat' dir='ltr'>villa,</span> <span class='ocrx_word' id='word_1_13' title='bbox 704 239 749 277; x_wconf 89' lang='lat' dir='ltr'>ab</span> <span class='ocrx_word' id='word_1_14' title='bbox 783 238 957 290; x_wconf 82' lang='lat' dir='ltr'>Hippone</span> <span class='ocrx_word' id='word_1_15' title='bbox 990 241 1096 289; x_wconf 83' lang='lat' dir='ltr'>regio</span> <span class='ocrx_word' id='word_1_16' title='bbox 1129 241 1258 277; x_wconf 91' lang='lat' dir='ltr'>minus</span> <span class='ocrx_word' id='word_1_17' title='bbox 1289 241 1356 278; x_wconf 89' lang='lat' dir='ltr'>tri-</span> 
     </span>
     <span class='ocr_line' id='line_1_3' title="bbox 27 296 1356 349; baseline -0.002 -12"><span class='ocrx_word' id='word_1_18' title='bbox 27 300 132 349; x_wconf 83' lang='lat' dir='ltr'>ginta</span> <span class='ocrx_word' id='word_1_19' title='bbox 164 297 320 336; x_wconf 89' lang='lat' dir='ltr'>milibus</span> <span class='ocrx_word' id='word_1_20' title='bbox 361 297 480 336; x_wconf 83' lang='lat' dir='ltr'>abest.</span> <span class='ocrx_word' id='word_1_21' title='bbox 542 297 725 335; x_wconf 88' lang='lat' dir='ltr'>Memoria</span> <span class='ocrx_word' id='word_1_22' title='bbox 758 302 971 348; x_wconf 87' lang='lat' dir='ltr'>martyrum</span> <span class='ocrx_word' id='word_1_23' title='bbox 1002 296 1056 335; x_wconf 92' lang='lat' dir='ltr'>ibi</span> <span class='ocrx_word' id='word_1_24' title='bbox 1087 302 1147 336; x_wconf 89' lang='lat' dir='ltr'>est</span> <span class='ocrx_word' id='word_1_25' title='bbox 1177 296 1356 335; x_wconf 89' lang='lat' dir='ltr'>Mediola-</span> 
     </span>
     <span class='ocr_line' id='line_1_4' title="bbox 27 355 1358 406; baseline -0.001 -11"><span class='ocrx_word' id='word_1_26' title='bbox 27 358 208 395; x_wconf 87' lang='lat' dir='ltr'>nensium</span> <span class='ocrx_word' id='word_1_27' title='bbox 250 355 417 394; x_wconf 88' lang='lat' dir='ltr'>Protasii</span> <span class='ocrx_word' id='word_1_28' title='bbox 455 361 493 394; x_wconf 90' lang='lat' dir='ltr'>et</span> <span class='ocrx_word' id='word_1_29' title='bbox 531 355 714 393; x_wconf 87' lang='lat' dir='ltr'>Gervasii.</span> <span class='ocrx_word' id='word_1_30' title='bbox 784 355 965 394; x_wconf 89' lang='lat' dir='ltr'>Portatus</span> <span class='ocrx_word' id='word_1_31' title='bbox 1009 361 1068 394; x_wconf 89' lang='lat' dir='ltr'>est</span> <span class='ocrx_word' id='word_1_32' title='bbox 1112 367 1157 394; x_wconf 92' lang='lat' dir='ltr'>eo</span> <span class='ocrx_word' id='word_1_33' title='bbox 1203 355 1358 406; x_wconf 89' lang='lat' dir='ltr'>quidam</span> 
     </span>
     <span class='ocr_line' id='line_1_5' title="bbox 27 413 1358 465; baseline 0 -13"><span class='ocrx_word' id='word_1_34' title='bbox 27 414 275 465; x_wconf 81' lang='lat' dir='ltr'><strong>adulescens,</strong></span> <span class='ocrx_word' id='word_1_35' title='bbox 316 415 383 464; x_wconf 91' lang='lat' dir='ltr'>qui</span> <span class='ocrx_word' id='word_1_36' title='bbox 423 426 511 452; x_wconf 89' lang='lat' dir='ltr'>cum</span> <span class='ocrx_word' id='word_1_37' title='bbox 550 413 610 451; x_wconf 92' lang='lat' dir='ltr'>die</span> <span class='ocrx_word' id='word_1_38' title='bbox 648 413 774 451; x_wconf 89' lang='lat' dir='ltr'>medio</span> <span class='ocrx_word' id='word_1_39' title='bbox 817 418 993 464; x_wconf 89' lang='lat' dir='ltr'>tempore</span> <span class='ocrx_word' id='word_1_40' title='bbox 1025 415 1181 452; x_wconf 88' lang='lat' dir='ltr'>aestatis</span> <span class='ocrx_word' id='word_1_41' title='bbox 1213 425 1358 464; x_wconf 89' lang='lat' dir='ltr'>equum</span> 
     </span>
     <span class='ocr_line' id='line_1_6' title="bbox 27 471 1404 524; baseline 0.001 -13"><span class='ocrx_word' id='word_1_42' title='bbox 27 472 203 511; x_wconf 88' lang='lat' dir='ltr'>ablueret</span> <span class='ocrx_word' id='word_1_43' title='bbox 227 474 266 510; x_wconf 89' lang='lat' dir='ltr'>in</span> <span class='ocrx_word' id='word_1_44' title='bbox 292 472 462 510; x_wconf 85' lang='lat' dir='ltr'>fluminis</span> <span class='ocrx_word' id='word_1_45' title='bbox 488 472 653 524; x_wconf 77' lang='lat' dir='ltr'><strong>gurgite,</strong></span> <span class='ocrx_word' id='word_1_46' title='bbox 684 471 911 510; x_wconf 88' lang='lat' dir='ltr'>daemonem</span> <span class='ocrx_word' id='word_1_47' title='bbox 942 473 1120 511; x_wconf 66' lang='lat' dir='ltr'>incurrite</span> <span class='ocrx_word' id='word_1_48' title='bbox 1180 471 1238 510; x_wconf 90' lang='lat' dir='ltr'>Ibi</span> <span class='ocrx_word' id='word_1_49' title='bbox 1270 484 1358 510; x_wconf 89' lang='lat' dir='ltr'>cum</span> <span class='ocrx_word' id='word_1_50' title='bbox 1385 482 1404 512; x_wconf 84' lang='lat'>5</span> 
     </span>
     <span class='ocr_line' id='line_1_7' title="bbox 27 529 1358 582; baseline -0.001 -13"><span class='ocrx_word' id='word_1_51' title='bbox 27 532 172 569; x_wconf 88' lang='lat' dir='ltr'>iaceret</span> <span class='ocrx_word' id='word_1_52' title='bbox 197 530 257 569; x_wconf 91' lang='lat' dir='ltr'>vel</span> <span class='ocrx_word' id='word_1_53' title='bbox 293 531 410 568; x_wconf 84' lang='lat' dir='ltr'>morti</span> <span class='ocrx_word' id='word_1_54' title='bbox 445 531 645 580; x_wconf 86' lang='lat' dir='ltr'>proximus</span> <span class='ocrx_word' id='word_1_55' title='bbox 677 529 736 567; x_wconf 87' lang='lat' dir='ltr'>vel</span> <span class='ocrx_word' id='word_1_56' title='bbox 768 529 986 568; x_wconf 90' lang='lat' dir='ltr'>simillimus</span> <span class='ocrx_word' id='word_1_57' title='bbox 1019 535 1186 582; x_wconf 84' lang='lat' dir='ltr'>mortuo,</span> <span class='ocrx_word' id='word_1_58' title='bbox 1218 529 1264 568; x_wconf 91' lang='lat' dir='ltr'>ad</span> <span class='ocrx_word' id='word_1_59' title='bbox 1296 542 1358 568; x_wconf 89' lang='lat' dir='ltr'>ve-</span> 
     </span>
     <span class='ocr_line' id='line_1_8' title="bbox 28 588 1361 640; baseline -0.001 -13"><span class='ocrx_word' id='word_1_60' title='bbox 28 590 222 640; x_wconf 87' lang='lat' dir='ltr'>spertinos</span> <span class='ocrx_word' id='word_1_61' title='bbox 260 588 353 627; x_wconf 92' lang='lat' dir='ltr'>illuc</span> <span class='ocrx_word' id='word_1_62' title='bbox 392 588 555 638; x_wconf 79' lang='lat' dir='ltr'>hymnos</span> <span class='ocrx_word' id='word_1_63' title='bbox 597 592 636 626; x_wconf 90' lang='lat' dir='ltr'>et</span> <span class='ocrx_word' id='word_1_64' title='bbox 673 589 868 626; x_wconf 87' lang='lat' dir='ltr'>orationes</span> <span class='ocrx_word' id='word_1_65' title='bbox 907 600 996 626; x_wconf 88' lang='lat' dir='ltr'>cum</span> <span class='ocrx_word' id='word_1_66' title='bbox 1028 588 1176 626; x_wconf 78' lang='lat' dir='ltr'>ancillis</span> <span class='ocrx_word' id='word_1_67' title='bbox 1209 589 1290 626; x_wconf 90' lang='lat' dir='ltr'>suis</span> <span class='ocrx_word' id='word_1_68' title='bbox 1322 593 1361 627; x_wconf 91' lang='lat' dir='ltr'>et</span> 
     </span>
     <span class='ocr_line' id='line_1_9' title="bbox 28 645 1359 698; baseline -0.001 -13"><span class='ocrx_word' id='word_1_69' title='bbox 28 646 260 698; x_wconf 88' lang='lat' dir='ltr'>quibusdam</span> <span class='ocrx_word' id='word_1_70' title='bbox 300 645 658 684; x_wconf 88' lang='lat' dir='ltr'>sanctimonialibus</span> <span class='ocrx_word' id='word_1_71' title='bbox 695 657 740 683; x_wconf 87' lang='lat' dir='ltr'>ex</span> <span class='ocrx_word' id='word_1_72' title='bbox 772 657 880 684; x_wconf 84' lang='lat' dir='ltr'>more</span> <span class='ocrx_word' id='word_1_73' title='bbox 913 645 1068 684; x_wconf 89' lang='lat' dir='ltr'>domina</span> <span class='ocrx_word' id='word_1_74' title='bbox 1100 648 1359 697; x_wconf 83' lang='lat' dir='ltr'>possessionis</span> 
     </span>
     <span class='ocr_line' id='line_1_10' title="bbox 27 704 1359 755; baseline -0.001 -12"><span class='ocrx_word' id='word_1_75' title='bbox 27 706 185 744; x_wconf 88' lang='lat' dir='ltr'>intravit</span> <span class='ocrx_word' id='word_1_76' title='bbox 223 709 338 754; x_wconf 91' lang='lat' dir='ltr'>atque</span> <span class='ocrx_word' id='word_1_77' title='bbox 376 704 539 755; x_wconf 84' lang='lat' dir='ltr'>hymnos</span> <span class='ocrx_word' id='word_1_78' title='bbox 572 709 727 742; x_wconf 89' lang='lat' dir='ltr'>cantare</span> <span class='ocrx_word' id='word_1_79' title='bbox 767 709 993 754; x_wconf 89' lang='lat' dir='ltr'>coeperunt.</span> <span class='ocrx_word' id='word_1_80' title='bbox 1055 704 1138 749; x_wconf 87' lang='lat' dir='ltr'>Qua</span> <span class='ocrx_word' id='word_1_81' title='bbox 1169 717 1263 743; x_wconf 89' lang='lat' dir='ltr'>voce</span> <span class='ocrx_word' id='word_1_82' title='bbox 1295 704 1359 742; x_wconf 89' lang='lat' dir='ltr'>ille</span> 
     </span>
     <span class='ocr_line' id='line_1_11' title="bbox 27 762 1431 814; baseline 0.001 -12"><span class='ocrx_word' id='word_1_83' title='bbox 27 764 138 814; x_wconf 81' lang='lat' dir='ltr'>quasi</span> <span class='ocrx_word' id='word_1_84' title='bbox 181 774 392 814; x_wconf 85' lang='lat' dir='ltr'>percussus</span> <span class='ocrx_word' id='word_1_85' title='bbox 437 774 625 800; x_wconf 87' lang='lat' dir='ltr'>excussus</span> <span class='ocrx_word' id='word_1_86' title='bbox 669 767 728 800; x_wconf 86' lang='lat' dir='ltr'>est</span> <span class='ocrx_word' id='word_1_87' title='bbox 777 768 816 800; x_wconf 89' lang='lat' dir='ltr'>et</span> <span class='ocrx_word' id='word_1_88' title='bbox 866 774 954 800; x_wconf 92' lang='lat' dir='ltr'>cum</span> <span class='ocrx_word' id='word_1_89' title='bbox 993 762 1159 800; x_wconf 81' lang='lat' dir='ltr'>terribili</span> <span class='ocrx_word' id='word_1_90' title='bbox 1201 763 1359 801; x_wconf 81' lang='lat' dir='ltr'><strong>fremitu</strong></span> <span class='ocrx_word' id='word_1_91' title='bbox 1389 773 1431 803; x_wconf 89' lang='lat'>10</span> 
     </span>
     <span class='ocr_line' id='line_1_12' title="bbox 27 820 1361 872; baseline 0 -13"><span class='ocrx_word' id='word_1_92' title='bbox 27 821 147 860; x_wconf 90' lang='lat' dir='ltr'>altare</span> <span class='ocrx_word' id='word_1_93' title='bbox 186 820 471 871; x_wconf 85' lang='lat' dir='ltr'>adprehensum</span> <span class='ocrx_word' id='word_1_94' title='bbox 511 832 666 858; x_wconf 85' lang='lat' dir='ltr'>movere</span> <span class='ocrx_word' id='word_1_95' title='bbox 707 832 784 858; x_wconf 92' lang='lat' dir='ltr'>non</span> <span class='ocrx_word' id='word_1_96' title='bbox 817 820 964 858; x_wconf 82' lang='lat' dir='ltr'>audens</span> <span class='ocrx_word' id='word_1_97' title='bbox 996 822 1075 858; x_wconf 88' lang='lat' dir='ltr'>sive</span> <span class='ocrx_word' id='word_1_98' title='bbox 1108 833 1186 858; x_wconf 92' lang='lat' dir='ltr'>non</span> <span class='ocrx_word' id='word_1_99' title='bbox 1218 821 1361 872; x_wconf 88' lang='lat' dir='ltr'>valens,</span> 
     </span>
     <span class='ocr_line' id='line_1_13' title="bbox 28 878 1361 930; baseline -0.001 -12"><span class='ocrx_word' id='word_1_100' title='bbox 28 885 223 929; x_wconf 88' lang='lat' dir='ltr'>tamquam</span> <span class='ocrx_word' id='word_1_101' title='bbox 263 891 308 917; x_wconf 93' lang='lat' dir='ltr'>eo</span> <span class='ocrx_word' id='word_1_102' title='bbox 346 879 465 917; x_wconf 86' lang='lat' dir='ltr'>fuerit</span> <span class='ocrx_word' id='word_1_103' title='bbox 496 878 672 928; x_wconf 84' lang='lat' dir='ltr'>alligatus</span> <span class='ocrx_word' id='word_1_104' title='bbox 705 883 771 916; x_wconf 88' lang='lat' dir='ltr'>aut</span> <span class='ocrx_word' id='word_1_105' title='bbox 802 878 967 930; x_wconf 77' lang='lat' dir='ltr'>adfixus,</span> <span class='ocrx_word' id='word_1_106' title='bbox 1005 878 1164 917; x_wconf 86' lang='lat' dir='ltr'>tenebat</span> <span class='ocrx_word' id='word_1_107' title='bbox 1202 885 1240 917; x_wconf 90' lang='lat' dir='ltr'>et</span> <span class='ocrx_word' id='word_1_108' title='bbox 1272 891 1361 917; x_wconf 83' lang='lat' dir='ltr'>culn</span> 
     </span>
     <span class='ocr_line' id='line_1_14' title="bbox 27 936 1360 989; baseline -0.001 -13"><span class='ocrx_word' id='word_1_109' title='bbox 27 937 163 989; x_wconf 85' lang='lat' dir='ltr'>grandi</span> <span class='ocrx_word' id='word_1_110' title='bbox 201 936 346 975; x_wconf 91' lang='lat' dir='ltr'>eiulatu</span> <span class='ocrx_word' id='word_1_111' title='bbox 383 938 490 987; x_wconf 81' lang='lat' dir='ltr'>parci</span> <span class='ocrx_word' id='word_1_112' title='bbox 527 937 601 974; x_wconf 91' lang='lat' dir='ltr'>sibi</span> <span class='ocrx_word' id='word_1_113' title='bbox 638 949 778 987; x_wconf 85' lang='lat' dir='ltr'>rogans</span> <span class='ocrx_word' id='word_1_114' title='bbox 820 936 1096 988; x_wconf 85' lang='lat' dir='ltr'>confitebatur,</span> <span class='ocrx_word' id='word_1_115' title='bbox 1133 936 1200 975; x_wconf 89' lang='lat' dir='ltr'>ubi</span> <span class='ocrx_word' id='word_1_116' title='bbox 1232 936 1360 975; x_wconf 89' lang='lat' dir='ltr'>adule-</span> 
     </span>
     <span class='ocr_line' id='line_1_15' title="bbox 29 994 1360 1045; baseline -0.001 -11"><span class='ocrx_word' id='word_1_117' title='bbox 29 1001 203 1034; x_wconf 87' lang='lat' dir='ltr'>scentem</span> <span class='ocrx_word' id='word_1_118' title='bbox 235 1000 274 1033; x_wconf 88' lang='lat' dir='ltr'>et</span> <span class='ocrx_word' id='word_1_119' title='bbox 306 994 459 1045; x_wconf 87' lang='lat' dir='ltr'>quando</span> <span class='ocrx_word' id='word_1_120' title='bbox 500 1000 539 1033; x_wconf 90' lang='lat' dir='ltr'>et</span> <span class='ocrx_word' id='word_1_121' title='bbox 571 1007 647 1045; x_wconf 91' lang='lat' dir='ltr'>quo</span> <span class='ocrx_word' id='word_1_122' title='bbox 680 995 793 1032; x_wconf 92' lang='lat' dir='ltr'>modo</span> <span class='ocrx_word' id='word_1_123' title='bbox 825 996 1021 1033; x_wconf 81' lang='lat' dir='ltr'>invaserit.</span> <span class='ocrx_word' id='word_1_124' title='bbox 1082 995 1285 1033; x_wconf 89' lang='lat' dir='ltr'>Postremo</span> <span class='ocrx_word' id='word_1_125' title='bbox 1320 1008 1360 1033; x_wconf 92' lang='lat' dir='ltr'>se</span> 
     </span>
     <span class='ocr_line' id='line_1_16' title="bbox 29 1052 1431 1105; baseline 0.001 -13"><span class='ocrx_word' id='word_1_126' title='bbox 29 1055 226 1092; x_wconf 87' lang='lat' dir='ltr'>exiturum</span> <span class='ocrx_word' id='word_1_127' title='bbox 252 1065 337 1091; x_wconf 89' lang='lat' dir='ltr'>esse</span> <span class='ocrx_word' id='word_1_128' title='bbox 364 1053 597 1092; x_wconf 85' lang='lat' dir='ltr'>denuntians</span> <span class='ocrx_word' id='word_1_129' title='bbox 623 1052 795 1091; x_wconf 85' lang='lat' dir='ltr'>membra</span> <span class='ocrx_word' id='word_1_130' title='bbox 828 1054 911 1091; x_wconf 91' lang='lat' dir='ltr'>eius</span> <span class='ocrx_word' id='word_1_131' title='bbox 944 1053 1094 1103; x_wconf 83' lang='lat' dir='ltr'>singula</span> <span class='ocrx_word' id='word_1_132' title='bbox 1127 1053 1362 1105; x_wconf 80' lang='lat' dir='ltr'>nominabat,</span> <span class='ocrx_word' id='word_1_133' title='bbox 1390 1065 1431 1094; x_wconf 76' lang='lat'>15</span> 
     </span>
     <span class='ocr_line' id='line_1_17' title="bbox 29 1110 1361 1163; baseline -0.001 -13"><span class='ocrx_word' id='word_1_134' title='bbox 29 1124 126 1163; x_wconf 87' lang='lat' dir='ltr'>quae</span> <span class='ocrx_word' id='word_1_135' title='bbox 160 1123 200 1150; x_wconf 88' lang='lat' dir='ltr'>se</span> <span class='ocrx_word' id='word_1_136' title='bbox 234 1117 524 1162; x_wconf 83' lang='lat' dir='ltr'>amputaturum</span> <span class='ocrx_word' id='word_1_137' title='bbox 556 1112 689 1149; x_wconf 85' lang='lat' dir='ltr'>exiens</span> <span class='ocrx_word' id='word_1_138' title='bbox 721 1110 951 1159; x_wconf 87' lang='lat' dir='ltr'>minabatur,</span> <span class='ocrx_word' id='word_1_139' title='bbox 984 1117 1099 1161; x_wconf 88' lang='lat' dir='ltr'>atque</span> <span class='ocrx_word' id='word_1_140' title='bbox 1131 1113 1235 1150; x_wconf 89' lang='lat' dir='ltr'>inter</span> <span class='ocrx_word' id='word_1_141' title='bbox 1266 1111 1361 1149; x_wconf 83' lang='lat' dir='ltr'>haec</span> 
     </span>
     <span class='ocr_line' id='line_1_18' title="bbox 27 1168 1362 1208; baseline -0.001 0"><span class='ocrx_word' id='word_1_142' title='bbox 27 1170 145 1208; x_wconf 83' lang='lat' dir='ltr'>verba</span> <span class='ocrx_word' id='word_1_143' title='bbox 176 1169 356 1208; x_wconf 86' lang='lat' dir='ltr'>discessit</span> <span class='ocrx_word' id='word_1_144' title='bbox 387 1168 433 1207; x_wconf 87' lang='lat' dir='ltr'>ab</span> <span class='ocrx_word' id='word_1_145' title='bbox 465 1169 633 1208; x_wconf 89' lang='lat' dir='ltr'>homine.</span> <span class='ocrx_word' id='word_1_146' title='bbox 705 1169 780 1207; x_wconf 85' lang='lat' dir='ltr'>Sed</span> <span class='ocrx_word' id='word_1_147' title='bbox 813 1169 950 1208; x_wconf 89' lang='lat' dir='ltr'>oculus</span> <span class='ocrx_word' id='word_1_148' title='bbox 983 1171 1066 1208; x_wconf 88' lang='lat' dir='ltr'>eius</span> <span class='ocrx_word' id='word_1_149' title='bbox 1098 1171 1138 1207; x_wconf 91' lang='lat' dir='ltr'>in</span> <span class='ocrx_word' id='word_1_150' title='bbox 1170 1169 1362 1208; x_wconf 86' lang='lat' dir='ltr'>maxillam</span> 
     </span>
     <span class='ocr_line' id='line_1_19' title="bbox 28 1227 1363 1280; baseline -0.001 -13"><span class='ocrx_word' id='word_1_151' title='bbox 28 1230 138 1267; x_wconf 84' lang='lat' dir='ltr'>fusus</span> <span class='ocrx_word' id='word_1_152' title='bbox 180 1229 289 1266; x_wconf 91' lang='lat' dir='ltr'>tenui</span> <span class='ocrx_word' id='word_1_153' title='bbox 329 1227 466 1266; x_wconf 88' lang='lat' dir='ltr'>venula</span> <span class='ocrx_word' id='word_1_154' title='bbox 510 1227 557 1265; x_wconf 85' lang='lat' dir='ltr'>ab</span> <span class='ocrx_word' id='word_1_155' title='bbox 603 1229 789 1266; x_wconf 85' lang='lat' dir='ltr'>interiore</span> <span class='ocrx_word' id='word_1_156' title='bbox 831 1228 941 1277; x_wconf 87' lang='lat' dir='ltr'>quasi</span> <span class='ocrx_word' id='word_1_157' title='bbox 988 1227 1117 1266; x_wconf 80' lang='lat' dir='ltr'>radice</span> <span class='ocrx_word' id='word_1_158' title='bbox 1158 1227 1363 1280; x_wconf 73' lang='lat' dir='ltr'>pendebat,</span> 
     </span>
     <span class='ocr_line' id='line_1_20' title="bbox 27 1285 1362 1337; baseline -0.001 -12"><span class='ocrx_word' id='word_1_159' title='bbox 27 1292 232 1337; x_wconf 90' lang='lat' dir='ltr'>totumque</span> <span class='ocrx_word' id='word_1_160' title='bbox 266 1287 349 1324; x_wconf 91' lang='lat' dir='ltr'>eius</span> <span class='ocrx_word' id='word_1_161' title='bbox 382 1285 564 1337; x_wconf 89' lang='lat' dir='ltr'>medium,</span> <span class='ocrx_word' id='word_1_162' title='bbox 596 1285 699 1335; x_wconf 92' lang='lat' dir='ltr'>quod</span> <span class='ocrx_word' id='word_1_163' title='bbox 732 1285 917 1336; x_wconf 85' lang='lat' dir='ltr'>nigellum</span> <span class='ocrx_word' id='word_1_164' title='bbox 950 1286 1088 1337; x_wconf 88' lang='lat' dir='ltr'>suerat,</span> <span class='ocrx_word' id='word_1_165' title='bbox 1120 1285 1362 1324; x_wconf 80' lang='lat' dir='ltr'>albicaverat.</span> 
     </span>
     <span class='ocr_line' id='line_1_21' title="bbox 29 1339 1433 1395; baseline 0.001 -13"><span class='ocrx_word' id='word_1_166' title='bbox 29 1344 114 1390; x_wconf 86' lang='lat' dir='ltr'>Quo</span> <span class='ocrx_word' id='word_1_167' title='bbox 140 1346 221 1382; x_wconf 89' lang='lat' dir='ltr'>viso</span> <span class='ocrx_word' id='word_1_168' title='bbox 247 1345 315 1394; x_wconf 85' lang='lat' dir='ltr'>qui</span> <span class='ocrx_word' id='word_1_169' title='bbox 341 1343 501 1382; x_wconf 88' lang='lat' dir='ltr'>aderant</span> <span class='ocrx_word' id='word_1_170' title='bbox 526 1339 830 1395; x_wconf 83' lang='lat' dir='ltr'>(concurrerant</span> <span class='ocrx_word' id='word_1_171' title='bbox 857 1348 986 1382; x_wconf 90' lang='lat' dir='ltr'>autem</span> <span class='ocrx_word' id='word_1_172' title='bbox 1019 1345 1133 1382; x_wconf 87' lang='lat' dir='ltr'>etiam</span> <span class='ocrx_word' id='word_1_173' title='bbox 1167 1343 1226 1381; x_wconf 89' lang='lat' dir='ltr'>alii</span> <span class='ocrx_word' id='word_1_174' title='bbox 1261 1345 1362 1382; x_wconf 79' lang='lat' dir='ltr'>voci·</span> <span class='ocrx_word' id='word_1_175' title='bbox 1389 1355 1433 1385; x_wconf 80' lang='lat'>20</span> 
     </span>
     <span class='ocr_line' id='line_1_22' title="bbox 28 1401 1362 1452; baseline -0.001 -11"><span class='ocrx_word' id='word_1_176' title='bbox 28 1402 102 1441; x_wconf 91' lang='lat' dir='ltr'>bus</span> <span class='ocrx_word' id='word_1_177' title='bbox 136 1403 219 1441; x_wconf 91' lang='lat' dir='ltr'>eius</span> <span class='ocrx_word' id='word_1_178' title='bbox 246 1403 358 1440; x_wconf 89' lang='lat' dir='ltr'>acciti</span> <span class='ocrx_word' id='word_1_179' title='bbox 388 1408 428 1440; x_wconf 87' lang='lat' dir='ltr'>et</span> <span class='ocrx_word' id='word_1_180' title='bbox 459 1413 500 1440; x_wconf 89' lang='lat' dir='ltr'>se</span> <span class='ocrx_word' id='word_1_181' title='bbox 532 1414 667 1440; x_wconf 90' lang='lat' dir='ltr'>omnes</span> <span class='ocrx_word' id='word_1_182' title='bbox 699 1403 739 1439; x_wconf 90' lang='lat' dir='ltr'>in</span> <span class='ocrx_word' id='word_1_183' title='bbox 771 1403 987 1440; x_wconf 87' lang='lat' dir='ltr'>orationem</span> <span class='ocrx_word' id='word_1_184' title='bbox 1017 1414 1089 1452; x_wconf 90' lang='lat' dir='ltr'>pro</span> <span class='ocrx_word' id='word_1_185' title='bbox 1121 1401 1186 1439; x_wconf 92' lang='lat' dir='ltr'>illo</span> <span class='ocrx_word' id='word_1_186' title='bbox 1219 1407 1362 1440; x_wconf 86' lang='lat' dir='ltr'>strave-</span> 
     </span>
     <span class='ocr_line' id='line_1_23' title="bbox 28 1455 1364 1513; baseline 0 -14"><span class='ocrx_word' id='word_1_187' title='bbox 28 1455 156 1513; x_wconf 85' lang='lat' dir='ltr'>rant),</span> <span class='ocrx_word' id='word_1_188' title='bbox 193 1461 367 1511; x_wconf 89' lang='lat' dir='ltr'>quamvis</span> <span class='ocrx_word' id='word_1_189' title='bbox 405 1472 494 1499; x_wconf 89' lang='lat' dir='ltr'>eum</span> <span class='ocrx_word' id='word_1_190' title='bbox 534 1472 625 1498; x_wconf 88' lang='lat' dir='ltr'>sana</span> <span class='ocrx_word' id='word_1_191' title='bbox 657 1465 786 1498; x_wconf 90' lang='lat' dir='ltr'>mente</span> <span class='ocrx_word' id='word_1_192' title='bbox 819 1464 921 1498; x_wconf 87' lang='lat' dir='ltr'>stare</span> <span class='ocrx_word' id='word_1_193' title='bbox 954 1460 1186 1511; x_wconf 84' lang='lat' dir='ltr'>gauderent,</span> <span class='ocrx_word' id='word_1_194' title='bbox 1224 1472 1364 1499; x_wconf 86' lang='lat' dir='ltr'>rursus</span> 
     </span>
     <span class='ocr_line' id='line_1_24' title="bbox 28 1518 1362 1569; baseline 0 -13"><span class='ocrx_word' id='word_1_195' title='bbox 28 1524 158 1557; x_wconf 86' lang='lat' dir='ltr'>tamen</span> <span class='ocrx_word' id='word_1_196' title='bbox 190 1523 352 1569; x_wconf 86' lang='lat' dir='ltr'>propter</span> <span class='ocrx_word' id='word_1_197' title='bbox 384 1519 468 1557; x_wconf 89' lang='lat' dir='ltr'>eius</span> <span class='ocrx_word' id='word_1_198' title='bbox 506 1518 662 1557; x_wconf 89' lang='lat' dir='ltr'>oculum</span> <span class='ocrx_word' id='word_1_199' title='bbox 695 1519 913 1557; x_wconf 87' lang='lat' dir='ltr'>contristati</span> <span class='ocrx_word' id='word_1_200' title='bbox 945 1518 1141 1557; x_wconf 86' lang='lat' dir='ltr'>medicum</span> <span class='ocrx_word' id='word_1_201' title='bbox 1174 1530 1362 1569; x_wconf 87' lang='lat' dir='ltr'>quaeren-</span> 
     </span>
     <span class='ocr_line' id='line_1_25' title="bbox 28 1575 1363 1628; baseline 0.001 -13"><span class='ocrx_word' id='word_1_202' title='bbox 28 1577 121 1616; x_wconf 89' lang='lat' dir='ltr'>dum</span> <span class='ocrx_word' id='word_1_203' title='bbox 165 1588 251 1615; x_wconf 90' lang='lat' dir='ltr'>esse</span> <span class='ocrx_word' id='word_1_204' title='bbox 295 1576 485 1615; x_wconf 89' lang='lat' dir='ltr'>dicebant.</span> <span class='ocrx_word' id='word_1_205' title='bbox 546 1575 604 1614; x_wconf 91' lang='lat' dir='ltr'>Ibi</span> <span class='ocrx_word' id='word_1_206' title='bbox 641 1578 804 1615; x_wconf 85' lang='lat' dir='ltr'>maritus</span> <span class='ocrx_word' id='word_1_207' title='bbox 845 1578 992 1615; x_wconf 87' lang='lat' dir='ltr'>sororis</span> <span class='ocrx_word' id='word_1_208' title='bbox 1025 1578 1130 1628; x_wconf 81' lang='lat' dir='ltr'>eius,</span> <span class='ocrx_word' id='word_1_209' title='bbox 1174 1578 1363 1627; x_wconf 85' lang='lat' dir='ltr'>quicum</span> 
     </span>
     <span class='ocr_line' id='line_1_26' title="bbox 28 1634 1433 1687; baseline 0 -14"><span class='ocrx_word' id='word_1_210' title='bbox 28 1635 93 1674; x_wconf 90' lang='lat' dir='ltr'>illo</span> <span class='ocrx_word' id='word_1_211' title='bbox 131 1634 340 1674; x_wconf 87' lang='lat' dir='ltr'>detulerat:</span> <span class='ocrx_word' id='word_1_212' title='bbox 380 1634 555 1687; x_wconf 91' lang='lat' dir='ltr'>„Potens</span> <span class='ocrx_word' id='word_1_213' title='bbox 587 1640 664 1686; x_wconf 90' lang='lat' dir='ltr'>est,</span> <span class='ocrx_word' id='word_1_214' title='bbox 701 1636 846 1687; x_wconf 87' lang='lat' dir='ltr'>inquit,</span> <span class='ocrx_word' id='word_1_215' title='bbox 885 1634 988 1673; x_wconf 91' lang='lat' dir='ltr'>Deus</span> <span class='ocrx_word' id='word_1_216' title='bbox 1021 1640 1246 1673; x_wconf 84' lang='lat' dir='ltr'>sanctorum</span> <span class='ocrx_word' id='word_1_217' title='bbox 1279 1647 1361 1673; x_wconf 89' lang='lat' dir='ltr'>ora·</span> <span class='ocrx_word' id='word_1_218' title='bbox 1390 1643 1433 1673; x_wconf 66' lang='lat'>⁶25</span> 
     </span>
     <span class='ocr_line' id='line_1_27' title="bbox 28 1689 1365 1745; baseline 0 -14"><span class='ocrx_word' id='word_1_219' title='bbox 28 1692 218 1745; x_wconf 89' lang='lat' dir='ltr'>tionibus,</span> <span class='ocrx_word' id='word_1_220' title='bbox 256 1694 322 1743; x_wconf 90' lang='lat' dir='ltr'>qui</span> <span class='ocrx_word' id='word_1_221' title='bbox 359 1693 505 1743; x_wconf 82' lang='lat' dir='ltr'>fugavit</span> <span class='ocrx_word' id='word_1_222' title='bbox 541 1692 787 1745; x_wconf 88' lang='lat' dir='ltr'>daemonem,</span> <span class='ocrx_word' id='word_1_223' title='bbox 825 1692 957 1731; x_wconf 91' lang='lat' dir='ltr'>lumen</span> <span class='ocrx_word' id='word_1_224' title='bbox 990 1689 1193 1731; x_wconf 82' lang='lat' dir='ltr'>reddere.“</span> <span class='ocrx_word' id='word_1_225' title='bbox 1253 1692 1365 1745; x_wconf 89' lang='lat' dir='ltr'>Tum,</span> 
     </span>
     <span class='ocr_line' id='line_1_28' title="bbox 30 1750 1364 1802; baseline 0.001 -13"><span class='ocrx_word' id='word_1_226' title='bbox 30 1753 132 1790; x_wconf 90' lang='lat' dir='ltr'>sicut</span> <span class='ocrx_word' id='word_1_227' title='bbox 168 1752 316 1802; x_wconf 88' lang='lat' dir='ltr'>potuit,</span> <span class='ocrx_word' id='word_1_228' title='bbox 356 1750 513 1789; x_wconf 91' lang='lat' dir='ltr'>oculum</span> <span class='ocrx_word' id='word_1_229' title='bbox 552 1750 703 1802; x_wconf 91' lang='lat' dir='ltr'>lapsum</span> <span class='ocrx_word' id='word_1_230' title='bbox 743 1755 857 1801; x_wconf 85' lang='lat' dir='ltr'>atque</span> <span class='ocrx_word' id='word_1_231' title='bbox 898 1751 1135 1802; x_wconf 87' lang='lat' dir='ltr'>pendentem</span> <span class='ocrx_word' id='word_1_232' title='bbox 1175 1750 1260 1789; x_wconf 93' lang='lat' dir='ltr'>loco</span> <span class='ocrx_word' id='word_1_233' title='bbox 1294 1763 1364 1790; x_wconf 87' lang='lat' dir='ltr'>suo</span> 
     </span>
     <span class='ocr_line' id='line_1_29' title="bbox 29 1808 1364 1861; baseline 0.001 -14"><span class='ocrx_word' id='word_1_234' title='bbox 29 1814 254 1847; x_wconf 85' lang='lat' dir='ltr'>revocatum</span> <span class='ocrx_word' id='word_1_235' title='bbox 291 1808 422 1858; x_wconf 84' lang='lat' dir='ltr'>ligavit</span> <span class='ocrx_word' id='word_1_236' title='bbox 459 1810 587 1847; x_wconf 89' lang='lat' dir='ltr'>orario</span> <span class='ocrx_word' id='word_1_237' title='bbox 625 1820 698 1847; x_wconf 90' lang='lat' dir='ltr'>nec</span> <span class='ocrx_word' id='word_1_238' title='bbox 731 1810 805 1847; x_wconf 91' lang='lat' dir='ltr'>nisi</span> <span class='ocrx_word' id='word_1_239' title='bbox 836 1814 926 1860; x_wconf 91' lang='lat' dir='ltr'>post</span> <span class='ocrx_word' id='word_1_240' title='bbox 957 1814 1107 1861; x_wconf 90' lang='lat' dir='ltr'>septem</span> <span class='ocrx_word' id='word_1_241' title='bbox 1140 1809 1223 1848; x_wconf 90' lang='lat' dir='ltr'>dies</span> <span class='ocrx_word' id='word_1_242' title='bbox 1254 1815 1364 1860; x_wconf 90' lang='lat' dir='ltr'>puta—</span> 
     </span>
     <span class='ocr_line' id='line_1_30' title="bbox 28 1866 1363 1918; baseline 0 -12"><span class='ocrx_word' id='word_1_243' title='bbox 28 1868 83 1906; x_wconf 88' lang='lat' dir='ltr'>vit</span> <span class='ocrx_word' id='word_1_244' title='bbox 119 1878 205 1906; x_wconf 90' lang='lat' dir='ltr'>esse</span> <span class='ocrx_word' id='word_1_245' title='bbox 243 1866 480 1905; x_wconf 90' lang='lat' dir='ltr'>solvendum.</span> <span class='ocrx_word' id='word_1_246' title='bbox 544 1866 655 1912; x_wconf 88' lang='lat' dir='ltr'>Quod</span> <span class='ocrx_word' id='word_1_247' title='bbox 697 1878 786 1905; x_wconf 90' lang='lat' dir='ltr'>cum</span> <span class='ocrx_word' id='word_1_248' title='bbox 818 1867 994 1918; x_wconf 86' lang='lat' dir='ltr'>fecisset,</span> <span class='ocrx_word' id='word_1_249' title='bbox 1027 1868 1274 1905; x_wconf 88' lang='lat' dir='ltr'>sanissimum</span> <span class='ocrx_word' id='word_1_250' title='bbox 1306 1870 1363 1906; x_wconf 90' lang='lat' dir='ltr'>in-</span> 
     </span>
     <span class='ocr_line' id='line_1_31' title="bbox 29 1924 1435 1978; baseline 0.001 -15"><span class='ocrx_word' id='word_1_251' title='bbox 29 1926 145 1963; x_wconf 88' lang='lat' dir='ltr'>venit.</span> <span class='ocrx_word' id='word_1_252' title='bbox 209 1924 339 1963; x_wconf 88' lang='lat' dir='ltr'>Sanati</span> <span class='ocrx_word' id='word_1_253' title='bbox 383 1930 474 1964; x_wconf 90' lang='lat' dir='ltr'>sunt</span> <span class='ocrx_word' id='word_1_254' title='bbox 516 1924 595 1963; x_wconf 83' lang='lat' dir='ltr'>illic</span> <span class='ocrx_word' id='word_1_255' title='bbox 633 1930 671 1963; x_wconf 91' lang='lat' dir='ltr'>et</span> <span class='ocrx_word' id='word_1_256' title='bbox 711 1924 791 1978; x_wconf 88' lang='lat' dir='ltr'>alii,</span> <span class='ocrx_word' id='word_1_257' title='bbox 834 1925 881 1963; x_wconf 92' lang='lat' dir='ltr'>de</span> <span class='ocrx_word' id='word_1_258' title='bbox 926 1924 1068 1976; x_wconf 90' lang='lat' dir='ltr'>quibus</span> <span class='ocrx_word' id='word_1_259' title='bbox 1110 1925 1240 1964; x_wconf 88' lang='lat' dir='ltr'>dicere</span> <span class='ocrx_word' id='word_1_260' title='bbox 1282 1926 1364 1965; x_wconf 92' lang='lat' dir='ltr'>lon-</span> <span class='ocrx_word' id='word_1_261' title='bbox 1390 1934 1435 1965; x_wconf 90' lang='lat'>30</span> 
     </span>
     <span class='ocr_line' id='line_1_32' title="bbox 29 1988 223 2034; baseline -0.005 -12"><span class='ocrx_word' id='word_1_262' title='bbox 29 1995 121 2034; x_wconf 85' lang='lat' dir='ltr'>gum</span> <span class='ocrx_word' id='word_1_263' title='bbox 153 1988 223 2021; x_wconf 86' lang='lat' dir='ltr'>est.</span> 
     </span>
    </p>

    <p class='ocr_par' dir='ltr' id='par_1_3' title="bbox 30 2040 1364 2150">
     <span class='ocr_line' id='line_1_33' title="bbox 146 2040 1364 2093; baseline 0.002 -15"><span class='ocrx_word' id='word_1_264' title='bbox 146 2040 451 2092; x_wconf 88' lang='lat' dir='ltr'>Hipponiensem</span> <span class='ocrx_word' id='word_1_265' title='bbox 490 2041 681 2092; x_wconf 88' lang='lat' dir='ltr'>quandam</span> <span class='ocrx_word' id='word_1_266' title='bbox 719 2042 909 2092; x_wconf 86' lang='lat' dir='ltr'>virginem</span> <span class='ocrx_word' id='word_1_267' title='bbox 948 2042 1047 2093; x_wconf 89' lang='lat' dir='ltr'>scio,</span> <span class='ocrx_word' id='word_1_268' title='bbox 1084 2053 1173 2080; x_wconf 91' lang='lat' dir='ltr'>cum</span> <span class='ocrx_word' id='word_1_269' title='bbox 1206 2054 1246 2080; x_wconf 89' lang='lat' dir='ltr'>se</span> <span class='ocrx_word' id='word_1_270' title='bbox 1279 2042 1364 2080; x_wconf 93' lang='lat' dir='ltr'>oleo</span> 
     </span>
     <span class='ocr_line' id='line_1_34' title="bbox 30 2099 1362 2150; baseline 0.001 -13"><span class='ocrx_word' id='word_1_271' title='bbox 30 2101 296 2150; x_wconf 87' lang='lat' dir='ltr'>perunxisset,</span> <span class='ocrx_word' id='word_1_272' title='bbox 335 2100 397 2137; x_wconf 93' lang='lat' dir='ltr'>cui</span> <span class='ocrx_word' id='word_1_273' title='bbox 435 2111 506 2149; x_wconf 87' lang='lat' dir='ltr'>pro</span> <span class='ocrx_word' id='word_1_274' title='bbox 544 2099 606 2137; x_wconf 88' lang='lat' dir='ltr'>illa</span> <span class='ocrx_word' id='word_1_275' title='bbox 646 2111 761 2137; x_wconf 88' lang='lat' dir='ltr'>orans</span> <span class='ocrx_word' id='word_1_276' title='bbox 792 2099 998 2150; x_wconf 81' lang='lat' dir='ltr'>presbyter</span> <span class='ocrx_word' id='word_1_277' title='bbox 1028 2099 1282 2138; x_wconf 85' lang='lat' dir='ltr'>instillaverat</span> <span class='ocrx_word' id='word_1_278' title='bbox 1313 2100 1362 2139; x_wconf 90' lang='lat' dir='ltr'>la—</span> 
     </span>
    </p>
   </div>
   <div class='ocr_carea' id='block_1_3' title="bbox 29 2210 1366 2349">
    <p class='ocr_par' dir='ltr' id='par_1_4' title="bbox 29 2210 1366 2349">
     <span class='ocr_line' id='line_1_35' title="bbox 124 2210 1366 2256; baseline 0.002 -12"><span class='ocrx_word' id='word_1_279' title='bbox 124 2213 144 2244; x_wconf 89' lang='lat'>5</span> <span class='ocrx_word' id='word_1_280' title='bbox 170 2211 293 2245; x_wconf 76' lang='lat' dir='ltr'>malim</span> <span class='ocrx_word' id='word_1_281' title='bbox 319 2210 474 2245; x_wconf 76' lang='lat' dir='ltr'>daemon</span> <span class='ocrx_word' id='word_1_282' title='bbox 500 2222 602 2252; x_wconf 87' lang='lat' dir='ltr'>eum,·</span> <span class='ocrx_word' id='word_1_283' title='bbox 627 2211 671 2254; x_wconf 80' lang='lat' dir='ltr'>cf.</span> <span class='ocrx_word' id='word_1_284' title='bbox 698 2214 762 2252; x_wconf 74' lang='lat'>14;</span> <span class='ocrx_word' id='word_1_285' title='bbox 788 2214 881 2253; x_wconf 83' lang='lat'>357,</span> <span class='ocrx_word' id='word_1_286' title='bbox 906 2215 957 2247; x_wconf 77' lang='lat'>26</span> <span class='ocrx_word' id='word_1_287' title='bbox 985 2212 998 2256; x_wconf 78' lang='grc' dir='ltr'>ΙΙ</span> <span class='ocrx_word' id='word_1_288' title='bbox 1026 2215 1068 2245; x_wconf 91' lang='grc'>10</span> <span class='ocrx_word' id='word_1_289' title='bbox 1093 2222 1283 2255; x_wconf 82' lang='lat' dir='ltr'>percussus</span> <span class='ocrx_word' id='word_1_290' title='bbox 1310 2213 1366 2246; x_wconf 84' lang='lat' dir='ltr'>est</span> 
     </span>
     <span class='ocr_line' id='line_1_36' title="bbox 29 2256 1363 2302; baseline 0.001 -11"><span class='ocrx_word' id='word_1_291' title='bbox 29 2256 100 2299; x_wconf 64' lang='lat'>1213</span> <span class='ocrx_word' id='word_1_292' title='bbox 124 2258 296 2292; x_wconf 75' lang='lat' dir='ltr'>recentior</span> <span class='ocrx_word' id='word_1_293' title='bbox 320 2267 450 2292; x_wconf 73' lang='lat' dir='ltr'>manus</span> <span class='ocrx_word' id='word_1_294' title='bbox 475 2258 620 2292; x_wconf 79' lang='lat' dir='ltr'>addidit</span> <span class='ocrx_word' id='word_1_295' title='bbox 644 2267 814 2292; x_wconf 83' lang='lat' dir='ltr'>excussus</span> <span class='ocrx_word' id='word_1_296' title='bbox 842 2259 897 2292; x_wconf 77' lang='lat' dir='ltr'>est</span> <span class='ocrx_word' id='word_1_297' title='bbox 932 2259 944 2302; x_wconf 81' lang='grc' dir='ltr'>ΙΙ</span> <span class='ocrx_word' id='word_1_298' title='bbox 983 2262 1024 2292; x_wconf 90' lang='grc'>19</span> <span class='ocrx_word' id='word_1_299' title='bbox 1051 2257 1283 2302; x_wconf 75' lang='lat' dir='ltr'>albigauerat</span> <span class='ocrx_word' id='word_1_300' title='bbox 1307 2260 1363 2301; x_wconf 85' lang='grc' dir='ltr'>Α,-</span> 
     </span>
     <span class='ocr_line' id='line_1_37' title="bbox 30 2303 1203 2349; baseline 0.003 -12"><span class='ocrx_word' id='word_1_301' title='bbox 30 2303 224 2348; x_wconf 72' lang='lat' dir='ltr'>albigabat</span> <span class='ocrx_word' id='word_1_302' title='bbox 248 2303 283 2337; x_wconf 84' lang='lat' dir='ltr'><em>R</em></span> <span class='ocrx_word' id='word_1_303' title='bbox 302 2304 314 2348; x_wconf 78' lang='grc' dir='ltr'><strong>Η</strong></span> <span class='ocrx_word' id='word_1_304' title='bbox 333 2308 377 2338; x_wconf 85' lang='grc'>20</span> <span class='ocrx_word' id='word_1_305' title='bbox 403 2304 670 2339; x_wconf 74' lang='lat' dir='ltr'>concurrebant</span> <span class='ocrx_word' id='word_1_306' title='bbox 692 2304 764 2339; x_wconf 74' lang='grc' dir='ltr'>ΕΑ</span> <span class='ocrx_word' id='word_1_307' title='bbox 783 2306 795 2349; x_wconf 79' lang='grc' dir='ltr'>ΙΙ</span> <span class='ocrx_word' id='word_1_308' title='bbox 814 2307 857 2338; x_wconf 77' lang='lat'>32</span> <span class='ocrx_word' id='word_1_309' title='bbox 884 2305 1158 2348; x_wconf 86' lang='lat' dir='ltr'>Hipponensem</span> <span class='ocrx_word' id='word_1_310' title='bbox 1182 2316 1203 2340; x_wconf 83' lang='lat' dir='ltr'><strong><em>v</em></strong></span> 
     </span>
    </p>
   </div>
  </div>
 </body>
</html>
