1611 2465
58 726 100 756 10

58 1018 100 1048 15

59 1311 101 1341 20

59 1603 102 1633 25

61 1896 102 1925 30

60 2187 101 2217 35

127 91 212 133 322
663 101 688 125 s.
710 100 761 126 AL·
767 99 924 125 GUSTINI

127 192 173 229 ad
195 192 267 229 hoc
294 197 444 230 tantum
466 202 563 241 opus
591 188 805 227 electorum
833 191 1028 228 neminem
1049 189 1221 228 iudicant
1240 190 1463 241 praeferen-

126 251 237 301 dum,
270 252 370 301 quia,
404 250 475 287 etsi
508 260 585 286 non
618 249 656 285 in
691 249 746 285 eis
778 260 880 285 unus
912 250 1156 299 apparuisset
1188 250 1348 300 spiritus
1381 250 1464 287 sine

126 309 367 347 dubitatione
394 308 560 357 divinus,
586 305 652 344 sed
679 307 782 344 inter
803 318 842 343 se
870 306 986 344 verba
1012 308 1346 358 interpretationis
1373 319 1464 346 suae

127 369 371 418 septuaginta
393 366 497 403 docti
518 377 625 403 more
647 364 847 403 hominum
870 365 1139 417 contulissent,
1171 372 1225 418 ut,
1257 365 1359 416 quod
1386 365 1464 416 pla-

127 428 273 464 cuisset
305 424 505 476 omnihus,
543 423 617 461 hoc
651 429 842 474 maneret,
884 423 1013 462 nullus
1046 425 1102 462 eis
1135 437 1236 463 unus
1268 426 1465 475 interpres

126 485 260 523 debuit
285 485 603 534 anteponi3scum
631 494 721 520 vero
748 487 899 520 tantum
924 484 963 520 in
991 484 1045 520 eis
1074 484 1227 533 signum
1254 482 1465 521 divinitatis

127 544 322 594 apparuit,
360 542 537 593 profecto
571 542 748 591 quisquis
780 540 878 579 alius
916 540 1069 579 illarum
1102 544 1386 592 scripturarum
1418 553 1466 579 ex

126 601 301 640 Hebraea
322 603 360 639 in
383 599 595 651 quamlibet
615 599 727 637 aliam
749 599 918 649 linguam
940 601 1135 650 interpres
1162 606 1221 638 est
1248 612 1374 651 verax,
1401 605 1466 638 aut

127 662 308 711 congruit
329 659 403 698 illis
425 659 668 709 septuaginta
689 657 983 709 interpretibus,
1010 665 1076 696 aut
1097 660 1128 696 si
1148 670 1226 697 non
1248 670 1465 709 congruere

127 719 293 771 videtur,
326 717 487 757 altitudo
514 716 568 755 ibi
594 715 822 767 prophetica
848 728 934 754 esse
961 717 1153 755 credenda
1180 723 1249 755 est.
1297 717 1465 768 Spiritus

128 779 249 828 enim,
287 778 352 828 qui
384 778 424 814 in
457 775 661 828 prophetis
694 780 796 826 erat,
841 775 995 825 quando
1027 774 1088 813 illa
1121 772 1324 827 dixerunt,
1340 770 1349 771 ⁷⁷
1362 775 1466 813 idem

126 838 209 888 ipse
243 842 326 874 erat
359 836 474 873 etiam
506 836 546 872 in
578 834 823 884 septuaginta
854 834 960 885 viris,
993 833 1146 884 quando
1179 833 1242 872 illa
1274 836 1465 884 interpre-

127 897 195 933 tati
236 901 345 945 sunt3
385 895 451 944 qui
490 892 668 944 profecto
707 893 937 930 auctoritate
972 892 1099 930 divina
1132 898 1169 931 et
1201 892 1302 930 aliud
1336 893 1466 930 dicere

126 955 265 1004 potuit,
285 960 480 1002 tamquam
494 950 682 1002 propheta
698 950 759 988 ille
782 955 992 1001 utrumque
1014 950 1297 1002 dixisset,··quia
1317 957 1465 989 utrum·

128 1025 203 1062 que
232 1012 335 1050 idem
363 1011 533 1061 Spiritus
560 1009 721 1060 diceret,
753 1015 791 1047 et
816 1008 889 1047 hoc
922 1011 1050 1060 ipsum
1082 998 1205 1061 aliter,
1237 1015 1292 1061 ut,
1324 1011 1356 1047 si
1389 1021 1466 1047 non

129 1071 263 1109 eadem
291 1069 418 1120 verba,
450 1069 553 1106 idem
580 1074 709 1105 tamen
736 1079 874 1105 sensus
900 1067 1000 1105 bene
1027 1068 1343 1118 intellegentibus
1369 1067 1465 1106 dilu-

129 1135 323 1179 cesceret,
361 1133 399 1166 et
437 1126 581 1176 aliquid
619 1127 934 1177 praetermittere
974 1131 1011 1164 et
1049 1126 1192 1176 aliquid
1225 1126 1385 1177 addere,
1424 1132 1467 1164 ut

129 1190 244 1226 etiam
270 1187 361 1225 hinc
395 1185 671 1224 ostenderetur
705 1196 782 1222 non
809 1184 1016 1222 humanam
1043 1185 1163 1222 fuisse
1190 1186 1229 1222 in
1256 1184 1320 1222 illo
1348 1196 1468 1235 opere

130 1248 380 1296 servitutem,
423 1256 537 1294 quain
576 1242 705 1281 verbis
743 1242 909 1281 debebat
945 1244 1157 1294 interpres,
1200 1243 1267 1281 sed
1300 1243 1465 1281 divinam

128 1306 258 1356 potius
273 1308 518 1355 potestatem,
539 1313 636 1352 quae
652 1306 822 1339 mentem
844 1300 1019 1352 replebat
1039 1307 1077 1339 et
1097 1301 1256 1352 regebat
1275 1303 1465 1352 interpre-

128 1365 191 1401 tis.
228 1361 412 1400 Nonnulli
433 1367 563 1399 autem
584 1360 738 1397 codices
759 1359 928 1397 Graecos
948 1361 1282 1410 interpretationis
1304 1359 1464 1410 Septua-

128 1423 233 1472 ginta
253 1433 299 1459 ex
314 1419 503 1458 Hebraeis
518 1418 718 1457 codicibus
739 1418 1001 1457 emendandos
1021 1424 1225 1470 putarunt,
1246 1431 1317 1456 nec
1337 1424 1466 1456 tamen

130 1481 215 1519 ausi
241 1484 332 1518 sunt
359 1478 578 1528 detrahere,
606 1476 709 1527 quod
730 1476 896 1514 Hebraei
923 1489 1000 1514 non
1027 1476 1219 1515 habebant
1246 1482 1284 1515 et
1305 1477 1465 1528 Septua-

128 1540 234 1589 ginta
259 1542 497 1589 posuerunt3
525 1535 591 1574 sed
618 1540 768 1573 tantuin
791 1535 904 1573 modo
932 1535 1175 1586 addiderunt,
1202 1547 1299 1586 quae
1326 1538 1366 1574 in
1391 1534 1465 1573 He-

129 1597 257 1635 braeis
297 1597 452 1634 inventa
491 1594 592 1645 apud
626 1594 877 1644 Septuaginta
916 1606 992 1631 non
1026 1600 1152 1646 erant,
1191 1606 1312 1644 eaque
1346 1595 1466 1644 signis

130 1654 362 1706 quibusdam
394 1656 433 1692 in
461 1652 661 1691 stellarum
687 1652 845 1690 modum
872 1652 983 1690 sactis
1016 1652 1060 1690 ad
1095 1654 1220 1703 capita
1252 1652 1465 1691 eorundem

129 1725 314 1752 versuum
336 1716 580 1762 notaverunt,
608 1722 705 1761 quae
727 1712 836 1761 signa
856 1712 1064 1749 asteriscos
1084 1717 1232 1749 vocant.
1271 1710 1336 1749 llla
1363 1722 1466 1762 vero,

129 1784 227 1823 quae
255 1783 332 1809 non
359 1770 504 1808 habent
530 1768 709 1819 Hebraei,
745 1768 889 1807 habent
915 1774 1043 1807 autem
1072 1769 1335 1820 Septuaginta,
1361 1770 1466 1807 simi-

129 1831 218 1868 liter
239 1829 284 1867 ad
313 1830 437 1879 capita
465 1834 649 1865 versuum
671 1827 886 1865 iacentibus
914 1828 1085 1878 virgulis,
1111 1829 1212 1866 sicut
1238 1827 1466 1865 scribuntur

130 1890 280 1939 unciae,
313 1889 573 1937 signaverunt.
638 1885 686 1923 Et
712 1885 823 1923 multi
851 1885 1004 1923 codices
1036 1885 1104 1923 has
1136 1891 1246 1923 notas
1278 1884 1466 1923 habentes

130 1957 411 1997 usquequaque
439 1944 569 1982 diffusi
596 1949 688 1981 sunt
713 1949 751 1981 et
776 1943 913 1981 Latini.
965 1943 1069 1988 Quae
1098 1950 1226 1982 autem
1252 1955 1329 1981 non
1356 1955 1464 1994 prae-

130 2006 308 2043 termissa
341 2003 398 2041 vel
432 2002 571 2052 addita,
604 2001 670 2039 sed
705 2001 814 2040 aliter
847 2001 948 2039 dicta
981 2007 1083 2052 sunt,
1115 2003 1194 2039 sive
1228 2001 1344 2039 alium
1377 2013 1464 2040 sen-

129 2075 214 2101 sum
242 2064 384 2100 faciant
410 2063 524 2099 etiam
552 2062 679 2110 ipsum
706 2072 782 2097 non
816 2059 1102 2111 abhorrentem,
1134 2061 1213 2098 sive
1246 2059 1318 2098 alio
1351 2060 1465 2098 modo

130 2120 296 2159 eundem
324 2131 484 2158 sensum
511 2118 704 2169 explicare
732 2123 1012 2168 monstrentur,
1045 2120 1119 2156 nisi
1151 2120 1329 2169 utrisque
1362 2117 1464 2156 codi-

129 2178 239 2217 cibus
279 2179 466 2228 inspectis
506 2182 708 2227 nequeunt
744 2177 921 2227 reperiri.
959 2175 1026 2214 sSi
1067 2188 1179 2229 ergo,
1218 2183 1261 2215 ut
1299 2181 1466 2227 oportet,

215 2248 266 2301 34
292 2267 481 2310 utriusque
507 2266 672 2309 RA1135
699 2265 811 2311 igitur
836 2276 855 2299 v
