1548 2562
483 170 536 195 DE
555 169 743 196 clvrrATE
762 171 830 196 DEI
849 171 882 196 L.
902 171 1015 196 xvm.
1035 171 1066 197 o.
1086 173 1111 196 4.
1365 161 1449 203 261

658 301 810 344 CAPUT
842 302 915 344 IV.

305 388 365 426 De
396 388 636 436 temporibus
669 387 791 425 Iacob
824 393 862 425 et
888 390 966 434 filie·
996 390 1080 426 eius
1114 388 1264 436 Ioseph.

236 468 503 519 Regnantibus
535 468 781 519 Assyriorum
815 468 964 506 decimo
996 481 1087 519 rege
1115 468 1230 507 Baleo
1258 474 1296 507 et
1322 468 1451 519 Sicyo-

121 529 273 566 niorum
319 539 421 564 nono
453 526 648 578 Messapo,
690 528 756 577 qui
794 528 908 564 etiam
942 526 1129 577 Cephisos
1168 539 1189 565 a
1221 527 1451 577 quibusdam

120 585 286 624 traditur
325 581 379 637 (si
416 590 545 623 tamen
583 585 751 623 duorum
789 586 990 623 nominum
1022 585 1137 623 homo
1169 597 1271 624 unus
1304 586 1377 623 suit
1409 598 1451 623 ac
1478 595 1498 626 5

120 656 198 682 non
224 645 354 694 potius
381 643 547 681 alterum
573 655 644 693 pro
671 643 791 681 altero
824 649 1059 693 putaverunt
1091 645 1210 682 fuisse
1243 643 1452 695 hominem,

120 703 186 752 qui
218 703 258 740 in
291 703 372 739 suis
403 707 621 752 posuerunt
662 702 818 751 scriptis
849 701 1013 739 alterum
1046 699 1225 754 nomen),
1264 714 1353 740 cum
1384 714 1453 740 rex

118 761 349 809 Argivorum
381 761 521 798 tertius
556 760 648 810 Apis
681 766 794 811 esset,
826 765 1004 798 mortuus
1036 766 1095 798 est
1126 759 1230 798 Isaac
1262 771 1453 798 annorum

119 823 276 856 centum
309 819 504 867 octoginta
542 823 581 855 et
618 817 774 868 reliquit
811 819 985 868 geminos
1017 830 1109 856 suos
1141 830 1331 857 annorum
1364 830 1452 856 cen-

119 882 202 914 tum
235 881 273 914 et
311 877 463 927 viginti3
502 888 667 926 quorum
708 877 834 913 minor
867 876 978 914 Iacob
1011 878 1212 927 pertinens
1245 877 1290 914 ad
1323 878 1451 914 civita-
1480 888 1522 918 10

118 940 197 972 tem
223 933 304 985 Dei,
331 934 378 972 de
406 946 481 984 qua
508 933 726 985 scribimus,
753 936 896 971 maiore
924 936 1058 984 utique
1086 934 1305 986 reprobato,
1337 934 1450 972 habe-

122 992 187 1030 bat
218 992 421 1030 duodecim
453 992 570 1043 filios,
602 1004 769 1041 quorum
801 992 925 1043 illum,
963 994 1029 1042 qui
1061 992 1270 1030 vocabatur
1302 992 1452 1044 loseph,

119 1050 401 1088 mercatoribus
452 1051 491 1088 in
536 1050 749 1101 Aegyptum
800 1050 1092 1089 transeuntibus
1137 1051 1277 1089 fratres
1327 1051 1453 1089 adhuc

119 1108 223 1146 Isaac
258 1120 325 1145 avo
366 1120 502 1146 eorum
536 1109 686 1146 vivente
728 1108 991 1147 vendiderant.
1054 1109 1170 1147 Stetit
1202 1115 1331 1147 autem
1364 1115 1451 1147 ante

118 1166 361 1204 Pharaonem
398 1166 555 1217 Ioseph,
594 1167 746 1217 quando
786 1179 832 1204 ex
863 1166 1099 1219 humilitate,
1132 1179 1247 1217 quam
1280 1167 1451 1219 pertulit,
1480 1179 1521 1208 15

120 1224 348 1263 sublimatus
381 1230 459 1276 est,
491 1237 579 1263 cum
613 1226 769 1275 triginta
802 1231 906 1263 esset
937 1237 1145 1277 annorum3
1179 1227 1359 1275 quoniam
1393 1238 1450 1263 so-

118 1284 222 1320 mnia
248 1284 353 1333 regis
379 1283 506 1321 divine
532 1285 812 1334 interpretatus
838 1286 1123 1334 praenuntiavit
1155 1289 1305 1334 septem
1337 1284 1451 1322 uber-

119 1343 209 1379 tatis
251 1353 371 1378 annos
415 1342 586 1392 futuros,
627 1353 795 1391 quorum
832 1341 1106 1380 abundantiam
1147 1342 1452 1393 praepollentem

119 1405 406 1449 consequentes
439 1399 501 1437 alii
533 1405 682 1450 septem
714 1400 866 1438 steriIes
900 1401 1054 1439 fuerant
1085 1402 1373 1452 consumpturi,
1414 1407 1453 1439 et

119 1457 168 1495 ob
206 1457 278 1495 hoc
318 1469 407 1495 eum
445 1469 512 1495 rex
550 1459 791 1508 praefecerat
822 1459 993 1509 Aegypto
1033 1459 1078 1497 de
1118 1471 1274 1497 carcere
1314 1458 1450 1497 libera·
1480 1470 1523 1500 20

120 1521 219 1566 tum,
257 1527 333 1566 quo
367 1527 455 1554 eum
498 1518 718 1554 coniecerat
749 1518 951 1567 integritas
984 1519 1189 1568 castitatis,
1228 1529 1343 1567 quam
1375 1518 1451 1555 for-

119 1575 210 1612 titer
236 1585 394 1612 servans
421 1574 518 1611 male
545 1576 687 1612 amanti
713 1574 889 1613 dominae
917 1580 954 1612 et
980 1575 1077 1613 male
1105 1575 1263 1613 credulo
1296 1576 1452 1613 domino

119 1633 353 1670 mentiturae
392 1637 497 1670 veste
537 1634 650 1671 etiam
690 1632 874 1671 derelicta
911 1633 957 1670 de
997 1633 1173 1671 manibus
1212 1633 1452 1672 adtrahentis

120 1690 324 1740 aufugiens
368 1702 444 1728 non
496 1693 694 1729 consensit
744 1691 788 1729 ad
833 1697 1023 1741 stuprum.
1099 1691 1278 1729 Secundo
1323 1697 1451 1730 autem

120 1760 220 1786 anno
259 1753 407 1798 septem
446 1760 636 1786 annorum
675 1749 865 1787 sterilium
898 1749 1010 1787 Iacob
1043 1751 1081 1787 in
1114 1750 1330 1800 Aegyptum
1363 1762 1451 1788 cum
1479 1759 1522 1790 25

121 1808 201 1844 suis
234 1806 414 1844 omnibus
440 1808 545 1844 venit
577 1807 623 1844 ad
656 1807 789 1859 filium,
821 1820 938 1858 agens
971 1819 1092 1845 annos
1125 1813 1281 1846 centum
1315 1814 1353 1846 et
1385 1811 1450 1847 tri-

119 1866 241 1916 ginta,
280 1866 381 1903 sicut
418 1866 674 1915 interroganti
706 1868 789 1916 regi
821 1867 902 1916 ipse
935 1867 1153 1918 respoudit,
1192 1878 1280 1905 cum
1313 1866 1451 1918 Ioseph

119 1928 252 1973 ageret
282 1924 441 1973 triginta
472 1928 511 1961 et
536 1935 685 1975 novem,
717 1924 763 1962 ad
795 1925 951 1974 triginta
985 1924 1143 1976 scilicet,
1177 1937 1273 1975 quos
1306 1925 1452 1975 agebat,

121 1980 273 2031 quando
305 1992 325 2018 a
356 1993 448 2031 rege
480 1981 694 2021 honoratus
730 1988 806 2034 est,
839 1982 977 2021 additis
1010 1989 1159 2033 septem
1191 1983 1381 2022 ubertatis
1415 1990 1452 2022 et

120 2038 271 2077 duobus
302 2040 424 2078 famis.
1479 2046 1523 2076 30

213 2154 271 2194 27)
297 2150 385 2186 Gen.
412 2156 468 2194 47,
494 2156 524 2186 9.

120 2324 142 2358 d
213 2283 453 2359 4tril⁴fssappo
478 2279 571 2321 AF‚-
597 2279 810 2325 missappho
836 2281 871 2315 R
902 2283 914 2325 ΙΙ
941 2281 1127 2326 cephissos
1153 2281 1188 2315 R
1216 2284 1227 2326 ΙΙ
1258 2287 1300 2316 14
1325 2282 1449 2316 uendi-

146 2335 233 2359 erun
