1548 2562
388 145 439 169 DE
459 144 648 170 CIVITATE
666 145 736 169 DEI
754 144 787 169 L.
801 124 886 169 ‘xm
906 143 935 169 c.
955 145 996 169 14.
1017 144 1057 170 15.
1333 132 1388 173 35

60 231 174 272 'sonat
205 234 340 283 petitio
372 234 519 284 veniae,
551 245 741 283 nusquam
772 231 976 283 inploratio
1008 230 1232 269 medicinae.
1293 229 1389 267 Nam

63 291 154 329 licet
183 291 249 328 isti
274 302 352 328 non
385 291 486 328 sicut
512 289 605 328 Cain
637 290 739 341 quod
771 291 1049 328 commiserunt
1079 294 1233 340 negent,
1264 287 1388 326 adhuc

63 354 192 387 tamen
231 348 413 399 superbia
452 349 491 386 in
531 348 633 386 aliud
673 350 824 399 quaerit
856 349 1008 386 ‘referre
1049 347 1152 398 quod
1183 358 1387 397 perperam

64 407 169 445 fecit:
221 406 402 457 superbia
443 406 617 444 mulieris
653 408 694 444 in
733 412 973 457 serpentem,
1017 405 1197 456 superbia
1236 406 1309 443 viri
1348 406 1387 442 in

63 465 278 503 mulierem.
341 464 416 502 Sed
442 466 635 502 accusatio
662 466 790 515 potius
822 476 936 515 quam
968 465 1164 502 excusatio
1196 474 1286 501 vera
1318 467 1388 514 est,

63 523 130 561 ubi
169 523 338 561 mandati
376 522 494 561 divini
531 527 759 573 est-aperta
790 524 1058 573 transgressio.
1118 522 1252 572 Neque
1286 522 1388 559 enim

64 581 137 619 hoc
167 587 373 632 propterea
399 592 476 618 non
509 580 699 631 fecerunt,
732 582 819 630 quia
852 580 888 618 id
921 580 1059 618 mulier
1091 585 1271 630 serpente
1303 591 1387 617 sua-

63 639 198 691 dente,
234 640 292 677 vir
329 638 492 677 muliere
525 640 758 689 inpertiente
792 640 1000 689 commisit,
1041 640 1150 688 quasi
1182 639 1389 688 quicquam

62 697 154 749 Deo,
186 698 249 735 cui
283 696 342 735 vel
380 697 608 735 crederetur
634 697 693 734 vel
719 696 937 747 cederetur,
968 696 1280 747 anteponendum
1306 696 1388 733 fuit.

586 854 741 898 CAPUT
772 855 864 897 XV,

92 941 152 980 De
183 943 334 979 iustitia
364 942 649 988 retributionis,
681 952 798 988 quam
825 942 949 989 primi
978 942 1151 979 homines
1178 951 1255 989 'pro
1286 952 1360 978 sua

442 1000 732 1038 inoboedientia
765 1004 1012 1048 receperunt.

181 1080 278 1125 Quia
305 1092 395 1131 ergo
423 1086 669 1131 contemptus
695 1086 754 1118 est
778 1079 881 1118 Deus
907 1080 1057 1131 iubens,
1089 1081 1155 1130 qui
1181 1085 1389 1131 creaverat,

64 1140 130 1189 qui
174 1139 219 1177 ad
261 1151 369 1176 suam
416 1140 623 1189 imaginem
664 1139 826 1190 fecerat,
872 1140 937 1189 qui
979 1139 1120 1176 ceteris
1161 1137 1388 1176 animalibus

64 1202 366 1248 praeposuerat,
410 1198 475 1247 qui
519 1198 558 1234 in
602 1196 778 1247 paradiso
823 1198 1098 1247 constituerat,
1147 1197 1213 1246 qui
1256 1208 1388 1234 rerum

63 1256 235 1293 omnium
262 1256 411 1305 copiam
438 1255 649 1305 salutisque
682 1256 939 1306 praestiterat,
971 1256 1036 1305 qui
1068 1256 1285 1305 praeceptis
1316 1266 1388 1292 nec

63 1313 239 1364 pluribus
283 1325 354 1351 nec
398 1313 608 1363 grandibus
652 1325 723 1351 nec
767 1313 989 1351 difficilibus
1034 1318 1276 1359 oneraverat,
1322 1312 1388 1350 sed

63 1372 140 1409 uno
172 1371 400 1409 brevissimo
433 1377 546 1421 atque
586 1371 779 1409 levissimo
812 1372 856 1409 ad
890 1370 1154 1408 oboedientiae
1187 1370 1387 1408 salubrita-

63 1435 141 1467 tem
168 1429 519 1481 adminiculaverat,
551 1442 626 1479 quo
653 1441 737 1467 earn
763 1435 991 1480 creaturam,
1024 1430 1087 1467 cui
1117 1428 1238 1466 libera
1270 1430 1387 1467 servi-

62 1493 126 1526 tus
158 1487 374 1538 expediret,
418 1500 458 1525 se
498 1500 582 1525 esse
614 1487 820 1525 Dominum
859 1486 1144 1525 commonebat:
1183 1488 1283 1525 iusta
1325 1487 1386 1525 da-

63 1547 206 1584 mnatio
250 1545 457 1584 subsecuta
502 1552 578 1597 est,
618 1546 782 1596 talisque
815 1546 1026 1595 damnatio,
1070 1551 1113 1582 ut
1143 1545 1278 1596 homo,
1323 1547 1387 1595 qui

63 1603 315 1642 custodiendo
354 1603 576 1642 mandatum
614 1604 770 1642 futurus
809 1604 934 1642 suerat
973 1605 1085 1641 etiam
1128 1614 1242 1640 carne
1276 1605 1386 1653 spiri-

62 1662 168 1713 talis,
212 1662 323 1699 fieret
360 1663 476 1700 etiam
517 1668 645 1699 mente
690 1662 853 1699 carnalis
898 1667 955 1712 et,
1000 1663 1065 1711 qui
1106 1672 1173 1698 sua
1206 1661 1387 1712 superbia

63 1719 136 1757 sibi
167 1719 382 1771 placuerat,
423 1719 491 1758 Dei
522 1721 668 1758 iustitia
700 1719 773 1758 sibi
804 1720 1032 1770 donaretur3
1065 1730 1135 1756 nec
1168 1720 1240 1769 sic,
1273 1725 1317 1757 ut
1347 1721 1385 1757 in

63 1789 132 1815 sua
164 1784 267 1815 esset
293 1777 523 1815 omnimodis
549 1784 752 1829 potestate,
785 1778 853 1815 sed
885 1790 905 1815 a
937 1789 977 1815 se
1009 1778 1091 1827 ipse
1124 1788 1278 1827 quoque
1311 1777 1384 1815 dis-

63 1837 235 1874 sentiens
276 1835 347 1873 sub
388 1835 472 1887 illo,
517 1838 579 1874 cui
610 1836 805 1886 peccando
838 1837 1053 1882 consensit,
1094 1847 1164 1885 pro
1196 1835 1386 1887 libertate,

62 1905 175 1944 quam
219 1895 457 1945 concupivit,
500 1894 636 1932 duram
674 1896 932 1944 miseramque
979 1898 1110 1943 ageret
1148 1894 1386 1946 servitutem,

61 1957 240 1990 mortuus
273 1953 412 2002 spiritu
450 1952 581 1990 volens
614 1958 652 1990 et
684 1964 846 2003 corpore
879 1951 1092 1990 inoriturus
1122 1952 1283 2003 invitus,
1320 1952 1383 1990 de-

62 2015 188 2048 sertor
228 2015 407 2048 aeternae
445 2011 543 2048 vitae
577 2012 691 2048 etiam
724 2016 898 2061 aeterna,
935 2011 1008 2047 nisi
1040 2010 1160 2059 gratia
1192 2009 1384 2060 liberaret,

1416 867 1458 898 10

1417 1204 1457 1234 15

1415 1496 1458 1526 20

1412 1786 1455 1817 25

62 2073 187 2106 morte
223 2068 437 2106 damnatus.
500 2068 684 2118 Quisquis
724 2068 839 2107 huius
877 2068 979 2106 modi
1012 2067 1293 2106 damnationem
1326 2069 1383 2106 vel
1410 2078 1453 2108 30

153 2169 189 2212 4)
216 2167 302 2203 Gen.
329 2172 361 2211 3,
390 2172 430 2201 12
458 2179 508 2211 sq.

152 2300 172 2330 3
199 2296 311 2330 alium
336 2297 425 2340 v119
451 2295 522 2329 fuit
553 2295 661 2329 VAF
681 2296 762 2337 (vol.
791 2296 827 2338 I,
852 2298 934 2339 133,
960 2299 1039 2339 31)‚·
1063 2296 1174 2331 fuerit
1197 2308 1217 2331 v

1054 2354 1102 2388 3*
