1548 2562
402 173 456 197 DE
476 171 663 198 CIVITATE
682 171 752 196 DEI
771 171 803 195 L.
823 170 921 195 xxn.
941 169 970 195 c.
990 170 1014 195 8.
1294 158 1375 199 581

50 264 165 302 tertio
198 263 310 300 fieret
340 262 380 299 in
413 260 596 311 gradibus
629 259 803 310 exedrae,
834 260 874 297 in
907 270 981 309 qua
1013 256 1059 296 de
1092 258 1294 308 superiore
1325 256 1379 295 lo-

50 321 197 372 quebar
228 319 325 372 loc0,
356 319 431 358 feci
463 324 565 357 stare
597 317 729 356 ambos
762 317 914 369 fratres,
946 328 1035 354 cum
1066 327 1202 354 eorum
1234 315 1379 366 legere-

49 386 114 418 tur
153 377 317 417 libellus.
378 376 606 416 Intuehatur
643 375 810 427 populus
850 376 1056 414 universus
1088 385 1204 413 sexus
1235 375 1380 412 utrius-

51 449 127 488 que
165 448 288 475 unum
326 441 492 474 stantem
532 436 614 473 sine
647 434 812 473 deformi
843 438 968 485 motu,
1005 432 1165 471 alteram
1196 431 1382 470 membris

50 495 232 534 omnibus
260 499 580 533 contrementem.
641 491 689 531 Et
716 493 782 543 qui
807 494 935 543 ipsum
961 503 1039 529 non
1070 491 1258 543 viderant,
1290 489 1381 541 quid
1408 497 1427 527 5

51 556 91 592 in
132 566 177 592 eo
219 553 368 591 divinae
410 551 699 590 misericordiae
732 551 877 589 factum
909 555 1029 601 esset,
1060 551 1101 587 in
1132 550 1216 588 eius
1248 560 1383 587 sorore

53 611 278 650 cernebant.
339 609 529 648 Videbant
555 610 658 648 enim
685 608 777 659 quid
808 610 848 647 in
879 608 943 646 illo
976 607 1260 659 gratulandum,
1291 606 1383 657 quid

50 683 122 722 pro
148 669 211 708 illa
238 674 342 708 esset
367 668 567 707 orandum.
627 667 734 706 Inter
765 666 860 706 haec
892 668 1054 705 recitato
1087 678 1224 705 eorum
1254 664 1383 704 libello

50 729 96 768 de
138 733 351 779 conspectu
388 726 522 778 populi
559 738 625 764 eos
663 724 769 764 abire
806 726 1005 777 praecepi,
1043 730 1082 763 et
1112 724 1159 763 de
1191 728 1272 763 tota
1302 725 1385 775 ipsa

51 798 166 826 causa
198 786 393 837 aliquanto
426 785 650 836 diligentius
682 795 886 835 coeperam
919 784 1138 835 disputare,
1170 794 1260 822 cum
1292 793 1383 820 ecce
1413 789 1454 819 10

51 857 112 884 me
156 844 377 895 disputante
422 855 536 882 voces
580 843 673 881 aliae
719 842 765 881 de
810 843 995 881 memoria
1039 842 1220 892 martyris
1263 851 1384 879 novae

50 903 320 954 gratulationis
346 901 569 940 audiuntur.
632 900 818 939 Conversi
850 906 941 939 sunt
973 912 1030 951 e0,
1063 901 1130 950 qui
1160 912 1221 938 me
1255 897 1384 937 audie-

50 962 155 1014 bant,
188 966 482 1011 coeperuntque
515 971 763 998 concurrere.
825 958 892 996 Illa
925 960 1049 1009 enim,
1081 957 1149 996 ubi
1181 957 1227 995 de
1260 956 1384 1007 gradi-

50 1020 124 1059 bus
169 1019 370 1058 descendit
408 1021 449 1057 in
488 1017 629 1068 quibus
667 1022 846 1068 steterat,
887 1016 932 1054 ad
966 1021 1143 1054 sanctum
1176 1020 1386 1066 martyrem

52 1090 163 1117 orare
195 1083 439 1129 perrexerat3
473 1087 571 1126 quae
603 1087 691 1114 mox
724 1081 766 1113 ut
798 1074 990 1113 cancellos
1023 1074 1170 1125 adtigit,
1203 1073 1384 1124 conlapsa
1413 1079 1454 1110 15

52 1136 231 1176 similiter
269 1135 374 1173 velut
410 1137 451 1174 in
488 1145 668 1172 somnum
701 1145 792 1172 sana
824 1134 1007 1171 surrexit.
1069 1131 1168 1171 Dum
1201 1144 1294 1182 ergo
1327 1143 1386 1169 re-

53 1196 300 1246 quireremus
332 1193 425 1244 quid
456 1192 602 1231 factum
633 1193 768 1243 fuerit,
809 1191 912 1229 unde
944 1191 1008 1229 ille
1042 1192 1230 1242 strepitus
1262 1189 1387 1228 laetus

54 1253 238 1304 extiterit,
270 1252 437 1303 ingressi
473 1256 564 1289 sunt
600 1262 688 1288 cum
720 1249 782 1288 illa
814 1251 853 1287 in
885 1248 1094 1301 basilicam,
1126 1250 1166 1287 in
1198 1260 1274 1298 qua
1306 1260 1387 1286 era-

54 1324 154 1363 mus,
186 1310 424 1349 adducentes
451 1321 535 1348 eam
562 1320 692 1347 sanam
719 1308 765 1346 de
798 1308 978 1358 martyris
1006 1307 1102 1345 loco.
1164 1306 1264 1344 Tum
1296 1317 1388 1344 vero

54 1375 185 1408 tantus
224 1368 270 1406 ab
308 1374 477 1418 utroque
519 1379 613 1405 sexu
654 1366 919 1404 admirationis
951 1365 1096 1403 clamor
1128 1369 1287 1403 exortus
1321 1369 1390 1415 est,
1416 1371 1460 1402 20

55 1433 99 1466 ut
124 1439 196 1465 vox
223 1428 448 1465 continuata
474 1438 563 1464 cum
588 1425 757 1463 lacrimis
789 1436 867 1463 non
900 1424 1098 1463 videretur
1128 1435 1244 1474 posse
1276 1423 1390 1460 finiri.

54 1485 249 1524 Perducta
281 1490 341 1523 est
372 1484 418 1523 ad
450 1496 539 1523 eum
570 1483 716 1534 locum,
756 1481 822 1521 ubi
854 1482 967 1532 paulo
1000 1486 1088 1520 ante
1121 1486 1284 1520 steterat
1314 1486 1391 1519 tre-

55 1556 178 1582 mens.
241 1542 476 1582 Exultabant
513 1554 598 1580 eam
636 1541 802 1580 similem
840 1541 968 1592 fratri,
1000 1541 1063 1578 cui
1095 1539 1300 1578 doluerant
1331 1551 1390 1577 re-

55 1603 244 1641 mansisse
289 1601 538 1652 dissimilem,
581 1606 620 1638 et
660 1599 832 1638 nondum
872 1599 977 1637 fusas
1014 1610 1152 1649 preces
1190 1609 1280 1636 suas
1320 1608 1391 1648 pro

55 1660 137 1713 illa,
174 1661 250 1698 iam
288 1665 417 1698 tamen
453 1659 648 1710 praeviam
686 1657 923 1696 voluntatem
955 1662 1032 1695 tam
1065 1657 1140 1694 cito
1174 1655 1393 1694 exauditam
1418 1662 1463 1694 25

56 1731 143 1758 esse
170 1717 395 1756 cernebant.
456 1716 690 1755 Exultabant
715 1717 755 1754 in
781 1715 850 1753 Dei
882 1715 1034 1754 laudem
1066 1726 1159 1753 voce
1193 1715 1276 1752 sine
1308 1725 1391 1752 ver-

55 1776 128 1829 bis,
160 1782 267 1815 tanto
296 1777 441 1827 sonitu,
467 1780 656 1825 quantum
682 1779 836 1812 nostrae
864 1785 979 1812 aures
1005 1773 1108 1811 ferre
1135 1774 1195 1811 vix
1222 1776 1393 1823 possent.

58 1834 159 1881 Quid
194 1838 277 1873 erat
308 1835 348 1872 in
381 1833 565 1872 cordibus
598 1832 854 1871 exultantium
886 1833 960 1870 nisi
992 1831 1087 1870 fides
1120 1830 1284 1883 Christi,
1322 1841 1393 1880 pro

59 1905 133 1944 qua
166 1892 352 1944 Stephani
385 1893 542 1942 sanguis
574 1891 722 1929 effusus
755 1887 842 1929 est‘?

155 2067 173 2098 7
201 2074 243 2098 eo
263 2074 283 2097 v
310 2064 412 2106 (429,
431 2065 473 2106 2)
499 2063 511 2106 ΙΙ
543 2065 585 2096 13
606 2060 704 2095 enim
725 2071 790 2095 om.
811 2059 847 2094 R
865 2062 876 2104 ΙΙ
898 2064 940 2094 14
967 2059 1071 2094 stetit
1094 2058 1130 2093 R
1148 2060 1160 2103 Η
1182 2062 1221 2093 17
1249 2058 1319 2092 iste
1344 2068 1365 2092 υ
1383 2057 1397 2103 ΙΙ

62 2115 103 2145 18
130 2111 387 2153 inquaeramus
419 2109 738 2152 A31nqueramus
771 2106 826 2149 R‚·
857 2106 920 2141 ubi
954 2117 1097 2141 eiamus
1135 2116 1154 2139 v
1191 2107 1202 2149 ΙΙ
1239 2109 1282 2139 25
1318 2106 1395 2139 tam

59 2167 126 2192 om.
152 2156 298 2201 R11129
325 2166 397 2200 quo
421 2155 495 2189 RA
522 2155 654 2197 Parr,
678 2154 738 2189 secl
763 2154 808 2196 cf.
836 2157 923 2196 562,
950 2156 1107 2195 11,·18,·
1133 2155 1216 2194 579,
1242 2155 1264 2186 3
