<?xml version="1.0" encoding="UTF-8"?>
<!DOCTYPE html PUBLIC "-//W3C//DTD XHTML 1.0 Transitional//EN"
    "http://www.w3.org/TR/xhtml1/DTD/xhtml1-transitional.dtd">
<html xmlns="http://www.w3.org/1999/xhtml" xml:lang="en" lang="en">
 <head>
  <title>
</title>
<meta http-equiv="Content-Type" content="text/html;charset=utf-8" />
  <meta name='ocr-system' content='tesseract 3.04.00' />
  <meta name='ocr-capabilities' content='ocr_page ocr_carea ocr_par ocr_line ocrx_word'/>
</head>
<body>
  <div class='ocr_page' id='page_1' title='image "./sanctiaureliiaug02auguuoft_0596.png"; bbox 0 0 1611 2465; ppageno 0'>
   <div class='ocr_carea' id='block_1_1' title="bbox 84 750 124 779">
    <p class='ocr_par' dir='ltr' id='par_1_1' title="bbox 84 750 124 779">
     <span class='ocr_line' id='line_1_1' title="bbox 84 750 124 779; baseline 0.025 -1"><span class='ocrx_word' id='word_1_1' title='bbox 84 750 124 779; x_wconf 74' lang='lat'>10</span> 
     </span>
    </p>
   </div>
   <div class='ocr_carea' id='block_1_2' title="bbox 84 1194 123 1223">
    <p class='ocr_par' dir='ltr' id='par_1_2' title="bbox 84 1194 123 1223">
     <span class='ocr_line' id='line_1_2' title="bbox 84 1194 123 1223; baseline 0 0"><span class='ocrx_word' id='word_1_2' title='bbox 84 1194 123 1223; x_wconf 81' lang='lat'>15</span> 
     </span>
    </p>
   </div>
   <div class='ocr_carea' id='block_1_3' title="bbox 154 115 957 156">
    <p class='ocr_par' dir='ltr' id='par_1_3' title="bbox 154 115 957 156">
     <span class='ocr_line' id='line_1_3' title="bbox 154 115 957 156; baseline 0 -8"><span class='ocrx_word' id='word_1_3' title='bbox 154 115 239 156; x_wconf 75' lang='grc'>590</span> <span class='ocrx_word' id='word_1_4' title='bbox 692 123 719 148; x_wconf 86' lang='lat' dir='ltr'>s.</span> <span class='ocrx_word' id='word_1_5' title='bbox 739 122 957 149; x_wconf 66' lang='lat' dir='ltr'>Amissum</span> 
     </span>
    </p>
   </div>
   <div class='ocr_carea' id='block_1_4' title="bbox 152 211 1492 324">
    <p class='ocr_par' dir='ltr' id='par_1_4' title="bbox 152 211 1492 324">
     <span class='ocr_line' id='line_1_4' title="bbox 153 211 1492 266; baseline 0 -13"><span class='ocrx_word' id='word_1_6' title='bbox 153 215 219 266; x_wconf 77' lang='lat' dir='ltr'>tis,</span> <span class='ocrx_word' id='word_1_7' title='bbox 258 219 296 252; x_wconf 88' lang='lat' dir='ltr'>et</span> <span class='ocrx_word' id='word_1_8' title='bbox 328 225 391 261; x_wconf 87' lang='lat' dir='ltr'>ea,</span> <span class='ocrx_word' id='word_1_9' title='bbox 434 224 531 262; x_wconf 84' lang='lat' dir='ltr'>quae</span> <span class='ocrx_word' id='word_1_10' title='bbox 565 213 708 249; x_wconf 86' lang='lat' dir='ltr'>macies</span> <span class='ocrx_word' id='word_1_11' title='bbox 741 211 986 264; x_wconf 81' lang='lat' dir='ltr'>ostenderat,</span> <span class='ocrx_word' id='word_1_12' title='bbox 1019 212 1254 251; x_wconf 88' lang='lat' dir='ltr'>detrimenta</span> <span class='ocrx_word' id='word_1_13' title='bbox 1286 213 1492 264; x_wconf 82' lang='lat' dir='ltr'>supplevit.</span> 
     </span>
     <span class='ocr_line' id='line_1_5' title="bbox 152 269 1492 324; baseline -0.001 -13"><span class='ocrx_word' id='word_1_14' title='bbox 152 272 291 311; x_wconf 85' lang='lat' dir='ltr'><strong>Utrum</strong></span> <span class='ocrx_word' id='word_1_15' title='bbox 331 284 422 322; x_wconf 78' lang='lat' dir='ltr'>ergo</span> <span class='ocrx_word' id='word_1_16' title='bbox 461 270 516 308; x_wconf 91' lang='lat' dir='ltr'>illi</span> <span class='ocrx_word' id='word_1_17' title='bbox 554 269 687 309; x_wconf 87' lang='lat' dir='ltr'>redeat</span> <span class='ocrx_word' id='word_1_18' title='bbox 723 270 871 308; x_wconf 88' lang='lat' dir='ltr'>homini</span> <span class='ocrx_word' id='word_1_19' title='bbox 910 272 1022 309; x_wconf 90' lang='lat' dir='ltr'>cuius</span> <span class='ocrx_word' id='word_1_20' title='bbox 1055 282 1145 309; x_wconf 87' lang='lat' dir='ltr'>caro</span> <span class='ocrx_word' id='word_1_21' title='bbox 1178 272 1288 322; x_wconf 88' lang='lat' dir='ltr'>prius</span> <span class='ocrx_word' id='word_1_22' title='bbox 1321 272 1412 324; x_wconf 82' lang='lat' dir='ltr'>fuit,</span> <span class='ocrx_word' id='word_1_23' title='bbox 1444 285 1492 311; x_wconf 86' lang='lat' dir='ltr'>an</span> 
     </span>
    </p>
   </div>
   <div class='ocr_carea' id='block_1_5' title="bbox 151 329 1493 382">
    <p class='ocr_par' dir='ltr' id='par_1_5' title="bbox 151 329 1535 382">
     <span class='ocr_line' id='line_1_6' title="bbox 151 329 1493 382; baseline 0.001 -14"><span class='ocrx_word' id='word_1_24' title='bbox 151 330 205 368; x_wconf 90' lang='lat' dir='ltr'>illi</span> <span class='ocrx_word' id='word_1_25' title='bbox 237 332 367 381; x_wconf 86' lang='lat' dir='ltr'>potius</span> <span class='ocrx_word' id='word_1_26' title='bbox 395 330 506 367; x_wconf 88' lang='lat' dir='ltr'>cuius</span> <span class='ocrx_word' id='word_1_27' title='bbox 532 334 668 379; x_wconf 88' lang='lat' dir='ltr'>postea</span> <span class='ocrx_word' id='word_1_28' title='bbox 700 329 799 368; x_wconf 86' lang='lat' dir='ltr'>facta</span> <span class='ocrx_word' id='word_1_29' title='bbox 832 334 904 382; x_wconf 77' lang='lat' dir='ltr'>est,</span> <span class='ocrx_word' id='word_1_30' title='bbox 936 329 982 367; x_wconf 89' lang='lat' dir='ltr'>ad</span> <span class='ocrx_word' id='word_1_31' title='bbox 1013 329 1088 368; x_wconf 89' lang='lat' dir='ltr'>hoc</span> <span class='ocrx_word' id='word_1_32' title='bbox 1121 335 1416 382; x_wconf 84' lang='lat' dir='ltr'>percontantur,</span> <span class='ocrx_word' id='word_1_33' title='bbox 1448 337 1493 370; x_wconf 91' lang='lat' dir='ltr'>ut</span> 
     </span>
    </p>
   </div>
   <div class='ocr_carea' id='block_1_6' title="bbox 150 387 1493 789">
    <p class='ocr_par' dir='ltr' id='par_1_6' title="bbox 150 387 1493 789">
     <span class='ocr_line' id='line_1_7' title="bbox 151 387 1492 428; baseline 0 -1"><span class='ocrx_word' id='word_1_34' title='bbox 151 389 267 428; x_wconf 80' lang='lat' dir='ltr'>tidem</span> <span class='ocrx_word' id='word_1_35' title='bbox 300 389 603 426; x_wconf 88' lang='lat' dir='ltr'>resurrectionis</span> <span class='ocrx_word' id='word_1_36' title='bbox 647 387 823 426; x_wconf 86' lang='lat' dir='ltr'>inludant</span> <span class='ocrx_word' id='word_1_37' title='bbox 855 400 898 426; x_wconf 89' lang='lat' dir='ltr'>ac</span> <span class='ocrx_word' id='word_1_38' title='bbox 931 389 986 426; x_wconf 87' lang='lat' dir='ltr'>sic</span> <span class='ocrx_word' id='word_1_39' title='bbox 1019 389 1167 426; x_wconf 88' lang='lat' dir='ltr'>animae</span> <span class='ocrx_word' id='word_1_40' title='bbox 1200 388 1391 427; x_wconf 81' lang='lat' dir='ltr'>humanae</span> <span class='ocrx_word' id='word_1_41' title='bbox 1425 395 1492 428; x_wconf 91' lang='lat' dir='ltr'>aut</span> 
     </span>
     <span class='ocr_line' id='line_1_8' title="bbox 152 445 1491 498; baseline 0.001 -13"><span class='ocrx_word' id='word_1_42' title='bbox 152 448 406 498; x_wconf 78' lang='lat' dir='ltr'><strong>alternantes,</strong></span> <span class='ocrx_word' id='word_1_43' title='bbox 446 447 547 484; x_wconf 89' lang='lat' dir='ltr'>sicut</span> <span class='ocrx_word' id='word_1_44' title='bbox 578 445 704 498; x_wconf 85' lang='lat' dir='ltr'>Plato,</span> <span class='ocrx_word' id='word_1_45' title='bbox 746 458 856 484; x_wconf 91' lang='lat' dir='ltr'>veras</span> <span class='ocrx_word' id='word_1_46' title='bbox 894 446 1143 485; x_wconf 76' lang='lat' dir='ltr'>infelicitates</span> <span class='ocrx_word' id='word_1_47' title='bbox 1176 446 1369 497; x_wconf 86' lang='lat' dir='ltr'>falsasque</span> <span class='ocrx_word' id='word_1_48' title='bbox 1402 460 1491 498; x_wconf 92' lang='lat' dir='ltr'>pro-</span> 
     </span>
     <span class='ocr_line' id='line_1_9' title="bbox 152 504 1493 556; baseline 0 -12"><span class='ocrx_word' id='word_1_49' title='bbox 152 507 307 544; x_wconf 78' lang='lat' dir='ltr'>mittant</span> <span class='ocrx_word' id='word_1_50' title='bbox 344 504 607 543; x_wconf 81' lang='lat' dir='ltr'>beatitudines</span> <span class='ocrx_word' id='word_1_51' title='bbox 646 510 712 543; x_wconf 88' lang='lat' dir='ltr'>aut</span> <span class='ocrx_word' id='word_1_52' title='bbox 748 511 838 556; x_wconf 90' lang='lat' dir='ltr'>post</span> <span class='ocrx_word' id='word_1_53' title='bbox 878 504 1020 543; x_wconf 88' lang='lat' dir='ltr'>multas</span> <span class='ocrx_word' id='word_1_54' title='bbox 1058 505 1192 544; x_wconf 90' lang='lat' dir='ltr'>itidem</span> <span class='ocrx_word' id='word_1_55' title='bbox 1235 517 1305 556; x_wconf 87' lang='lat' dir='ltr'>per</span> <span class='ocrx_word' id='word_1_56' title='bbox 1338 506 1493 545; x_wconf 84' lang='lat' dir='ltr'>diversa</span> 
     </span>
     <span class='ocr_line' id='line_1_10' title="bbox 152 563 1492 616; baseline 0 -14"><span class='ocrx_word' id='word_1_57' title='bbox 152 576 316 615; x_wconf 88' lang='lat' dir='ltr'>corpora</span> <span class='ocrx_word' id='word_1_58' title='bbox 348 563 612 602; x_wconf 85' lang='lat' dir='ltr'>revolutiones</span> <span class='ocrx_word' id='word_1_59' title='bbox 645 563 849 614; x_wconf 86' lang='lat' dir='ltr'>aliquando</span> <span class='ocrx_word' id='word_1_60' title='bbox 882 570 1012 602; x_wconf 87' lang='lat' dir='ltr'>tamen</span> <span class='ocrx_word' id='word_1_61' title='bbox 1045 576 1148 616; x_wconf 81' lang='lat' dir='ltr'>eam,</span> <span class='ocrx_word' id='word_1_62' title='bbox 1187 565 1288 602; x_wconf 86' lang='lat' dir='ltr'>sicut</span> <span class='ocrx_word' id='word_1_63' title='bbox 1319 564 1492 616; x_wconf 86' lang='lat' dir='ltr'>Porphy-</span> 
     </span>
     <span class='ocr_line' id='line_1_11' title="bbox 150 621 1493 676; baseline 0.001 -16"><span class='ocrx_word' id='word_1_64' title='bbox 150 624 245 674; x_wconf 82' lang='lat' dir='ltr'>rius,</span> <span class='ocrx_word' id='word_1_65' title='bbox 278 623 389 660; x_wconf 86' lang='lat' dir='ltr'>finire</span> <span class='ocrx_word' id='word_1_66' title='bbox 416 623 594 660; x_wconf 81' lang='lat' dir='ltr'>miserias</span> <span class='ocrx_word' id='word_1_67' title='bbox 622 627 661 660; x_wconf 87' lang='lat' dir='ltr'>et</span> <span class='ocrx_word' id='word_1_68' title='bbox 692 621 738 659; x_wconf 88' lang='lat' dir='ltr'>ad</span> <span class='ocrx_word' id='word_1_69' title='bbox 772 634 835 660; x_wconf 85' lang='lat' dir='ltr'>eas</span> <span class='ocrx_word' id='word_1_70' title='bbox 867 634 1079 673; x_wconf 78' lang='lat' dir='ltr'>numquam</span> <span class='ocrx_word' id='word_1_71' title='bbox 1113 622 1243 661; x_wconf 88' lang='lat' dir='ltr'>redire</span> <span class='ocrx_word' id='word_1_72' title='bbox 1276 623 1493 676; x_wconf 84' lang='lat' dir='ltr'>fateantur3</span> 
     </span>
     <span class='ocr_line' id='line_1_12' title="bbox 151 680 1492 732; baseline 0.001 -13"><span class='ocrx_word' id='word_1_73' title='bbox 151 693 229 719; x_wconf 90' lang='lat' dir='ltr'>non</span> <span class='ocrx_word' id='word_1_74' title='bbox 271 687 400 719; x_wconf 86' lang='lat' dir='ltr'>tamen</span> <span class='ocrx_word' id='word_1_75' title='bbox 439 693 584 731; x_wconf 87' lang='lat' dir='ltr'>corpus</span> <span class='ocrx_word' id='word_1_76' title='bbox 621 680 799 718; x_wconf 87' lang='lat' dir='ltr'>habendo</span> <span class='ocrx_word' id='word_1_77' title='bbox 837 680 1061 729; x_wconf 82' lang='lat' dir='ltr'>inmortale,</span> <span class='ocrx_word' id='word_1_78' title='bbox 1101 681 1168 719; x_wconf 90' lang='lat' dir='ltr'>sed</span> <span class='ocrx_word' id='word_1_79' title='bbox 1202 693 1346 732; x_wconf 88' lang='lat' dir='ltr'>corpus</span> <span class='ocrx_word' id='word_1_80' title='bbox 1379 694 1492 720; x_wconf 86' lang='lat' dir='ltr'>omne</span> 
     </span>
     <span class='ocr_line' id='line_1_13' title="bbox 150 739 346 789; baseline 0.005 -12"><span class='ocrx_word' id='word_1_81' title='bbox 150 739 346 789; x_wconf 77' lang='lat' dir='ltr'>fugiendo.</span> 
     </span>
    </p>
   </div>
   <div class='ocr_carea' id='block_1_7' title="bbox 671 900 977 952">
    <p class='ocr_par' dir='ltr' id='par_1_7' title="bbox 671 900 977 952">
     <span class='ocr_line' id='line_1_14' title="bbox 671 900 977 952; baseline -0.007 -9"><span class='ocrx_word' id='word_1_82' title='bbox 671 900 839 952; x_wconf 59' lang='lat' dir='ltr'>CAPUT,</span> <span class='ocrx_word' id='word_1_83' title='bbox 860 900 977 942; x_wconf 83' lang='lat' dir='ltr'><strong>XIII.</strong></span> 
     </span>
    </p>
   </div>
   <div class='ocr_carea' id='block_1_8' title="bbox 151 987 1494 1083">
    <p class='ocr_par' dir='ltr' id='par_1_8' title="bbox 151 987 1494 1083">
     <span class='ocr_line' id='line_1_15' title="bbox 151 987 1494 1035; baseline 0.001 -11"><span class='ocrx_word' id='word_1_84' title='bbox 151 988 213 1024; x_wconf 77' lang='grc' dir='ltr'>Αη</span> <span class='ocrx_word' id='word_1_85' title='bbox 246 987 421 1024; x_wconf 69' lang='lat' dir='ltr'>abortivi</span> <span class='ocrx_word' id='word_1_86' title='bbox 449 997 527 1024; x_wconf 78' lang='lat' dir='ltr'>non</span> <span class='ocrx_word' id='word_1_87' title='bbox 555 988 787 1034; x_wconf 73' lang='lat' dir='ltr'>pertineant</span> <span class='ocrx_word' id='word_1_88' title='bbox 828 987 884 1024; x_wconf 78' lang='lat' dir='ltr'>ad</span> <span class='ocrx_word' id='word_1_89' title='bbox 914 988 1269 1034; x_wconf 69' lang='lat' dir='ltr'>resurrectionem,</span> <span class='ocrx_word' id='word_1_90' title='bbox 1307 988 1345 1025; x_wconf 75' lang='lat' dir='ltr'>si</span> <span class='ocrx_word' id='word_1_91' title='bbox 1368 989 1494 1035; x_wconf 71' lang='lat' dir='ltr'>perti-</span> 
     </span>
     <span class='ocr_line' id='line_1_16' title="bbox 464 1045 1181 1083; baseline 0 -1"><span class='ocrx_word' id='word_1_92' title='bbox 464 1050 559 1082; x_wconf 74' lang='lat' dir='ltr'>nent</span> <span class='ocrx_word' id='word_1_93' title='bbox 597 1045 653 1082; x_wconf 77' lang='lat' dir='ltr'>ad</span> <span class='ocrx_word' id='word_1_94' title='bbox 682 1055 891 1082; x_wconf 75' lang='lat' dir='ltr'>numerum</span> <span class='ocrx_word' id='word_1_95' title='bbox 923 1049 1181 1083; x_wconf 76' lang='lat' dir='ltr'>mortuorum.</span> 
     </span>
    </p>
   </div>
   <div class='ocr_carea' id='block_1_9' title="bbox 150 1124 1493 1703">
    <p class='ocr_par' dir='ltr' id='par_1_9' title="bbox 150 1124 1493 1703">
     <span class='ocr_line' id='line_1_17' title="bbox 269 1124 1492 1176; baseline -0.001 -12"><span class='ocrx_word' id='word_1_96' title='bbox 269 1125 325 1164; x_wconf 85' lang='lat' dir='ltr'>Ad</span> <span class='ocrx_word' id='word_1_97' title='bbox 364 1125 459 1163; x_wconf 87' lang='lat' dir='ltr'>haec</span> <span class='ocrx_word' id='word_1_98' title='bbox 499 1137 609 1176; x_wconf 74' lang='lat' dir='ltr'>ergo,</span> <span class='ocrx_word' id='word_1_99' title='bbox 650 1138 746 1175; x_wconf 88' lang='lat' dir='ltr'>quae</span> <span class='ocrx_word' id='word_1_100' title='bbox 789 1124 834 1162; x_wconf 85' lang='lat' dir='ltr'>ab</span> <span class='ocrx_word' id='word_1_101' title='bbox 868 1137 1005 1163; x_wconf 87' lang='lat' dir='ltr'>eorum</span> <span class='ocrx_word' id='word_1_102' title='bbox 1036 1131 1146 1176; x_wconf 87' lang='lat' dir='ltr'>parte</span> <span class='ocrx_word' id='word_1_103' title='bbox 1191 1127 1386 1164; x_wconf 90' lang='lat' dir='ltr'>contraria</span> <span class='ocrx_word' id='word_1_104' title='bbox 1431 1137 1492 1164; x_wconf 90' lang='lat' dir='ltr'>me</span> 
     </span>
     <span class='ocr_line' id='line_1_18' title="bbox 151 1183 1492 1235; baseline -0.001 -12"><span class='ocrx_word' id='word_1_105' title='bbox 151 1185 353 1235; x_wconf 80' lang='lat' dir='ltr'>digerente</span> <span class='ocrx_word' id='word_1_106' title='bbox 392 1184 487 1221; x_wconf 89' lang='lat' dir='ltr'>mihi</span> <span class='ocrx_word' id='word_1_107' title='bbox 527 1183 708 1221; x_wconf 77' lang='lat' dir='ltr'>videntur</span> <span class='ocrx_word' id='word_1_108' title='bbox 750 1185 943 1235; x_wconf 82' lang='lat' dir='ltr'>opposita,</span> <span class='ocrx_word' id='word_1_109' title='bbox 981 1184 1249 1222; x_wconf 80' lang='lat' dir='ltr'>misericordia</span> <span class='ocrx_word' id='word_1_110' title='bbox 1281 1183 1350 1222; x_wconf 91' lang='lat' dir='ltr'>Dei</span> <span class='ocrx_word' id='word_1_111' title='bbox 1395 1185 1492 1222; x_wconf 88' lang='lat' dir='ltr'>meis</span> 
     </span>
     <span class='ocr_line' id='line_1_19' title="bbox 151 1241 1492 1294; baseline -0.001 -13"><span class='ocrx_word' id='word_1_112' title='bbox 151 1243 301 1281; x_wconf 89' lang='lat' dir='ltr'>nisibus</span> <span class='ocrx_word' id='word_1_113' title='bbox 341 1254 455 1293; x_wconf 86' lang='lat' dir='ltr'>opem</span> <span class='ocrx_word' id='word_1_114' title='bbox 494 1242 644 1280; x_wconf 86' lang='lat' dir='ltr'>serente</span> <span class='ocrx_word' id='word_1_115' title='bbox 684 1241 953 1292; x_wconf 85' lang='lat' dir='ltr'>respondeam.</span> <span class='ocrx_word' id='word_1_116' title='bbox 1015 1241 1221 1280; x_wconf 83' lang='lat' dir='ltr'>Abortivos</span> <span class='ocrx_word' id='word_1_117' title='bbox 1253 1242 1372 1293; x_wconf 78' lang='lat' dir='ltr'>fetus,</span> <span class='ocrx_word' id='word_1_118' title='bbox 1414 1244 1492 1294; x_wconf 79' lang='lat' dir='ltr'>qui,</span> 
     </span>
     <span class='ocr_line' id='line_1_20' title="bbox 151 1299 1491 1352; baseline -0.001 -12"><span class='ocrx_word' id='word_1_119' title='bbox 151 1314 240 1340; x_wconf 87' lang='lat' dir='ltr'>cum</span> <span class='ocrx_word' id='word_1_120' title='bbox 272 1303 347 1339; x_wconf 87' lang='lat' dir='ltr'>iam</span> <span class='ocrx_word' id='word_1_121' title='bbox 379 1302 567 1339; x_wconf 82' lang='lat' dir='ltr'>vixissent</span> <span class='ocrx_word' id='word_1_122' title='bbox 598 1302 638 1338; x_wconf 91' lang='lat' dir='ltr'>in</span> <span class='ocrx_word' id='word_1_123' title='bbox 670 1305 802 1350; x_wconf 81' lang='lat' dir='ltr'>utero,</span> <span class='ocrx_word' id='word_1_124' title='bbox 840 1299 894 1338; x_wconf 91' lang='lat' dir='ltr'>ibi</span> <span class='ocrx_word' id='word_1_125' title='bbox 927 1305 1019 1338; x_wconf 88' lang='lat' dir='ltr'>sunt</span> <span class='ocrx_word' id='word_1_126' title='bbox 1050 1302 1213 1352; x_wconf 79' lang='lat' dir='ltr'>mortui,</span> <span class='ocrx_word' id='word_1_127' title='bbox 1245 1307 1491 1339; x_wconf 89' lang='lat' dir='ltr'>resurrectu-</span> 
     </span>
     <span class='ocr_line' id='line_1_21' title="bbox 151 1358 1492 1410; baseline 0 -13"><span class='ocrx_word' id='word_1_128' title='bbox 151 1372 216 1398; x_wconf 90' lang='lat' dir='ltr'>ros</span> <span class='ocrx_word' id='word_1_129' title='bbox 248 1366 291 1397; x_wconf 91' lang='lat' dir='ltr'>ut</span> <span class='ocrx_word' id='word_1_130' title='bbox 323 1359 545 1410; x_wconf 80' lang='lat' dir='ltr'>adfirmare,</span> <span class='ocrx_word' id='word_1_131' title='bbox 577 1359 630 1396; x_wconf 90' lang='lat' dir='ltr'>ita</span> <span class='ocrx_word' id='word_1_132' title='bbox 662 1370 803 1409; x_wconf 85' lang='lat' dir='ltr'>negare</span> <span class='ocrx_word' id='word_1_133' title='bbox 836 1370 915 1396; x_wconf 91' lang='lat' dir='ltr'>non</span> <span class='ocrx_word' id='word_1_134' title='bbox 947 1358 1088 1410; x_wconf 80' lang='lat' dir='ltr'>audeo3</span> <span class='ocrx_word' id='word_1_135' title='bbox 1122 1360 1296 1409; x_wconf 86' lang='lat' dir='ltr'>quamvis</span> <span class='ocrx_word' id='word_1_136' title='bbox 1329 1370 1407 1397; x_wconf 93' lang='grc'>11011</span> <span class='ocrx_word' id='word_1_137' title='bbox 1438 1360 1492 1397; x_wconf 87' lang='lat' dir='ltr'>vi-</span> 
     </span>
     <span class='ocr_line' id='line_1_22' title="bbox 152 1416 1491 1468; baseline -0.001 -12"><span class='ocrx_word' id='word_1_138' title='bbox 152 1418 262 1456; x_wconf 89' lang='lat' dir='ltr'>deam</span> <span class='ocrx_word' id='word_1_139' title='bbox 304 1429 380 1468; x_wconf 90' lang='lat' dir='ltr'>quo</span> <span class='ocrx_word' id='word_1_140' title='bbox 419 1417 534 1456; x_wconf 88' lang='lat' dir='ltr'>modo</span> <span class='ocrx_word' id='word_1_141' title='bbox 573 1416 619 1455; x_wconf 92' lang='lat' dir='ltr'>ad</span> <span class='ocrx_word' id='word_1_142' title='bbox 661 1429 727 1455; x_wconf 90' lang='lat' dir='ltr'>eos</span> <span class='ocrx_word' id='word_1_143' title='bbox 767 1428 845 1454; x_wconf 88' lang='lat' dir='ltr'>non</span> <span class='ocrx_word' id='word_1_144' title='bbox 884 1418 1080 1467; x_wconf 83' lang='lat' dir='ltr'>pertineat</span> <span class='ocrx_word' id='word_1_145' title='bbox 1117 1418 1356 1456; x_wconf 83' lang='lat' dir='ltr'>resurrectio</span> <span class='ocrx_word' id='word_1_146' title='bbox 1389 1429 1491 1455; x_wconf 86' lang='lat' dir='ltr'>mor-</span> 
     </span>
     <span class='ocr_line' id='line_1_23' title="bbox 152 1475 1492 1527; baseline -0.001 -12"><span class='ocrx_word' id='word_1_147' title='bbox 152 1483 330 1527; x_wconf 83' lang='lat' dir='ltr'>tuorum,</span> <span class='ocrx_word' id='word_1_148' title='bbox 369 1477 402 1514; x_wconf 92' lang='lat' dir='ltr'>si</span> <span class='ocrx_word' id='word_1_149' title='bbox 438 1487 517 1514; x_wconf 91' lang='lat' dir='ltr'>non</span> <span class='ocrx_word' id='word_1_150' title='bbox 556 1477 780 1514; x_wconf 89' lang='lat' dir='ltr'>eximuntur</span> <span class='ocrx_word' id='word_1_151' title='bbox 820 1475 867 1512; x_wconf 90' lang='lat' dir='ltr'>de</span> <span class='ocrx_word' id='word_1_152' title='bbox 899 1487 1064 1513; x_wconf 88' lang='lat' dir='ltr'>numero</span> <span class='ocrx_word' id='word_1_153' title='bbox 1097 1482 1354 1514; x_wconf 85' lang='lat' dir='ltr'>mortuorum.</span> <span class='ocrx_word' id='word_1_154' title='bbox 1416 1475 1492 1514; x_wconf 84' lang='lat' dir='ltr'>Aut</span> 
     </span>
     <span class='ocr_line' id='line_1_24' title="bbox 152 1533 1490 1585; baseline -0.001 -12"><span class='ocrx_word' id='word_1_155' title='bbox 152 1537 255 1573; x_wconf 86' lang='lat' dir='ltr'>enim</span> <span class='ocrx_word' id='word_1_156' title='bbox 282 1547 360 1573; x_wconf 90' lang='lat' dir='ltr'>non</span> <span class='ocrx_word' id='word_1_157' title='bbox 387 1546 522 1572; x_wconf 90' lang='lat' dir='ltr'>omnes</span> <span class='ocrx_word' id='word_1_158' title='bbox 549 1535 694 1572; x_wconf 88' lang='lat' dir='ltr'>mortui</span> <span class='ocrx_word' id='word_1_159' title='bbox 720 1540 929 1584; x_wconf 82' lang='lat' dir='ltr'>resurgent</span> <span class='ocrx_word' id='word_1_160' title='bbox 956 1539 994 1572; x_wconf 94' lang='lat' dir='ltr'>et</span> <span class='ocrx_word' id='word_1_161' title='bbox 1027 1539 1143 1572; x_wconf 90' lang='lat' dir='ltr'>erunt</span> <span class='ocrx_word' id='word_1_162' title='bbox 1175 1533 1325 1585; x_wconf 86' lang='lat' dir='ltr'>aliquae</span> <span class='ocrx_word' id='word_1_163' title='bbox 1357 1533 1490 1572; x_wconf 88' lang='lat' dir='ltr'>huma—</span> 
     </span>
     <span class='ocr_line' id='line_1_25' title="bbox 151 1592 1493 1643; baseline -0.001 -12"><span class='ocrx_word' id='word_1_164' title='bbox 151 1606 222 1632; x_wconf 90' lang='lat' dir='ltr'>nae</span> <span class='ocrx_word' id='word_1_165' title='bbox 261 1595 409 1631; x_wconf 90' lang='lat' dir='ltr'>animae</span> <span class='ocrx_word' id='word_1_166' title='bbox 450 1594 533 1631; x_wconf 91' lang='lat' dir='ltr'>sine</span> <span class='ocrx_word' id='word_1_167' title='bbox 573 1592 804 1643; x_wconf 86' lang='lat' dir='ltr'>corporibus</span> <span class='ocrx_word' id='word_1_168' title='bbox 845 1593 885 1630; x_wconf 92' lang='grc'>111</span> <span class='ocrx_word' id='word_1_169' title='bbox 927 1597 1151 1643; x_wconf 82' lang='lat' dir='ltr'>aeternum,</span> <span class='ocrx_word' id='word_1_170' title='bbox 1190 1604 1287 1643; x_wconf 84' lang='lat' dir='ltr'>quae</span> <span class='ocrx_word' id='word_1_171' title='bbox 1328 1604 1493 1643; x_wconf 84' lang='lat' dir='ltr'>corpora</span> 
     </span>
     <span class='ocr_line' id='line_1_26' title="bbox 150 1652 1492 1703; baseline -0.001 -13"><span class='ocrx_word' id='word_1_172' title='bbox 150 1652 330 1703; x_wconf 82' lang='lat' dir='ltr'>humana,</span> <span class='ocrx_word' id='word_1_173' title='bbox 363 1652 537 1702; x_wconf 82' lang='lat' dir='ltr'>quamvis</span> <span class='ocrx_word' id='word_1_174' title='bbox 569 1653 671 1689; x_wconf 90' lang='lat' dir='ltr'>intra</span> <span class='ocrx_word' id='word_1_175' title='bbox 703 1652 852 1689; x_wconf 87' lang='lat' dir='ltr'>viscera</span> <span class='ocrx_word' id='word_1_176' title='bbox 884 1656 1077 1702; x_wconf 81' lang='lat' dir='ltr'>materna,</span> <span class='ocrx_word' id='word_1_177' title='bbox 1109 1656 1329 1702; x_wconf 82' lang='lat' dir='ltr'>gestarunt;</span> <span class='ocrx_word' id='word_1_178' title='bbox 1361 1656 1428 1689; x_wconf 87' lang='lat' dir='ltr'>aut</span> <span class='ocrx_word' id='word_1_179' title='bbox 1460 1652 1492 1688; x_wconf 90' lang='lat' dir='ltr'>si</span> 
     </span>
    </p>
   </div>
   <div class='ocr_carea' id='block_1_10' title="bbox 1554 0 1575 201">
    <p class='ocr_par' dir='ltr' id='par_1_10' title="bbox 1554 0 1575 201">
     <span class='ocr_line' id='line_1_27' title="bbox 1554 0 1575 201; textangle 90"><span class='ocrx_word' id='word_1_180' title='bbox 1562 188 1570 201; x_wconf 85' lang='lat'><strong>.</strong></span> <span class='ocrx_word' id='word_1_181' title='bbox 1554 0 1575 146; x_wconf 34' lang='lat' dir='ltr'>*ow-sn</span> 
     </span>
    </p>
   </div>
   <div class='ocr_carea' id='block_1_11' title="bbox 152 1710 1558 1762">
    <p class='ocr_par' dir='ltr' id='par_1_11' title="bbox 152 1710 1558 1762">
     <span class='ocr_line' id='line_1_28' title="bbox 152 1710 1558 1762; baseline -0.002 -13"><span class='ocrx_word' id='word_1_182' title='bbox 152 1723 287 1749; x_wconf 91' lang='lat' dir='ltr'>omnes</span> <span class='ocrx_word' id='word_1_183' title='bbox 314 1712 463 1748; x_wconf 86' lang='lat' dir='ltr'>animae</span> <span class='ocrx_word' id='word_1_184' title='bbox 489 1710 679 1747; x_wconf 84' lang='lat' dir='ltr'>humanae</span> <span class='ocrx_word' id='word_1_185' title='bbox 713 1710 905 1759; x_wconf 88' lang='lat' dir='ltr'>recipient</span> <span class='ocrx_word' id='word_1_186' title='bbox 936 1711 1182 1760; x_wconf 81' lang='lat' dir='ltr'>resurgentia</span> <span class='ocrx_word' id='word_1_187' title='bbox 1214 1721 1283 1748; x_wconf 88' lang='lat' dir='ltr'>sua</span> <span class='ocrx_word' id='word_1_188' title='bbox 1316 1721 1492 1762; x_wconf 81' lang='lat' dir='ltr'>corpora,</span> <span class='ocrx_word' id='word_1_189' title='bbox 1552 1726 1558 1730; x_wconf 95' lang='lat'>·</span> 
     </span>
    </p>
   </div>
   <div class='ocr_carea' id='block_1_12' title="bbox 108 1767 1493 1820">
    <p class='ocr_par' dir='ltr' id='par_1_12' title="bbox 108 1767 1493 1820">
     <span class='ocr_line' id='line_1_29' title="bbox 108 1767 1493 1820; baseline -0.001 -13"><span class='ocrx_word' id='word_1_190' title='bbox 108 1779 119 1784; x_wconf 82' lang='lat'>&#39;</span> <span class='ocrx_word' id='word_1_191' title='bbox 153 1781 251 1819; x_wconf 88' lang='lat' dir='ltr'>quae</span> <span class='ocrx_word' id='word_1_192' title='bbox 284 1768 523 1820; x_wconf 78' lang='lat' dir='ltr'>hahuerunt,-</span> <span class='ocrx_word' id='word_1_193' title='bbox 551 1767 787 1818; x_wconf 85' lang='lat' dir='ltr'>ubicumque</span> <span class='ocrx_word' id='word_1_194' title='bbox 820 1768 986 1805; x_wconf 75' lang='lat' dir='ltr'>viventia</span> <span class='ocrx_word' id='word_1_195' title='bbox 1020 1773 1058 1805; x_wconf 89' lang='lat' dir='ltr'>et</span> <span class='ocrx_word' id='word_1_196' title='bbox 1090 1769 1295 1806; x_wconf 89' lang='lat' dir='ltr'>morientia</span> <span class='ocrx_word' id='word_1_197' title='bbox 1326 1767 1493 1818; x_wconf 86' lang='lat' dir='ltr'>relique-</span> 
     </span>
    </p>
   </div>
   <div class='ocr_carea' id='block_1_13' title="bbox 151 1825 1492 2053">
    <p class='ocr_par' dir='ltr' id='par_1_13' title="bbox 151 1825 1492 2053">
     <span class='ocr_line' id='line_1_30' title="bbox 152 1825 1491 1878; baseline -0.002 -12"><span class='ocrx_word' id='word_1_198' title='bbox 152 1833 255 1878; x_wconf 79' lang='lat' dir='ltr'>runt,</span> <span class='ocrx_word' id='word_1_199' title='bbox 288 1839 364 1865; x_wconf 88' lang='grc'>11011</span> <span class='ocrx_word' id='word_1_200' title='bbox 398 1828 553 1865; x_wconf 79' lang='lat' dir='ltr'>invenio</span> <span class='ocrx_word' id='word_1_201' title='bbox 581 1838 696 1876; x_wconf 87' lang='lat' dir='ltr'>quem</span> <span class='ocrx_word' id='word_1_202' title='bbox 729 1825 774 1863; x_wconf 89' lang='lat' dir='ltr'>ad</span> <span class='ocrx_word' id='word_1_203' title='bbox 808 1826 966 1864; x_wconf 88' lang='lat' dir='ltr'>modum</span> <span class='ocrx_word' id='word_1_204' title='bbox 999 1826 1124 1864; x_wconf 85' lang='lat' dir='ltr'>dicam</span> <span class='ocrx_word' id='word_1_205' title='bbox 1156 1825 1201 1864; x_wconf 91' lang='lat' dir='ltr'>ad</span> <span class='ocrx_word' id='word_1_206' title='bbox 1235 1827 1491 1864; x_wconf 88' lang='lat' dir='ltr'>resurrectio-</span> 
     </span>
     <span class='ocr_line' id='line_1_31' title="bbox 152 1885 1492 1936; baseline -0.001 -12"><span class='ocrx_word' id='word_1_207' title='bbox 152 1898 242 1924; x_wconf 87' lang='lat' dir='ltr'>nem</span> <span class='ocrx_word' id='word_1_208' title='bbox 269 1898 346 1923; x_wconf 91' lang='lat' dir='ltr'>non</span> <span class='ocrx_word' id='word_1_209' title='bbox 371 1886 571 1936; x_wconf 88' lang='lat' dir='ltr'>pertinere</span> <span class='ocrx_word' id='word_1_210' title='bbox 600 1890 844 1922; x_wconf 87' lang='lat' dir='ltr'>mortuorum</span> <span class='ocrx_word' id='word_1_211' title='bbox 871 1896 1140 1935; x_wconf 87' lang='lat' dir='ltr'>quoscumque</span> <span class='ocrx_word' id='word_1_212' title='bbox 1167 1889 1343 1922; x_wconf 88' lang='lat' dir='ltr'>mortuos</span> <span class='ocrx_word' id='word_1_213' title='bbox 1376 1885 1492 1922; x_wconf 90' lang='lat' dir='ltr'>etiarn</span> 
     </span>
     <span class='ocr_line' id='line_1_32' title="bbox 151 1942 1492 1994; baseline -0.001 -12"><span class='ocrx_word' id='word_1_214' title='bbox 151 1946 191 1982; x_wconf 87' lang='lat' dir='ltr'>in</span> <span class='ocrx_word' id='word_1_215' title='bbox 217 1945 341 1982; x_wconf 86' lang='lat' dir='ltr'>uteris</span> <span class='ocrx_word' id='word_1_216' title='bbox 368 1949 547 1982; x_wconf 86' lang='lat' dir='ltr'>matrum.</span> <span class='ocrx_word' id='word_1_217' title='bbox 611 1942 686 1980; x_wconf 79' lang='lat' dir='ltr'>Sed</span> <span class='ocrx_word' id='word_1_218' title='bbox 713 1942 942 1980; x_wconf 89' lang='lat' dir='ltr'>utrumlibet</span> <span class='ocrx_word' id='word_1_219' title='bbox 968 1942 1014 1980; x_wconf 91' lang='lat' dir='ltr'>de</span> <span class='ocrx_word' id='word_1_220' title='bbox 1048 1943 1108 1981; x_wconf 89' lang='lat' dir='ltr'>his</span> <span class='ocrx_word' id='word_1_221' title='bbox 1141 1944 1306 1993; x_wconf 88' lang='lat' dir='ltr'>quisque</span> <span class='ocrx_word' id='word_1_222' title='bbox 1339 1943 1492 1994; x_wconf 81' lang='lat' dir='ltr'>sentiat,</span> 
     </span>
     <span class='ocr_line' id='line_1_33' title="bbox 153 1999 1490 2053; baseline -0.001 -13"><span class='ocrx_word' id='word_1_223' title='bbox 153 2003 255 2053; x_wconf 82' lang='lat' dir='ltr'>quod</span> <span class='ocrx_word' id='word_1_224' title='bbox 289 2002 336 2040; x_wconf 89' lang='lat' dir='ltr'>de</span> <span class='ocrx_word' id='word_1_225' title='bbox 369 2003 444 2039; x_wconf 87' lang='lat' dir='ltr'>iam</span> <span class='ocrx_word' id='word_1_226' title='bbox 478 2003 578 2039; x_wconf 85' lang='lat' dir='ltr'>natis</span> <span class='ocrx_word' id='word_1_227' title='bbox 610 2000 823 2038; x_wconf 83' lang='lat' dir='ltr'>infantibus</span> <span class='ocrx_word' id='word_1_228' title='bbox 857 2000 1083 2052; x_wconf 82' lang='lat' dir='ltr'>dixerimus,</span> <span class='ocrx_word' id='word_1_229' title='bbox 1115 2001 1188 2038; x_wconf 81' lang='grc'>1100</span> <span class='ocrx_word' id='word_1_230' title='bbox 1222 2002 1337 2039; x_wconf 83' lang='lat' dir='ltr'>etiam</span> <span class='ocrx_word' id='word_1_231' title='bbox 1369 2000 1416 2038; x_wconf 91' lang='lat' dir='ltr'>de</span> <span class='ocrx_word' id='word_1_232' title='bbox 1448 1999 1490 2038; x_wconf 90' lang='lat' dir='ltr'>il-</span> 
     </span>
    </p>
   </div>
   <div class='ocr_carea' id='block_1_14' title="bbox 83 2060 962 2111">
    <p class='ocr_par' dir='ltr' id='par_1_14' title="bbox 83 2060 962 2111">
     <span class='ocr_line' id='line_1_34' title="bbox 83 2060 962 2111; baseline -0.005 -11"><span class='ocrx_word' id='word_1_233' title='bbox 83 2069 126 2100; x_wconf 88' lang='grc'>30</span> <span class='ocrx_word' id='word_1_234' title='bbox 154 2060 200 2099; x_wconf 88' lang='lat' dir='ltr'>lis</span> <span class='ocrx_word' id='word_1_235' title='bbox 232 2060 536 2111; x_wconf 81' lang='lat' dir='ltr'>intellegendum</span> <span class='ocrx_word' id='word_1_236' title='bbox 569 2065 646 2111; x_wconf 84' lang='lat' dir='ltr'>est,</span> <span class='ocrx_word' id='word_1_237' title='bbox 679 2060 711 2097; x_wconf 90' lang='lat' dir='ltr'>si</span> <span class='ocrx_word' id='word_1_238' title='bbox 744 2064 962 2109; x_wconf 74' lang='lat' dir='ltr'>resurgent.</span> 
     </span>
    </p>
   </div>
  </div>
 </body>
</html>
