1548 2562
388 127 439 152 DE
461 126 649 152 CIVITATE
669 128 739 152 DEI
758 127 793 152 L.
814 127 895 151 xix.
916 128 945 152 c.
967 128 1007 152 18.
1029 129 1070 152 19.
1309 115 1391 157 387

62 216 264 266 creditque
308 215 488 254 sensibus
520 217 560 253 in
592 217 649 253 rei
681 217 871 266 cuiusque
906 215 1113 266 evidentia,
1150 215 1292 265 quibus
1323 228 1394 266 per

62 286 205 325 corpus
237 275 389 312 animus
430 275 572 324 utitur,
611 275 792 324 quoniam
826 273 1085 312 miserabilius
1117 273 1283 324 fallitur,
1326 275 1394 324 qui

61 344 272 382 numquam
298 337 409 383 putat
434 334 491 370 eis
517 343 602 369 esse
635 332 892 383 credendum3
925 332 1048 370 credit
1081 333 1195 370 etiam
1228 333 1393 382 scriptu—

61 392 116 428 ris
148 391 291 428 sanctis
323 396 362 428 et
392 389 590 428 veteribus
622 395 660 428 et
692 392 821 441 novis,
863 403 958 440 quas
992 392 1196 428 canonicas
1229 390 1393 441 appella-

62 460 168 500 mus,
206 448 307 486 unde
346 448 441 486 fides
478 450 560 498 ipsa
602 453 788 499 concepta
828 455 903 500 est,
941 461 987 486 ex
1020 461 1094 499 qua
1126 450 1252 487 iustus
1284 450 1394 499 vivit3
1423 455 1441 485 5

63 519 136 558 per
169 518 283 557 quam
316 509 398 544 sine
437 506 676 544 dubitatione
715 506 972 559 ambulamus,
1010 507 1193 557 quamdiu
1225 509 1395 557 peregri-

64 577 203 603 namur
245 577 264 603 a
304 564 486 616 Domin03
532 577 605 615 qua
650 564 751 603 salva
788 570 902 615 atque
945 570 1050 603 certa
1088 565 1134 603 de
1167 565 1396 615 quibusdam

65 623 196 674 rebus,
228 635 323 674 quas
349 635 477 673 neque
510 635 627 662 sensu
654 635 781 673 neque
815 625 964 661 ratione
990 625 1237 674 percepimus
1270 636 1396 673 neque

64 681 176 719 nobis
203 694 273 732 per
299 683 532 732 scripturam
558 683 784 720 canonicam
809 682 1036 720 claruerunt
1062 694 1133 719 nec
1165 694 1235 732 per
1267 687 1397 733 testes,

64 739 206 790 quibus
249 752 328 778 non
369 740 530 778 credere
571 739 784 778 absurdum
822 746 900 791 est,
939 742 978 778 in
1017 747 1187 778 nostram
1221 742 1396 779 notitiam
1425 748 1467 778 10

62 803 338 850 pervenerunt,
371 800 454 837 sine
486 800 588 836 iusta
620 798 926 849 reprehensione
960 798 1193 836 dubitamus

584 958 738 1000 CAPUT
763 959 877 1000 XIX.

264 1044 324 1082 De
354 1044 492 1081 habitu
525 1047 563 1082 et
592 1045 767 1081 moribus
795 1045 935 1092 populi
969 1044 1197 1081 Christiani.

182 1124 284 1162 Nihil
328 1136 419 1162 sane
462 1123 506 1161 ad
548 1124 660 1162 istam
701 1126 872 1174 pertinet
912 1126 1106 1163 civitatem
1147 1137 1223 1175 quo
1264 1124 1397 1163 habitu

64 1182 123 1220 vel
166 1194 274 1221 more
319 1181 493 1233 vivendi,
539 1183 571 1219 si
615 1194 692 1220 non
734 1188 793 1220 est
836 1188 971 1220 contra
1012 1183 1138 1220 divina
1178 1189 1399 1235 praecepta,
1426 1192 1467 1221 15

66 1243 178 1279 istam
211 1240 344 1292 fidem,
383 1252 456 1290 qua
493 1242 722 1290 pervenitur
754 1241 799 1278 ad
833 1241 972 1292 Deum,
1010 1243 1175 1291 quisque
1209 1248 1398 1293 sectetur3

66 1299 168 1337 unde
206 1300 311 1349 ipsos
350 1310 505 1348 quoque
543 1298 813 1350 philosophos,
851 1299 1004 1349 quando
1044 1298 1252 1338 Christiani
1290 1300 1399 1351 fiunt,

66 1370 142 1395 non
171 1357 345 1395 habitum
371 1356 429 1394 vel
457 1357 779 1395 consuetudinem
812 1359 948 1409 victus,
981 1369 1077 1407 quae
1112 1357 1206 1395 nihil
1237 1358 1400 1408 impedit

66 1415 313 1466 religionem,
356 1415 422 1453 sed
465 1415 557 1453 falsa
603 1415 778 1465 dogmata
823 1422 974 1454 mutare
1020 1416 1228 1466 compellit.
1289 1415 1398 1454 Unde

64 1473 166 1511 illam
200 1485 314 1523 quam
346 1472 466 1511 Varro
499 1473 674 1511 adhibuit
706 1486 751 1511 ex
784 1473 937 1525 Cynicis
969 1474 1244 1526 differentiam,
1277 1476 1309 1512 si
1341 1476 1396 1512 ni-
1424 1483 1468 1514 20

64 1532 118 1570 hil
151 1534 319 1582 turpiter
350 1537 466 1582 atque
498 1533 804 1582 intemperanter
837 1538 941 1583 agat,
974 1534 1131 1570 omnino
1164 1545 1241 1570 non
1275 1539 1397 1571 curat.

66 1589 122 1628 Ex
154 1590 280 1628 tribus
312 1602 403 1628 vero
430 1590 504 1628 illis
536 1592 634 1628 vitae
667 1590 888 1641 generibus,
920 1592 1056 1641 otioso,
1089 1596 1248 1629 actuoso
1281 1597 1319 1629 et
1352 1604 1397 1629 ex

66 1655 234 1698 utroque
273 1650 507 1699 composito,
546 1651 720 1698 quamvis
759 1649 859 1686 salva
900 1649 973 1686 fide
1007 1650 1172 1698 quisque
1204 1651 1328 1699 possit
1359 1651 1397 1687 in

67 1706 239 1757 quolibet
277 1718 414 1744 eorum
451 1708 567 1744 vitam
609 1707 752 1744 ducere
793 1713 830 1745 et
868 1707 913 1744 ad
955 1708 1191 1757 sempiterna
1228 1709 1398 1757 praemia

66 1767 295 1815 pervenire,
339 1766 504 1802 interest
553 1770 681 1803 tamen
728 1765 819 1814 quid
865 1777 994 1803 amore
1039 1770 1170 1803 teneat
1212 1767 1398 1818 veritatis,
1424 1773 1467 1805 25

68 1823 159 1873 quid
192 1824 319 1861 officio
352 1824 523 1861 caritatis
560 1823 755 1873 inpendat.
816 1823 895 1861 Nec
928 1825 983 1861 sic
1015 1835 1100 1861 esse
1134 1825 1299 1873 quisque
1332 1824 1396 1862 de-

68 1881 133 1919 bet
165 1882 331 1933 otiosus,
362 1887 406 1919 ut
436 1882 475 1919 in
510 1881 646 1919 eodem
678 1883 756 1919 otio
788 1881 993 1919 utilitatem
1027 1893 1103 1919 non
1137 1883 1280 1931 cogitet
1311 1894 1398 1932 pro-

68 1941 180 1991 ximi,
212 1951 284 1978 nec
315 1941 370 1978 sic
403 1945 605 1991 actuosus,
646 1945 688 1978 ut
719 1940 1083 1990 contemplationem
1117 1952 1193 1977 non
1226 1942 1400 1990 requirat

67 1996 148 2036 Dei.
213 1998 254 2035 ln
293 2000 370 2036 otio
409 2010 487 2036 non
519 2000 625 2036 iners
658 2001 802 2036 vacatio
834 1998 1027 2036 delectare
1061 1998 1192 2049 dehet,
1234 1999 1301 2036 sed
1334 2005 1400 2038 aut

68 2057 268 2106 inquisitio
296 2061 361 2094 aut
392 2058 563 2095 inventio
589 2058 773 2107 veritatiS,
806 2062 849 2095 ut
879 2058 919 2095 in
951 2068 995 2095 ea
1027 2058 1192 2106 quisque
1223 2058 1400 2107 proficiat
1425 2066 1469 2098 30

163 2160 196 2197 5)
224 2156 334 2191 Abac.
362 2161 394 2201 2,
420 2161 451 2191 4.
503 2159 536 2201 7)
562 2162 592 2191 2.
621 2156 699 2192 Cor.
727 2161 759 2200 5,
787 2162 818 2192 6.

162 2288 182 2319 8
208 2285 428 2329 percipimus
453 2285 559 2330 Aaby

1047 2345 1117 2377 25*
