1495 2489
49 710 88 740 10

46 1002 87 1032 15

43 1293 87 1324 20

42 1585 85 1614 25

40 1875 84 1906 30

116 77 171 118 80
651 85 678 111 s.
698 85 914 112 Amusrnu

115 177 216 214 sicut
247 176 374 228 potui,
407 171 637 227 disputavi);
676 176 830 213 sexiens
863 181 992 214 autem
1025 178 1126 227 seni,
1165 179 1232 227 qui
1264 188 1452 216 numerus

116 234 348 285 quadratum
393 235 589 272 senarium
634 234 744 285 facit,
788 235 947 284 triginta
991 246 1059 272 sex
1103 235 1186 273 dies
1231 242 1341 287 sunt3
1386 237 1454 286 qui

115 292 359 343 multiplicati
392 292 550 330 deciens
582 291 629 329 ad
667 297 865 330 trecentos
898 294 1096 342 sexaginta
1122 296 1376 345 perveniunt,
1413 293 1451 332 id

116 356 175 389 est
201 350 405 389 duodecim
433 362 587 388 menses
613 349 781 388 lunares.
842 350 1009 401 Propter
1035 353 1208 402 quinque
1234 352 1316 390 dies
1349 353 1453 391 enim

115 409 304 460 reliquos,
343 407 484 458 quibus
517 408 653 446 solaris
685 420 810 447 annus
842 409 1042 461 impletur,
1083 415 1122 448 et
1154 410 1230 448 diei
1263 409 1453 460 quadran-

115 474 204 519 tem,
235 473 396 518 propter
423 479 539 517 quem
566 472 704 517 quater
729 467 889 506 ductum
916 480 961 506 eo
989 480 1101 520 anno,
1134 480 1210 518 quo
1237 468 1453 508 bissextum

116 531 264 576 vocant,
296 537 398 563 unus
431 525 514 563 dies
547 525 733 577 adicitur,
765 525 1005 564 addebantur
1037 539 1057 564 a
1089 527 1287 565 veteribus
1318 535 1452 578 postea

115 584 215 635 dies,
248 589 291 621 ut
322 589 550 621 occurreret
582 596 770 622 numerus
802 596 1011 636 annorum,
1044 597 1142 635 quos
1175 585 1257 623 dies
1290 585 1454 624 Romani

115 641 366 680 intercalares
398 641 597 680 vocabant.
658 642 826 681 Proinde
860 644 975 681 etiam
1007 642 1131 695 Enos,
1170 656 1287 694 quem
1319 646 1454 695 genuit

117 700 223 751 Seth,
257 701 393 738 decem
419 706 458 738 et
484 712 622 738 novem
649 700 785 751 agebat
810 713 943 753 annos,
976 701 1130 751 quando
1164 714 1210 740 ex
1242 702 1306 740 illo
1339 709 1453 741 natus

116 764 175 797 est
207 758 308 796 fillus
341 760 426 797 eius
459 758 619 807 Canum,
659 771 757 809 quos
790 771 911 797 annos
943 759 1037 798 dicit
1068 762 1262 811 scriptura
1294 767 1452 800 centum

114 819 334 867 nonaginta.
396 816 445 855 Et
482 817 666 868 deinceps
698 830 768 868 per
800 830 935 856 omnes
967 820 1256 870 generationeS,
1296 821 1335 858 in
1369 822 1451 870 qui-

114 875 188 914 bus
220 876 420 914 hominum
453 877 543 914 anni
576 882 932 914 commemorantur
963 882 1051 915 ante
1085 877 1290 929 diluvium,
1322 878 1453 917 nullus

115 934 196 971 fere
235 935 275 971 in
314 935 458 972 nostris
497 934 698 972 codicibus
730 936 944 986 invenitur,
982 937 1066 986 qui,
1105 947 1195 973 cum
1227 941 1331 975 esset
1363 949 1451 975 cen-

115 998 198 1030 tum
232 1004 422 1030 annorum
459 992 515 1030 vel
550 994 650 1030 infra
682 992 741 1031 vel
774 995 888 1031 etiam
921 999 1077 1032 centum
1111 995 1245 1043 viginti
1276 999 1343 1033 aut
1374 1007 1453 1034 non

113 1050 236 1089 multo
281 1050 463 1102 amplius,
507 1052 686 1101 genuerit
730 1051 868 1102 filium,
914 1051 980 1089 sed
1026 1053 1093 1102 qui
1130 1054 1288 1090 minima
1327 1059 1451 1092 aetate

113 1114 346 1160 genuerunt,
380 1115 537 1147 centum
570 1111 780 1160 sexaginta,
813 1116 851 1148 et
884 1110 987 1160 quod
1021 1112 1205 1162 excurrit,
1238 1111 1358 1149 fuisse
1391 1124 1450 1150 re-

113 1168 313 1219 seruntur3
347 1169 435 1217 quia
462 1179 588 1219 nemo,
620 1170 814 1220 inquiunt,
847 1169 981 1206 decem
1009 1181 1199 1206 annorum
1225 1169 1340 1207 homo
1367 1177 1450 1221 pot-

113 1231 171 1263 est
198 1227 356 1276 gignere
384 1225 494 1278 filios,
527 1228 593 1276 qui
626 1238 814 1265 numerus
847 1232 1003 1265 centum
1036 1227 1329 1277 appellabantur
1361 1231 1452 1267 anni

114 1283 160 1322 ab
180 1284 255 1321 illis
275 1283 515 1335 hominibus3
549 1285 615 1322 sed
643 1286 682 1322 in
709 1286 819 1323 annis
846 1285 1015 1323 sedecim
1042 1292 1101 1323 est
1126 1292 1276 1324 matura
1309 1286 1451 1337 puber-

113 1348 171 1380 tas
215 1347 254 1380 et
297 1342 396 1393 proli
439 1344 514 1380 iam
558 1343 697 1380 idonea
740 1343 1024 1395 procreandae,
1069 1356 1166 1394 quos
1210 1351 1369 1383 centum
1413 1351 1452 1384 et

113 1402 312 1451 sexaginta
357 1412 478 1438 annos
528 1401 591 1438 illa
642 1407 816 1453 tempora
860 1401 1148 1452 nuncupabant.
1222 1402 1272 1440 Ut
1321 1409 1451 1449 autem

113 1459 224 1497 aliter
256 1471 400 1497 annum
440 1464 533 1497 tnnc
573 1460 691 1498 fuisse
731 1466 985 1511 conputatum
1018 1473 1095 1498 non
1129 1462 1177 1498 sit
1209 1461 1450 1511 incredibile,

113 1518 285 1556 adiciunt
317 1517 420 1567 quod
460 1517 559 1568 apud
599 1518 807 1568 plerosque
841 1520 1054 1569 scriptores
1086 1519 1271 1557 historiae
1303 1521 1450 1570 reperi-

114 1581 190 1627 tur,
223 1576 431 1626 Aegyptios
459 1576 641 1614 habuisse
669 1589 812 1615 annum
845 1582 1030 1627 quattuor
1062 1589 1252 1630 mensum,
1284 1578 1448 1616 Acarna-

112 1646 180 1672 nas
232 1646 299 1672 sex
346 1646 548 1686 mensum,
592 1634 771 1673 Lavinios
816 1635 1004 1673 tredecim
1050 1647 1238 1674 mensum.
1300 1635 1450 1675 Plinius

113 1692 318 1730 Secundus
359 1705 447 1731 cum
488 1699 833 1732 commemorasset
870 1693 1034 1732 relatum
1077 1694 1197 1732 fnisse
1228 1696 1267 1732 in
1300 1694 1450 1733 litteras

111 1750 304 1801 quendam
330 1752 471 1789 vixisse
499 1758 656 1789 centum
683 1754 962 1802 quinquaginta
989 1752 1086 1790 duos
1112 1750 1300 1804 <annos>,
1332 1753 1450 1791 alium

112 1809 451 1860 dece111·ampliuS,
483 1809 577 1847 alios
603 1809 862 1848 ducentorum
890 1822 1080 1848 annorum
1106 1810 1287 1848 habuisse
1322 1813 1449 1864 vitam,

111 1867 205 1905 alios
226 1872 504 1919 trecentorum,
538 1868 724 1917 quosdam
751 1868 796 1905 ad
825 1869 1070 1920 quingentos,
1102 1868 1195 1906 alios
1221 1868 1266 1906 ad
1295 1881 1447 1908 sescen-

111 1932 182 1977 tOS,
215 1925 422 1963 nonnullos
449 1925 495 1963 ad
523 1927 767 1975 octingentos
789 1928 902 1963 etiam
930 1927 1165 1977 pervenisse,
1199 1926 1293 1965 haec
1321 1929 1449 1966 omnia

111 1984 263 2021 inscitia
303 1989 523 2034 temporum
557 1983 744 2022 accidisse
778 1983 989 2022 arbitratus
1023 1990 1092 2023 est.
1154 1985 1258 2035 „Alii
1291 1987 1448 2038 quippe,

204 2063 261 2103 27)
287 2060 330 2095 H.
358 2061 401 2096 N.
430 2065 463 2104 7,
488 2065 531 2096 48
558 2062 641 2104 (49).

204 2158 223 2188 2
252 2128 348 2188 sunt*
369 2154 531 2196 VRAF,·
556 2154 648 2188 fiunt
672 2156 786 2198 υ1126
812 2166 979 2189 mensum
1007 2155 1152 2189 VRAF
1175 2157 1323 2200 itemque
1347 2157 1447 2190 dein—

109 2210 188 2244 ceps
212 2203 347 2245 (proma
373 2212 408 2244 p.
439 2204 519 2244 19)‚·
545 2201 725 2235 mensium
752 2213 771 2235 v
791 2204 802 2245 Η
822 2206 865 2236 28
893 2213 1007 2236 annos
1032 2213 1096 2237 om.
1133 2202 1277 2236 VRAF
1293 2204 1306 2247 ΙΙ
1325 2206 1367 2237 32
1393 2203 1447 2237 in-

110 2247 216 2281 scitia
249 2247 412 2289 VARF;
438 2249 588 2293 propter
612 2248 843 2282 inscientiam
872 2249 981 2283 Parr.
1007 2248 1061 2292 (Β)
1084 2259 1104 2282 v
