1548 2562
407 181 459 206 DE
479 180 669 206 CIVITATE
688 181 757 206 DEI
777 181 809 206 L.
829 181 892 206 xv.
913 180 941 207 c.
962 182 1003 206 20.
1290 174 1370 214 101

40 267 228 322 Lamech)
266 269 425 308 ducenti
463 274 502 307 et
540 270 791 320 quadraginta
830 275 921 308 sunt
957 271 1064 308 anni:
1107 282 1201 309 num
1242 272 1372 321 itaque

40 334 121 367 toto
147 328 286 366 deinde
313 333 488 378 tempore
515 340 639 378 usque
667 328 713 365 ad
739 327 925 366 diluvium
952 340 1029 366 non
1055 327 1373 378 generaverunt?

41 387 124 432 Qua
162 386 319 424 tandem
356 397 489 436 causa,
528 388 594 435 qui
632 386 726 423 haec
759 387 933 437 scripsit,
965 388 1237 436 generationes
1270 400 1372 426 com-

40 456 257 483 memorare
294 443 418 482 noluit
456 455 553 494 quae
595 442 844 493 sequuntur?
891 444 988 482 Nam
1020 457 1066 483 ex
1098 444 1216 483 Adam
1248 458 1373 496 usque

40 503 86 541 ad
124 502 310 540 diluvium
348 507 611 552 conputantur
649 503 739 539 anni
779 503 993 541 secundum
1032 503 1186 541 codices
1218 509 1374 542 nostros

40 561 116 600 duo
172 561 275 598 milia
324 560 482 598 ducenti
531 561 728 610 sexaginta
773 560 865 611 du03
913 561 1128 599 secundum
1176 561 1375 600 Hebraeos

41 624 171 657 autem
217 618 320 656 mille
365 619 534 656 sescenti
578 619 856 668 quinquaginta
901 631 978 657 sex.
1040 619 1090 657 Ut
1127 632 1219 670 ergo
1257 622 1375 659 istum

40 688 249 715 numerum
273 678 466 715 minorem
492 676 696 715 credamus
728 688 813 714 esse
846 678 1050 729 veriorem,
1082 677 1128 715 de
1160 678 1262 716 mille
1296 691 1375 717 ses-

41 736 166 774 centis
209 736 488 785 quinquaginta
524 746 591 773 sex
635 736 745 772 annis
777 734 935 773 ducenti
968 736 1219 785 quadraginta
1249 736 1374 775 detra-

41 793 201 832 hantur:
234 793 423 843 numquid
451 792 634 831 credibile
662 798 721 831 est
751 805 821 843 per
853 793 955 830 mille
988 794 1305 847 quadringentos,
1337 800 1376 833 et

42 851 145 902 quod
188 853 378 903 excurrit,
421 863 560 903 annos,
601 852 666 902 qui
698 856 848 889 restant
879 864 1002 901 usque
1036 851 1243 904 diluvium,
1287 865 1376 904 pro-

40 911 194 960 geniem
227 909 319 948 Cain
352 922 372 948 a
404 909 721 960 generationibus
752 921 887 947 vacare
914 908 1118 960 potuisse?

161 967 235 1006 Sed
265 969 331 1018 qui
357 980 403 1006 ex
429 968 502 1006 hoc
529 974 717 1019 movetur,
749 969 981 1019 meminerit,
1014 980 1102 1006 cum
1135 981 1377 1022 quaererem,

42 1038 118 1076 quo
152 1026 264 1064 modo
298 1026 536 1064 credendum
574 1027 624 1064 sit
655 1027 834 1076 antiquos
872 1026 957 1064 illos
989 1026 1166 1064 homines
1197 1039 1267 1077 per
1299 1033 1377 1065 tam

41 1084 184 1122 multos
224 1096 345 1122 annos
383 1097 403 1122 a
441 1084 644 1135 gignendis
684 1084 770 1122 filiis
802 1096 955 1122 cessare
986 1086 1179 1136 potuisse,
1224 1085 1375 1123 duobus

42 1142 167 1181 modis
192 1144 306 1181 istam
332 1142 497 1181 solutam
523 1155 608 1181 esse
636 1144 920 1192 quaestionem:
952 1148 1018 1181 aut
1044 1143 1090 1181 de
1118 1155 1204 1181 sera
1235 1143 1377 1194 puber-

43 1206 134 1252 tate,
166 1202 420 1252 proportione
453 1207 530 1239 tam
562 1201 697 1251 longae
731 1202 845 1252 vitae,
878 1206 943 1240 aut
975 1201 1021 1239 de
1055 1202 1142 1239 filiis
1175 1203 1241 1252 qui
1274 1214 1376 1240 com-

43 1265 309 1298 memorantur
346 1261 386 1298 in
425 1259 760 1311 generationibus,
798 1260 902 1309 quod
942 1272 1017 1297 non
1058 1260 1203 1298 fuerint
1234 1262 1376 1310 primo-

43 1319 176 1369 geniti,
208 1317 274 1356 sed
307 1317 359 1369 hi,
390 1330 461 1368 per
493 1330 589 1368 quos
623 1318 668 1356 ad
702 1330 802 1369 eum,
836 1330 950 1368 quem
983 1318 1210 1356 intendebat
1241 1324 1377 1356 auctor

42 1375 148 1428 libri,
191 1381 344 1426 poterat
382 1377 594 1427 perveniri,
639 1378 740 1414 sicut
778 1376 822 1414 ad
862 1376 942 1413 Noe
980 1378 1019 1414 in
1057 1376 1410 1426 generationibus·

43 1434 149 1473 Seth.
210 1434 379 1472 Proinde
423 1436 462 1473 in
505 1434 823 1485 generationibus
863 1434 973 1486 Cain,
1017 1436 1049 1472 si
1087 1447 1164 1472 non
1204 1436 1377 1473 occurrit

43 1494 109 1543 qui
147 1491 309 1531 deberet
348 1493 515 1544 intendi,
557 1493 602 1530 ad
641 1505 756 1543 quem
788 1494 1075 1543 praetermissis
1106 1494 1377 1543 primogenitis

42 1563 112 1602 per
145 1563 223 1603 eOS,
255 1553 322 1601 qui
354 1553 645 1589 commemorati
677 1557 787 1602 sunt,
818 1552 1013 1601 perveniri
1045 1551 1259 1602 oportebat,
1292 1563 1377 1589 sera

42 1608 227 1660 pubertas
265 1609 523 1660 intellegenda
561 1609 740 1660 restabit,
778 1615 822 1647 ut
861 1609 1055 1658 aliquanto
1094 1614 1182 1659 post
1219 1614 1377 1647 centum

1402 804 1445 834 10

1404 1092 1445 1124 15

44 1679 165 1705 annos
196 1666 365 1718 puberes
397 1667 621 1718 habilesque
663 1667 708 1705 ad
741 1667 977 1717 gignendum
1010 1667 1100 1704 facti
1133 1667 1295 1718 fuerint,
1333 1672 1377 1705 ut
1403 1675 1446 1706 25

44 1726 138 1764 ordo
182 1727 477 1776 generationum
523 1737 594 1776 per
637 1726 918 1776 primogenitos
957 1730 1136 1763 curreret
1177 1730 1215 1763 et
1252 1737 1376 1775 usque

45 1783 232 1822 diluvium
269 1783 315 1822 ad
354 1795 561 1822 numerum
600 1795 790 1822 annorum
822 1788 949 1821 tantae
984 1784 1209 1833 quantitatis
1242 1795 1376 1821 occur-

44 1848 161 1880 reret.
225 1841 407 1887 Quamvis
439 1842 523 1880 fieri
554 1843 695 1894 possit,
728 1847 771 1880 ut
801 1846 962 1892 propter
994 1841 1160 1891 aliquam
1193 1842 1376 1880 secretio-

44 1912 128 1938 rem
166 1912 339 1952 causam,
382 1912 481 1950 quae
519 1912 580 1938 me
619 1900 729 1952 latet,
770 1912 894 1950 usque
934 1899 979 1937 ad
1011 1899 1177 1937 Lamech
1216 1905 1254 1937 et
1293 1901 1376 1937 eius

44 1958 142 1997 filios
179 1960 475 2009 generationum
518 1960 769 2009 perveniente
814 1963 999 1996 contextu
1037 1957 1376 1996 commendaretur
1403 1966 1447 1996 30

44 2016 138 2055 haec
171 2018 316 2068 civitas,
349 2028 465 2067 quam
490 2016 655 2055 dicimus
687 2028 773 2055 esse
806 2022 1013 2067 terrenam,
1046 2028 1088 2053 ac
1121 2015 1261 2054 deinde
1294 2028 1375 2054 ces-

46 2079 149 2113 saret
181 2076 348 2126 scriptor
382 2074 470 2113 libri
503 2087 806 2113 commemorare
840 2080 1010 2125 ceteraS,
1043 2086 1140 2124 quae
1173 2085 1297 2124 usque
1331 2074 1376 2111 ad

46 2132 232 2171 diluvium
271 2145 356 2171 esse
394 2138 618 2183 potuerunt.
681 2133 815 2171 Potest
847 2137 884 2170 et
915 2131 977 2169 illa
1010 2144 1094 2170 esse
1129 2144 1264 2184 causa,
1306 2144 1377 2170 cur

118 2295 158 2344 ⁶1
186 2292 223 2325 et
247 2301 310 2327 om.
337 2291 373 2325 R
397 2293 409 2335 ΙΙ
436 2296 475 2326 11
503 2295 535 2326 et
560 2295 604 2326 26
635 2302 750 2335 usque
784 2290 869 2332 VR,·
901 2301 1015 2334 usque
1048 2290 1094 2324 ad
1119 2291 1175 2324 Av
1195 2293 1206 2334 Η
1226 2294 1268 2324 23
1295 2301 1375 2335 per-

46 2348 168 2372 venire
193 2348 213 2372 v
