1548 2562
425 172 478 196 DE
497 170 684 196 c1va⁷rE
704 170 772 195 DEI
791 170 824 195 L.
845 170 928 194 XXI.
949 169 977 195 c.
998 170 1021 196 7.,
1040 171 1065 195 8.
1326 159 1410 200 503

86 263 151 312 qui
187 263 228 299 in
266 260 385 299 Gallia
423 259 588 298 similem
629 264 789 297 nossent
826 271 903 297 non
941 258 1053 309 longe
1091 270 1112 296 a
1149 257 1412 308 Gratianopoli

85 321 248 358 civitate.
309 318 363 356 De
401 317 593 356 fructibus
631 322 759 355 autem
799 311 982 355 arborum
1015 316 1302 355 Sodomitarum
1334 327 1411 353 non

84 383 233 416 tantum
274 376 425 415 litterae
469 376 542 414 fide
585 375 720 426 dignae
767 375 958 427 indicant,
1001 386 1137 413 verum
1178 375 1293 413 etiam
1334 379 1412 412 tam

83 435 195 474 multi
221 447 261 473 se
288 435 502 485 loquuntur
528 439 721 485 expertos,
751 438 795 472 ut
820 433 909 471 hinc
936 432 1113 472 dubitare
1144 444 1223 471 non
1254 433 1411 483 possim.

84 494 221 532 Cetera
262 505 352 531 vero
396 494 450 531 sic
491 491 635 544 habeo,
672 497 717 530 ut
756 503 882 542 neque
924 492 1098 542 neganda
1135 503 1262 542 neque
1300 490 1411 529 adfir-

85 552 221 590 manda
263 551 520 601 decreverim3
560 549 628 588 sed
665 549 752 588 ideo
791 551 905 588 etiam
944 552 1026 600 ipsa
1057 551 1188 601 posui,
1230 550 1412 600 quoniam

85 610 184 661 apud
215 622 362 661 eorum,
388 615 522 648 contra
549 621 646 659 quos
673 610 833 660 agimus,
864 608 1071 647 historicos
1097 608 1184 659 legi,
1217 613 1259 646 ut
1284 613 1412 646 osten-

86 668 217 706 derem
245 668 369 719 qualia
394 667 514 706 multa
539 667 728 717 multique
760 666 916 705 illorum
947 666 1051 705 nulla
1082 666 1231 704 reddita
1264 667 1413 704 ratione

84 728 124 765 in
157 739 317 765 suorum
348 726 608 764 litteratorum
640 727 782 776 scripta
814 725 954 763 litteris
987 724 1165 777 credant,
1205 726 1270 775 qui
1302 723 1414 762 nobis

85 785 257 837 credere,
289 784 442 835 quando
474 784 530 835 id,
563 783 665 834 quod
697 795 834 822 eorum
865 784 1146 834 experientiam
1177 794 1413 832 sensumque

85 843 381 894 transgreditur,
413 844 718 893 omnipotentem
744 841 867 880 Deum
894 842 1058 880 dicimus
1090 853 1175 879 esse
1208 841 1415 892 facturum,

86 913 157 940 nco
189 901 338 940 reddita
370 903 518 939 ratione
552 900 769 951 dignantur.
831 899 926 938 Nam
959 912 1056 950 quae
1090 899 1225 938 melior
1257 904 1295 937 et
1325 898 1414 936 vali-

86 959 170 997 dior
214 961 310 998 ratio
351 959 396 997 de
436 958 554 997 rebus
592 958 732 996 talibus
770 958 967 1009 redditur,
1006 970 1120 1008 quam
1162 970 1248 996 cum
1282 956 1415 995 Omni-

85 1024 224 1068 potens
269 1030 312 1056 ea
356 1029 470 1068 posse
516 1018 643 1054 facere
688 1016 918 1067 perhibetur
962 1021 1000 1054 et
1044 1016 1218 1054 facturus
1262 1015 1415 1066 (ficitur,

86 1088 182 1125 quae
215 1077 508 1126 praenuntiasse
541 1074 593 1113 ibi
625 1074 787 1126 legitur,
817 1074 882 1112 ubi
915 1074 986 1112 alia
1017 1074 1137 1112 multa
1168 1074 1414 1125 praenuntia-

86 1135 150 1186 vit,
182 1146 279 1184 quae
312 1134 451 1172 fecisse
483 1131 750 1171 monstratur?
800 1132 885 1183 lpse
919 1134 1061 1183 quippe
1094 1133 1220 1184 faciet,
1253 1133 1342 1182 quia
1375 1143 1415 1169 se

85 1193 279 1230 facturum
320 1203 405 1230 esse
443 1191 652 1242 praedixit,
691 1203 788 1241 quae
827 1190 1068 1241 inpossibilia
1104 1195 1311 1241 putantur,
1351 1191 1417 1240 qui

84 1251 263 1300 promisit
303 1255 341 1288 et
382 1250 474 1288 fecit
511 1255 554 1287 ut
600 1248 646 1287 ab
694 1248 905 1287 incredulis
949 1248 1132 1299 gentibus
1176 1247 1417 1287 incredibilia

86 1308 350 1346 crederentur.

600 1443 754 1485 CAPUT
781 1443 896 1484 VIII.

147 1530 232 1567 Non
265 1541 348 1567 esse
379 1533 522 1568 eontra
554 1533 759 1578 mauram,
793 1539 881 1565 cum
913 1530 953 1566 in
987 1529 1123 1575 aliqua
1154 1540 1211 1574 re,
1245 1530 1359 1566 evius

188 1592 337 1626 natura
370 1589 550 1633 innotuit,
584 1587 738 1634 aliquid
768 1587 817 1624 ab
850 1597 894 1624 eo
927 1588 1034 1633 quod
1063 1590 1152 1625 erat
1184 1592 1317 1623 notum

501 1646 641 1693 incipi!
672 1656 755 1682 esse
787 1645 995 1681 diversum.

207 1725 248 1764 Si
279 1731 408 1764 autem
433 1725 671 1776 respondent
702 1729 909 1775 propterea
942 1736 982 1762 se
1016 1736 1093 1762 non
1126 1723 1287 1762 credere
1321 1735 1418 1774 quae

89 1784 136 1822 de
174 1784 352 1822 humanis
391 1795 544 1834 semper
583 1784 730 1821 arsuris
767 1794 839 1820 nec
877 1794 1061 1832 umquam
1100 1783 1301 1820 morituris
1334 1793 1417 1820 cor-

89 1841 250 1894 poribus
282 1842 457 1893 dicimus,
490 1842 579 1892 quia
610 1841 869 1879 humanorum
902 1852 1111 1891 corporum
1143 1845 1320 1878 naturam
1352 1852 1419 1878 no-

89 1902 214 1939 vimus
258 1900 370 1951 longe
409 1899 519 1938 aliter
559 1901 796 1950 institutam,
836 1898 939 1937 unde
982 1911 1053 1937 nec
1091 1898 1153 1936 illa
1192 1899 1290 1936 ratio
1329 1898 1419 1936 hinc

90 1958 200 1996 reddi
231 1964 371 2010 potest,
403 1970 501 2009 quae
534 1958 580 1996 de
612 1957 686 1996 illis
719 1957 867 1996 naturis
899 1956 1140 1995 mirabilibus
1173 1955 1420 2008 reddebatur,

90 2022 134 2055 ut
160 2016 236 2055 dici
261 2018 401 2067 possit:
432 2015 520 2068 „Vis
547 2018 620 2054 ista
645 2015 830 2054 naturalis
857 2020 927 2067 est,
959 2016 1016 2053 rei
1042 2015 1157 2053 huius
1184 2016 1256 2053 ista
1282 2020 1420 2053 natura

92 2071 195 2126 est“;
240 2076 421 2125 quoniam
462 2076 605 2113 scimus
651 2073 840 2112 humanae
890 2074 1018 2111 carnis
1061 2075 1175 2111 istam
1214 2085 1293 2111 non
1334 2085 1418 2111 esse

91 2137 286 2171 naturam:
318 2132 504 2171 habemus
543 2132 698 2182 quidem
730 2131 832 2182 quod
865 2130 1171 2182 respondeamus
1202 2130 1248 2169 de
1280 2130 1420 2170 litteris

91 2191 231 2243 sacris,
267 2189 366 2228 hanc
406 2192 529 2241 ipsam
562 2190 711 2228 scilicet
742 2189 948 2228 humanam
981 2201 1137 2228 carnem
1168 2189 1280 2227 aliter
1311 2190 1420 2228 insti-

184 2330 226 2360 31
254 2325 343 2369 quid
367 2325 402 2359 A

1441 789 1483 818 10

1445 1080 1485 1110 15

1446 2081 1489 2110 30
