1495 2489
16 707 58 738 10

17 1001 58 1031 15

16 1294 60 1325 20

18 1587 61 1617 25

20 1879 63 1909 30

83 75 138 115 84
641 82 668 107 s.
687 82 905 108 AUGUS'HNI

84 175 188 211 venit
214 178 390 223 aetatem,
417 171 652 221 eosdemque
679 176 768 221 post
793 172 944 221 genitos
971 171 1081 223 filios,
1113 177 1157 210 ut
1182 179 1420 222 congrueret

83 243 245 279 summa,
278 231 455 269 detraxit.
520 228 583 267 Sic
610 230 752 279 quippe
786 229 906 268 voluit
939 230 1145 268 credibiles
1178 230 1305 268 facere
1338 230 1418 269 ido-

83 302 245 328 nearum
271 288 514 340 generandae
547 287 647 338 proli
679 289 969 327 convenientias
1002 294 1183 340 aetatum,
1215 294 1259 327 ut
1290 294 1419 328 tamen

84 360 247 387 numero
286 359 363 385 non
403 346 602 384 fraudaret
633 347 834 384 universas
866 352 1011 385 aetates
1044 349 1255 386 viventium
1288 349 1418 398 singu·

83 407 221 446 lorum.
285 405 395 451 Quod
429 410 558 443 autem
588 406 629 442 in
663 410 770 442 sexta
801 407 1051 455 generatione
1085 418 1162 443 non
1196 406 1304 457 fecit,
1345 406 1419 444 hoc

84 468 211 516 ipsum
244 470 302 502 est
329 464 432 514 quod
465 465 585 513 magis
617 469 749 501 monet
780 463 867 501 ideo
899 463 1007 502 illum
1040 465 1191 515 secisse,
1223 476 1313 503 cum
1344 477 1420 516 res,

84 536 199 574 quam
232 523 415 574 dicimus,
447 521 673 572 postulavit,
706 523 793 572 quia
827 534 904 560 non
937 523 1046 573 fecit,
1078 522 1145 560 ubi
1178 534 1254 560 non
1286 529 1418 573 postu-

84 583 184 620 lavit.
247 581 398 618 Invenit
442 592 607 630 namque
651 582 690 618 in
733 580 866 618 eadem
908 583 1158 631 generatione
1203 581 1303 631 apud
1345 581 1419 620 He-

84 640 222 679 braeos
255 640 394 677 vixisse
436 638 564 690 Iared,
603 644 809 689 antequam
841 641 1041 689 genuisset
1072 638 1224 691 Enoch,
1262 647 1421 679 centum

85 700 283 749 sexaginta
327 697 424 735 duos
469 695 668 749 (annos),
713 699 779 747 qui
824 697 1040 736 secundum
1083 697 1185 736 illam
1229 699 1421 737 rationem

84 758 261 796 brevium
303 768 492 794 annorum
537 756 635 794 liunt
676 757 766 793 anni
811 756 981 793 sedecim
1026 761 1064 794 et
1106 756 1249 806 aliquid
1290 759 1420 796 minus

85 828 200 867 quam
238 827 393 853 menses
431 814 525 866 duo;
563 826 661 864 quae
700 816 774 852 iam
813 820 917 852 aetas
955 820 1042 865 apta
1081 820 1140 852 est
1177 814 1223 852 ad
1262 816 1419 865 gignen-

84 875 196 926 dum,
236 879 275 912 et
306 874 392 912 ideo
425 872 566 911 addere
600 878 757 911 centum
790 885 912 910 annos
943 872 1099 925 breves,
1137 878 1180 911 ut
1212 875 1337 912 nostri
1368 875 1420 912 vi-

84 935 181 984 ginti
208 945 274 971 sex
301 932 452 984 fierent,
484 943 644 969 necesse
678 943 755 969 non
788 932 872 982 suit,
904 943 976 969 nec
1008 936 1096 982 post
1128 937 1259 969 natum
1286 931 1422 970 Enoch

86 1004 153 1030 eos
203 991 432 1042 detrahere,
489 1002 586 1040 quos
638 1002 714 1027 non
764 989 963 1028 addiderat
1012 996 1099 1028 ante
1150 996 1294 1029 natum.
1357 990 1421 1029 Sic

88 1052 231 1089 sactum
275 1055 334 1088 est
387 1054 431 1087 ut
480 1048 543 1086 hic
593 1048 695 1086 nulla
740 1054 844 1086 esset
887 1050 990 1086 inter
1034 1048 1188 1086 codices
1231 1054 1420 1099 utrosque

86 1110 260 1147 varietas.

205 1166 279 1205 Sed
318 1177 457 1204 rursus
490 1171 634 1217 movet,
676 1177 747 1203 cur
779 1166 818 1203 in
851 1170 983 1203 octava
1015 1166 1283 1216 generatione,
1316 1172 1421 1204 ante-

87 1238 202 1277 quam
239 1225 285 1263 de
318 1224 571 1262 Mathusalam
610 1228 838 1261 nasceretur
869 1223 1053 1275 Lamech,
1095 1235 1183 1261 cum
1215 1224 1315 1274 apud
1348 1223 1421 1262 He-

87 1285 225 1323 braeos
257 1283 435 1334 legantur
467 1288 624 1320 centum
657 1284 853 1332 octoginta
885 1282 961 1319 duo
994 1283 1095 1333 anni,
1128 1283 1261 1332 viginti
1294 1283 1423 1321 minus

86 1344 339 1382 inveniuntur
377 1343 417 1379 in
455 1341 655 1379 codicibus
688 1342 852 1392 nostris,
885 1340 952 1378 ubi
983 1342 1112 1391 potius
1145 1340 1233 1378 addi
1265 1346 1423 1379 centum

88 1401 230 1453 solent,
269 1405 308 1438 et
347 1405 435 1450 post
467 1401 639 1449 genitum
672 1398 839 1437 Lamech
872 1398 1127 1449 conplendam
1159 1400 1423 1438 restituuntur

88 1460 134 1498 ad
174 1470 385 1510 summam,
427 1470 524 1508 quae
564 1460 603 1495 in
643 1457 841 1495 codicibus
880 1458 1058 1507 utrisque
1098 1469 1174 1494 non
1216 1457 1421 1508 discrepat.

90 1518 130 1556 Si
174 1519 277 1556 enim
328 1522 484 1554 centum
539 1517 782 1567 septuaginta
832 1527 952 1553 annos
1002 1521 1163 1565 propter
1206 1515 1423 1566 pubertatis

89 1578 351 1615 maturitatem
384 1575 520 1613 decem
552 1580 590 1612 et
623 1580 771 1624 septem
798 1573 949 1612 volebat
981 1573 1163 1625 intellegi,
1196 1575 1298 1612 sicut
1329 1574 1424 1612 nihil

89 1635 252 1686 addere,
292 1635 344 1672 ita
384 1633 479 1671 nihil
517 1633 722 1671 detrahere
760 1634 833 1670 iam
876 1631 1061 1683 debebat,
1102 1633 1190 1682 quia
1224 1633 1425 1671 invenerat

89 1699 255 1732 aetatem
295 1692 474 1730 idoneam
515 1693 756 1741 generationi
800 1690 986 1742 filiorum,
1030 1696 1190 1740 propter
1228 1702 1343 1741 quam
1384 1693 1422 1729 in

90 1752 173 1790 aliis
205 1756 362 1789 centum
401 1750 486 1787 illos
518 1762 657 1801 annos,
696 1749 762 1787 ubi
800 1761 884 1787 eam
922 1761 999 1786 non
1032 1748 1269 1800 inveniebat,
1310 1748 1423 1787 adde-

91 1810 164 1849 bat.
227 1809 308 1847 Hoc
340 1814 468 1847 autem
508 1808 555 1845 de
594 1809 728 1858 viginti
760 1809 870 1845 annis
902 1808 1041 1845 merito
1074 1813 1299 1857 putaremus
1332 1819 1424 1846 casu

94 1869 362 1907 mendositatis
383 1866 559 1905 accidere
580 1867 766 1917 potuisse,
786 1867 860 1903 nisi
887 1877 965 1916 ρος,
986 1866 1086 1902 sicut
1112 1867 1221 1915 prius
1248 1865 1423 1904 detraxe-

91 1933 162 1979 rat,
194 1928 404 1965 restituere
437 1930 572 1975 postea
613 1929 786 1976 curaret,
831 1929 873 1961 ut
905 1934 1076 1961 summae
1109 1925 1335 1962 conveniret
1367 1925 1423 1962 in-

91 1987 261 2037 tegritas.
325 1985 380 2022 An
421 1984 520 2021 sorte
559 1984 724 2021 astutius
757 1983 901 2020 sactum
934 1981 1232 2020 existimandum
1264 1988 1341 2034 est,
1382 1988 1426 2021 ut

188 2078 244 2112 10)
272 2072 359 2107 Gen.
388 2078 419 2111 ἴ),
449 2075 500 2106 18.

188 2207 207 2236 5
234 2201 269 2235 id
296 2212 369 2236 non
394 2212 413 2235 v
433 2202 444 2244 ΙΙ
465 2205 484 2235 6
511 2201 636 2234 monet
660 2199 694 2233 R
720 2200 853 2244 (progyr.
878 2210 914 2242 p.
942 2200 999 2240 8),·
1030 2200 1155 2234 mouet
1187 2198 1276 2233 VAv
1295 2201 1307 2242 ΙΙ
1327 2205 1346 2234 9
1373 2199 1424 2233 ia-

93 2249 156 2283 red
189 2249 222 2282 V
227 2249 294 2289 11‹';
320 2248 437 2283 iareth
464 2258 483 2281 tv
502 2249 514 2291 Η
536 2251 577 2281 10
603 2258 716 2281 annos
742 2257 806 2281 om.
844 2245 986 2280 VRAF
