1548 2562
389 69 442 93 DE
461 67 650 94 01VITATE
669 68 740 93 DEI
759 68 791 93 L.
811 69 875 93 XX.
896 68 925 94 o.
945 69 986 94 10.
1269 59 1354 100 433

23 157 96 196 bus
128 159 197 196 ait:
228 158 274 196 Sz'
303 159 586 196 resurrexistis
618 169 707 196 cum
745 158 908 203 Christo,
942 169 1045 204 quae
1075 169 1234 196 sursum
1265 162 1357 196 suut

22 218 161 265 sapite.
235 215 360 260 Quem
407 227 566 253 sensum
608 215 734 253 verbis
775 215 858 252 aliis
902 214 992 253 alibi
1030 217 1161 266 posuit
1204 215 1355 253 dicens:

32 275 95 321 Ut,
136 285 248 322 quem
281 276 337 311 ad
365 275 521 311 modum
558 274 737 311 Christus
768 276 999 312 resurrexit
1028 285 1053 311 a
1084 276 1250 312 mortuis
1276 286 1353 322 per

20 334 194 380 qloriam
226 333 379 378 Patris,
416 334 475 369 sic
512 336 551 370 et
587 343 657 370 nos
689 334 729 369 2'72
762 333 936 370 novitate
966 334 1070 370 vitae
1102 333 1353 370 ambulemus.

23 390 123 428 Hinc
143 395 202 428 est
222 395 261 428 et
286 389 398 428 illud:
431 390 563 437 Surye
588 391 658 437 qui
687 391 835 428 dormis
867 394 905 428 et
936 402 1090 437 exurqe
1121 402 1146 428 a
1178 392 1354 437 mortuis,
1381 398 1401 428 5

25 453 63 487 et
87 449 339 487 inluminabit
363 453 399 486 te
430 448 618 486 Chre‘stus.
682 447 793 492 Quod
820 454 948 485 autem
975 447 1110 486 dicunt
1136 460 1213 486 non
1239 460 1354 499 posse

24 517 244 558 resurgere,
276 507 350 544 nisi
382 507 449 556 qui
480 505 634 557 cadunt,
666 511 705 544 et
736 505 822 543 ideo
855 511 993 556 putant
1024 508 1357 544 resurrectionem

25 564 71 602 ad
104 576 286 616 corpora,
316 576 394 602 non
427 563 472 602 ad
505 566 651 602 animas
682 565 901 615 pertinere,
934 565 1023 614 quia
1056 576 1266 615 corporum
1297 569 1358 603 est

25 622 182 661 cadere:
215 635 286 660 cur
310 634 388 660 non
414 622 594 660 audiunt:
627 624 712 661 Non
738 624 939 661 recedatis
966 624 1015 661 ab
1042 625 1119 670 illo,
1152 636 1202 662 ne
1233 625 1356 662 cada-

25 683 90 728 tis,
131 686 186 719 et:
230 681 310 719 Suo
343 682 509 719 Domino
547 686 627 718 stat
663 686 735 719 aut
772 683 903 725 cadet,-
945 687 1000 719 et:
1050 683 1128 727 Qut
1163 694 1205 720 se
1238 685 1357 730 putat
1384 689 1426 720 10

23 744 144 786 stare,
177 744 319 778 caveat
349 752 398 777 ne
427 736 577 777 cadat?
636 738 736 777 Puto
769 740 872 777 enim
905 739 1007 789 quod
1039 741 1079 777 in
1111 741 1249 791 anima,
1280 751 1358 778 non

24 799 69 835 in·
97 809 260 848 corpore
293 809 406 835 casus
443 799 515 835 iste
555 797 748 835 cavendus
781 803 850 835 est.
914 797 954 835 Si
986 799 1104 847 igitur
1137 798 1358 836 cadentium

26 860 85 893 est
111 857 362 903 resurrectio,
394 855 538 893 cadunt
569 861 699 893 autem
730 860 769 893 et
800 857 968 893 animae:
1000 856 1176 906 profecto
1210 861 1248 894 et
1279 858 1357 894 ani-

25 925 107 952 mas
139 925 345 964 resurgere
378 914 639 952 confitendum
673 918 742 952 est.
804 913 915 958 Quod
947 920 1089 965 autem,
1121 926 1210 952 cum
1242 914 1357 952 dixis-

27 978 102 1010 set:
135 972 183 1010 In
210 974 294 1010 istis
318 974 496 1010 secunda
522 983 627 1010 mors
653 984 731 1010 non
762 973 881 1010 habet
906 977 1151 1020 potestatem,
1184 972 1360 1010 adiunxit
1387 980 1429 1011 15

27 1035 142 1080 atque
176 1031 244 1069 ait:
275 1030 358 1069 Sed
387 1035 507 1068 erunt
529 1032 759 1069 sacerdotes
785 1031 862 1068 Dei
891 1036 930 1068 et
965 1031 1115 1068 Christi
1144 1035 1183 1069 et
1213 1043 1358 1078 regma-

27 1090 125 1127 bunt
161 1100 250 1127 cum
288 1100 332 1127 eo
370 1090 474 1126 mille
511 1091 645 1127 annis:
684 1100 761 1126 non
793 1089 928 1138 utique
961 1088 1007 1126 de
1042 1088 1134 1126 solis
1166 1090 1359 1140 episcopis

27 1152 66 1185 et
104 1146 344 1197 preshyteris
385 1146 532 1184 dictum
571 1152 650 1198 est,
694 1148 760 1197 qui
796 1148 954 1197 proprie
993 1148 1069 1184 iam
1100 1153 1287 1185 vocantur
1319 1149 1359 1185 in

27 1204 191 1243 ecelesia
216 1204 454 1256 sacerdote53
487 1204 554 1242 sed
581 1206 681 1243 sicut
712 1217 847 1243 omnes
874 1205 1043 1243 christos
1075 1204 1240 1243 dicimus
1271 1218 1359 1256 pro-

26 1268 114 1314 pter
151 1264 357 1314 mysticum
394 1263 582 1314 chrisma,
623 1264 677 1301 sic
716 1275 850 1301 omnes
890 1263 1132 1314 sacerdotes,
1177 1265 1360 1314 quoniam
1386 1272 1430 1303 20

28 1320 201 1359 membra
227 1327 317 1359 sunt
343 1323 458 1359 unius
485 1321 714 1373 sacerdotis3
739 1321 785 1359 de
813 1321 955 1372 quibus
980 1322 1178 1372 apostolus
1198 1321 1360 1361 Petrus:

30 1381 167 1426 Plebs,
207 1381 355 1430 inquit,
391 1385 553 1427 sancta,
594 1382 732 1428 reqale
768 1382 1048 1418 sacerdotium.
1112 1379 1233 1432 Sane,
1271 1380 1362 1419 licet

28 1437 199 1476 breviter
224 1443 339 1488 atque
371 1443 631 1490 transeunter,
663 1439 872 1476 insinuavit
902 1450 986 1476 esse
1014 1438 1137 1477 Deum
1162 1438 1360 1477 Christum

29 1496 212 1534 dicendo:
256 1497 496 1535 Sacerdotes
538 1497 616 1535 Dei
651 1501 689 1535 et
735 1497 900 1544 Christi,
945 1497 1017 1534 hoc
1059 1502 1119 1535 est
1155 1496 1281 1535 Patris
1323 1503 1361 1535 et

30 1554 133 1606 Filii;
172 1556 345 1605 quamvis
383 1560 544 1605 propter
584 1555 747 1593 formam
780 1556 881 1592 servi
913 1557 1015 1593 sicut
1046 1555 1213 1592 hominis
1246 1555 1359 1607 filius,
1385 1563 1427 1594 25

29 1614 83 1651 ita
123 1614 237 1651 etiam
275 1613 456 1651 sacerdos
488 1612 665 1651 Christus
704 1614 865 1651 effectus
904 1614 954 1651 sit
989 1615 1028 1651 in
1068 1618 1271 1651 aeternum
1303 1625 1360 1651 se-

31 1671 204 1709 cundum
234 1671 411 1709 ordinem
442 1670 736 1710 Melchisedech.
799 1670 852 1709 De
885 1683 959 1721 qua
992 1683 1034 1709 re
1066 1672 1105 1709 in
1137 1671 1211 1709 hoc
1244 1683 1361 1722 opere

31 1741 110 1767 non
141 1728 261 1767 semel
292 1729 470 1767 diximus.

126 1843 160 1884 2)
193 1840 268 1876 Col.
302 1845 339 1883 3,
375 1845 404 1874 1.
455 1843 489 1884 4)
521 1841 622 1876 Rom.
658 1845 694 1885 6,
726 1846 758 1875 4.
809 1843 843 1884 6)
870 1841 961 1885 Eph.
990 1846 1027 1884 5,
1061 1845 1114 1875 14.
1169 1843 1223 1885 10)
1250 1842 1361 1878 Eccli.

31 1891 64 1931 2,
92 1892 122 1922 7.
175 1889 229 1931 10)
256 1887 360 1922 Rom.
389 1891 447 1929 14,
482 1892 512 1923 4.
566 1890 621 1932 11)
650 1892 681 1922 1.
709 1887 787 1922 Cor.
818 1892 870 1931 10,
899 1891 952 1922 12.
1003 1890 1062 1932 22)
1092 1894 1120 1921 1.
1146 1888 1241 1923 Petr.
1269 1893 1301 1932 2,
1329 1893 1360 1923 9.

129 2020 169 2049 11
198 2017 327 2050 caueat
350 2026 439 2057 mss;
463 2015 588 2050 videat
612 2027 631 2050 υ
650 2018 662 2061 11
683 2020 724 2050 19
752 2009 907 2050 christoe
932 2015 1086 2050 dicimus
1105 2015 1141 2050 R
1164 2018 1265 2060 (211,
1290 2020 1361 2058 29,-

33 2066 118 2105 218,
145 2066 225 2106 15);
252 2062 378 2096 christi
403 2062 558 2097 djcimur
582 2063 637 2105 Α,·
662 2062 888 2097 Christianos
914 2062 1069 2096 dicimus
1095 2073 1116 2097 v

105 2295 178 2314 Auo.
199 2295 239 2314 nn
260 2295 320 2313 ew.
341 2295 402 2315 nm.
440 2290 479 2315 Il.
1037 2288 1081 2319 28
