1611 2465
181 18 262 58 196
719 25 744 50 s.
765 24 983 51 AUGUSTINI

143 110 147 114 ⁴
177 116 369 154 Abraham
396 116 561 166 sumpsit
590 114 808 165 exordium3
841 115 907 165 qui
934 116 1048 152 etiam
1074 120 1185 166 pater
1216 116 1391 166 gentium
1424 127 1513 153 con-

112 654 152 683 10

112 947 152 978 15

110 1406 153 1437 20

178 176 338 214 stitutus
371 181 441 226 est,
474 173 627 224 quando
659 178 852 211 mutatum
884 184 1027 211 nomen
1060 175 1218 224 accepit.
1280 174 1377 212 Ante
1410 173 1514 212 hunc

179 245 270 284 ergo
310 233 413 271 velut
451 233 617 283 pueritia
656 232 729 269 suit
765 231 882 269 huius
921 233 1075 281 generis
1114 232 1246 283 populi
1280 232 1348 270 Dei
1380 244 1400 270 a
1432 231 1513 270 Noe

178 304 302 343 usque
336 291 380 329 ad
419 293 547 342 ipsum
579 290 788 341 Abraliain3
828 295 867 328 et
904 291 990 328 ideo
1022 292 1062 328 in
1095 290 1224 341 lingua
1257 293 1412 329 inventa
1443 296 1515 342 est,

178 350 233 389 id‘
258 356 317 389 est
355 349 539 387 Hebraea.
602 349 632 386 A
671 350 836 399 pueritia
876 361 1041 399 namque
1080 349 1194 387 homo
1218 351 1371 400 -incipit
1409 349 1515 400 loqui

180 414 267 460 post
310 409 531 459 infantiam,
576 419 673 457 quae
711 407 801 446 hinc
840 408 1028 458 appellata
1066 413 1141 460 est,
1186 407 1288 458 quod
1333 408 1404 446 fari
1437 420 1514 446 non

180 473 318 518 potest.
381 466 505 511 Quam
536 466 712 517 profecto
745 472 909 504 aetatem
943 468 1107 517 primam
1140 466 1331 517 demergit
1362 466 1515 518 oblivio,

179 528 281 564 sicut
306 531 410 563 aetas
436 526 561 576 prima
586 526 740 575 generis
774 525 932 563 humani
959 531 1018 563 est
1049 525 1173 563 deleta
1207 525 1360 563 diluvio.
1412 524 1514 570 Quo-

179 590 241 623 tus
281 585 384 622 enim
431 585 596 634 quisque
641 589 721 635 est,
765 585 831 634 qui
869 595 978 622 suam
1017 583 1247 622 recordetur
1285 581 1515 622 infantiam?

181 642 305 688 Quam
344 642 392 680 ob
426 654 510 680 rem
541 644 581 680 in
612 644 685 681 isto
718 654 912 693 procursu
944 643 1109 680 civitatis
1141 641 1227 693 Dei,
1268 644 1369 681 sicut
1401 655 1513 693 supe-

179 703 261 739 rior
292 713 410 740 unam
442 701 681 751 eandemque
709 702 884 751 primam,
917 702 967 739 ita
1001 700 1095 738 duas
1128 706 1272 739 aetates
1304 701 1515 740 secundam

180 766 218 798 et
250 761 405 798 tertiam
437 759 536 798 liber
567 762 639 798 iste
672 761 881 811 contineat,
913 761 950 797 in
985 771 1059 810 qua
1091 761 1205 797 tertia
1237 765 1398 810 propter
1429 772 1513 798 vac-

180 831 264 857 cam
301 821 474 871 trimam,
512 830 667 869 capram
705 820 877 870 trimam,
917 819 1079 856 arietem
1110 819 1269 856 trimum
1303 824 1340 856 et
1371 819 1514 869 inposi-

179 884 264 916 tum
301 884 359 916 est
397 877 492 928 legis
530 879 663 928 iugum
702 883 740 915 et
777 878 955 928 apparuit
1000 876 1233 915 abundantia
1265 883 1515 928 peccatorum

180 942 219 974 et
262 938 373 986 regni
414 937 561 974 terreni
603 937 773 974 surrexit
817 936 1037 987 exordium,
1085 935 1151 974 ubi
1189 947 1265 973 non
1305 935 1516 974 defuerunt

181 995 392 1046 spiritaleS‚
438 1007 604 1045 quorum
648 996 687 1033 in
728 1000 881 1032 turture
921 1000 959 1033 et
997 993 1173 1032 columba
1212 994 1418 1045 figuratum
1456 999 1516 1032 est

180 1059 477 1092 sacramentum.
956 1068 958 1071 ·

615 1332 859 1374 LIBER
907 1332 1080 1375 XVII.

737 1508 891 1552 CAPUT
923 1510 954 1551 I.

515 1595 574 1633 De
605 1596 846 1643 temporibus
872 1597 1174 1645 prophetarum.

298 1677 582 1715 Promissiones
627 1676 719 1728 Dei,
770 1689 867 1727 quae
918 1678 1039 1716 sactae
1085 1683 1176 1716 sunt
1220 1677 1265 1715 ad
1311 1677 1517 1729 Abraham·

182 1737 292 1774 cuius
326 1737 464 1774 semini
504 1741 542 1773 et
573 1741 728 1785 gentem
762 1735 1009 1774 israeliticam
1041 1736 1256 1775 secundum
1288 1748 1444 1774 carnem
1475 1742 1515 1774 et

137 1804 149 1821 ν’
181 1806 315 1833 omncs
347 1801 483 1844 gentes
515 1764 649 1831 deberi
682 1794 897 1832 secundum
929 1795 1043 1833 fidem
1070 1794 1148 1832 Deo
1180 1794 1386 1845 pollicente
1418 1793 1518 1832 didi-

183 1855 324 1905 cimus,
363 1864 479 1904 quem
518 1852 564 1890 ad
597 1851 755 1890 modum
788 1853 1076 1904 compleantur,
1108 1864 1178 1903 pei
1209 1852 1385 1890 oidinem
1418 1858 1512 1890 tem-

215 2046 220 2051 ,
275 2017 295 2046 4
334 2013 372 2046 et
406 2013 489 2046 ideo
527 2013 565 2046 in
602 2012 729 2057 lingua
774 2011 901 2056 VRJy
946 2012 996 2054 (in
1033 2012 1156 2060 lingua
1186 2028 1230 2040 =
1256 2023 1335 2046 cum
1367 2010 1514 2056 linqua,-

182 2060 493 2101 cs.134‚5;vol
522 2060 557 2102 I,
584 2062 644 2101 36,
657 2040 762 2103 0:27);
777 2060 814 2093 ct
837 2059 920 2093 ideo
946 2059 1034 2103 ling.
1062 2070 1101 2100 e,
1132 2058 1169 2092 in
1195 2058 1282 2103 ling.
1311 2060 1452 2102 (omisso
1478 2060 1516 2093 et

182 2106 277 2147 ideo)
298 2087 353 2147 A’;
380 2107 417 2140 et
441 2106 522 2140 ideo
543 2105 663 2150 prima
688 2105 775 2150 ling.
799 2106 906 2139 Parr.
928 2086 1021 2141 γεῖἷῠ
1016 2116 1036 2139 υ
1056 2107 1107 2149 116
1122 2105 1241 2149 quiaz
1260 2108 1272 2150 ΙΙ
1294 2110 1334 2140 13
1363 2105 1515 2140 arietem

184 2153 311 2194 RAR·
338 2154 375 2186 et
400 2164 449 2187 ar.
485 2153 535 2187 Vv
554 2154 566 2197 ΙΙ
586 2154 623 2187 et
645 2152 761 2197 inpos.
791 2152 952 2194 VRAF,·
978 2154 1015 2186 et
1040 2163 1104 2187 om.
1131 2164 1151 2186 v
1182 2154 1194 2196 ΙΙ
1223 2157 1264 2187 17
1286 2156 1370 2197 post
1395 2163 1514 2187 sacra-

183 2202 346 2235 mentum
372 2200 411 2233 F
430 2201 595 2244 praebet:
621 2199 769 2234 contuli.
798 2219 840 2224 —
867 2199 942 2234 Hic
966 2200 1097 2234 desinit
1122 2200 1195 2234 cod.
1221 2199 1263 2233 -V
