<?xml version="1.0" encoding="UTF-8"?>
<!DOCTYPE html PUBLIC "-//W3C//DTD XHTML 1.0 Transitional//EN"
    "http://www.w3.org/TR/xhtml1/DTD/xhtml1-transitional.dtd">
<html xmlns="http://www.w3.org/1999/xhtml" xml:lang="en" lang="en">
 <head>
  <title>
</title>
<meta http-equiv="Content-Type" content="text/html;charset=utf-8" />
  <meta name='ocr-system' content='tesseract 3.04.00' />
  <meta name='ocr-capabilities' content='ocr_page ocr_carea ocr_par ocr_line ocrx_word'/>
</head>
<body>
  <div class='ocr_page' id='page_1' title='image "./sanctiaureliiaug02auguuoft_0053.png"; bbox 0 0 1548 2562; ppageno 0'>
   <div class='ocr_carea' id='block_1_1' title="bbox 371 136 1372 175">
    <p class='ocr_par' dir='ltr' id='par_1_1' title="bbox 371 136 1372 175">
     <span class='ocr_line' id='line_1_1' title="bbox 371 136 1372 175; baseline 0.003 -7"><span class='ocrx_word' id='word_1_1' title='bbox 371 143 423 168; x_wconf 81' lang='lat' dir='ltr'><strong>DE</strong></span> <span class='ocrx_word' id='word_1_2' title='bbox 442 142 630 168; x_wconf 81' lang='lat' dir='ltr'>CIVITATE</span> <span class='ocrx_word' id='word_1_3' title='bbox 647 143 717 169; x_wconf 84' lang='lat' dir='ltr'><strong>DEI</strong></span> <span class='ocrx_word' id='word_1_4' title='bbox 735 144 769 170; x_wconf 82' lang='lat' dir='ltr'><strong>L.</strong></span> <span class='ocrx_word' id='word_1_5' title='bbox 790 144 870 169; x_wconf 38' lang='lat' dir='ltr'><strong>XIV,</strong></span> <span class='ocrx_word' id='word_1_6' title='bbox 890 143 920 169; x_wconf 88' lang='lat' dir='ltr'><strong>c.</strong></span> <span class='ocrx_word' id='word_1_7' title='bbox 941 144 981 169; x_wconf 83' lang='lat'><strong>22.</strong></span> <span class='ocrx_word' id='word_1_8' title='bbox 1002 145 1043 170; x_wconf 84' lang='lat'><strong>23.</strong></span> <span class='ocrx_word' id='word_1_9' title='bbox 1318 136 1372 175; x_wconf 83' lang='lat'><strong>47</strong></span> 
     </span>
    </p>
   </div>
   <div class='ocr_carea' id='block_1_2' title="bbox 51 231 1375 457">
    <p class='ocr_par' dir='ltr' id='par_1_2' title="bbox 51 231 1375 457">
     <span class='ocr_line' id='line_1_2' title="bbox 52 231 1375 283; baseline 0.002 -13"><span class='ocrx_word' id='word_1_10' title='bbox 52 233 240 283; x_wconf 82' lang='lat' dir='ltr'>originem</span> <span class='ocrx_word' id='word_1_11' title='bbox 266 231 442 283; x_wconf 86' lang='lat' dir='ltr'><strong>feminae,</strong></span> <span class='ocrx_word' id='word_1_12' title='bbox 475 243 571 281; x_wconf 89' lang='lat' dir='ltr'><strong>quae</strong></span> <span class='ocrx_word' id='word_1_13' title='bbox 598 232 645 270; x_wconf 89' lang='lat' dir='ltr'><strong>de</strong></span> <span class='ocrx_word' id='word_1_14' title='bbox 671 232 830 271; x_wconf 88' lang='lat' dir='ltr'><strong>masculi</strong></span> <span class='ocrx_word' id='word_1_15' title='bbox 855 232 974 271; x_wconf 88' lang='lat' dir='ltr'><strong>latere</strong></span> <span class='ocrx_word' id='word_1_16' title='bbox 1001 238 1130 271; x_wconf 87' lang='lat' dir='ltr'><strong>creata</strong></span> <span class='ocrx_word' id='word_1_17' title='bbox 1161 238 1230 272; x_wconf 91' lang='lat' dir='ltr'><strong>est.</strong></span> <span class='ocrx_word' id='word_1_18' title='bbox 1280 233 1375 272; x_wconf 90' lang='lat' dir='ltr'><strong>Nam</strong></span> 
     </span>
     <span class='ocr_line' id='line_1_3' title="bbox 51 288 1373 342; baseline 0.001 -13"><span class='ocrx_word' id='word_1_19' title='bbox 51 296 90 329; x_wconf 88' lang='lat' dir='ltr'><strong>et</strong></span> <span class='ocrx_word' id='word_1_20' title='bbox 120 289 317 340; x_wconf 89' lang='lat' dir='ltr'><strong>apostolus</strong></span> <span class='ocrx_word' id='word_1_21' title='bbox 347 301 418 340; x_wconf 88' lang='lat' dir='ltr'><strong>per</strong></span> <span class='ocrx_word' id='word_1_22' title='bbox 448 288 521 327; x_wconf 91' lang='lat' dir='ltr'><strong>hoc</strong></span> <span class='ocrx_word' id='word_1_23' title='bbox 552 291 732 342; x_wconf 87' lang='lat' dir='ltr'><strong>primum,</strong></span> <span class='ocrx_word' id='word_1_24' title='bbox 764 290 866 341; x_wconf 90' lang='lat' dir='ltr'><strong>quod</strong></span> <span class='ocrx_word' id='word_1_25' title='bbox 898 290 976 329; x_wconf 88' lang='lat' dir='ltr'><strong>Deo</strong></span> <span class='ocrx_word' id='word_1_26' title='bbox 1007 292 1234 330; x_wconf 80' lang='lat' dir='ltr'><strong>instituente</strong></span> <span class='ocrx_word' id='word_1_27' title='bbox 1265 304 1373 342; x_wconf 89' lang='lat' dir='ltr'><strong>prae-</strong></span> 
     </span>
     <span class='ocr_line' id='line_1_4' title="bbox 52 347 1374 402; baseline 0.002 -16"><span class='ocrx_word' id='word_1_28' title='bbox 52 350 181 400; x_wconf 78' lang='lat' dir='ltr'>cessit,</span> <span class='ocrx_word' id='word_1_29' title='bbox 207 347 425 398; x_wconf 86' lang='lat' dir='ltr'><strong>exemplum</strong></span> <span class='ocrx_word' id='word_1_30' title='bbox 451 347 624 398; x_wconf 87' lang='lat' dir='ltr'><strong>singulos</strong></span> <span class='ocrx_word' id='word_1_31' title='bbox 645 360 820 399; x_wconf 84' lang='lat' dir='ltr'><strong>quosque</strong></span> <span class='ocrx_word' id='word_1_32' title='bbox 846 349 1038 402; x_wconf 85' lang='lat' dir='ltr'><strong>admonet,</strong></span> <span class='ocrx_word' id='word_1_33' title='bbox 1068 355 1112 389; x_wconf 87' lang='lat' dir='ltr'><strong>ut</strong></span> <span class='ocrx_word' id='word_1_34' title='bbox 1136 351 1208 388; x_wconf 87' lang='lat' dir='ltr'><strong>viri</strong></span> <span class='ocrx_word' id='word_1_35' title='bbox 1233 361 1374 389; x_wconf 83' lang='lat' dir='ltr'><strong>uxores</strong></span> 
     </span>
     <span class='ocr_line' id='line_1_5' title="bbox 52 406 342 457; baseline -0.003 -12"><span class='ocrx_word' id='word_1_36' title='bbox 52 418 140 446; x_wconf 86' lang='lat' dir='ltr'><strong>suas</strong></span> <span class='ocrx_word' id='word_1_37' title='bbox 172 406 342 457; x_wconf 83' lang='lat' dir='ltr'><strong>diligant.</strong></span> 
     </span>
    </p>
   </div>
   <div class='ocr_carea' id='block_1_3' title="bbox 547 541 1422 586">
    <p class='ocr_par' dir='ltr' id='par_1_3' title="bbox 547 541 1422 586">
     <span class='ocr_line' id='line_1_6' title="bbox 547 541 1422 586; baseline 0.002 -2"><span class='ocrx_word' id='word_1_38' title='bbox 547 541 702 585; x_wconf 81' lang='lat' dir='ltr'>CAPUT</span> <span class='ocrx_word' id='word_1_39' title='bbox 732 543 888 585; x_wconf 86' lang='lat' dir='ltr'>XXIII.</span> <span class='ocrx_word' id='word_1_40' title='bbox 1403 556 1422 586; x_wconf 84' lang='lat'>5</span> 
     </span>
    </p>
   </div>
   <div class='ocr_carea' id='block_1_4' title="bbox 52 628 1374 792">
    <p class='ocr_par' dir='ltr' id='par_1_4' title="bbox 52 628 1374 792">
     <span class='ocr_line' id='line_1_7' title="bbox 52 628 1374 679; baseline 0.001 -11"><span class='ocrx_word' id='word_1_41' title='bbox 52 630 112 668; x_wconf 81' lang='lat' dir='ltr'><strong>An</strong></span> <span class='ocrx_word' id='word_1_42' title='bbox 144 630 262 667; x_wconf 75' lang='lat' dir='ltr'><strong>etiam</strong></span> <span class='ocrx_word' id='word_1_43' title='bbox 294 630 334 666; x_wconf 79' lang='lat' dir='ltr'><strong>in</strong></span> <span class='ocrx_word' id='word_1_44' title='bbox 360 628 555 676; x_wconf 77' lang='lat' dir='ltr'><em>paradiso</em></span> <span class='ocrx_word' id='word_1_45' title='bbox 584 629 860 676; x_wconf 73' lang='lat' dir='ltr'><strong>qenerandum</strong></span> <span class='ocrx_word' id='word_1_46' title='bbox 888 628 1049 676; x_wconf 76' lang='lat' dir='ltr'><strong>fuisset,</strong></span> <span class='ocrx_word' id='word_1_47' title='bbox 1080 631 1117 668; x_wconf 75' lang='grc' dir='ltr'><strong>εἰ</strong></span> <span class='ocrx_word' id='word_1_48' title='bbox 1144 640 1255 668; x_wconf 83' lang='lat' dir='ltr'><strong>nemo</strong></span> <span class='ocrx_word' id='word_1_49' title='bbox 1281 641 1374 679; x_wconf 82' lang='lat' dir='ltr'><strong>pec-</strong></span> 
     </span>
     <span class='ocr_line' id='line_1_8' title="bbox 110 687 1322 736; baseline 0 -10"><span class='ocrx_word' id='word_1_50' title='bbox 110 691 248 735; x_wconf 80' lang='lat' dir='ltr'><strong>casset,</strong></span> <span class='ocrx_word' id='word_1_51' title='bbox 280 688 342 725; x_wconf 85' lang='lat' dir='ltr'><strong>vel</strong></span> <span class='ocrx_word' id='word_1_52' title='bbox 364 690 497 724; x_wconf 84' lang='lat' dir='ltr'><strong>utrum</strong></span> <span class='ocrx_word' id='word_1_53' title='bbox 528 691 670 724; x_wconf 80' lang='lat' dir='ltr'><strong>eontra</strong></span> <span class='ocrx_word' id='word_1_54' title='bbox 703 691 853 725; x_wconf 81' lang='lat' dir='ltr'><strong>aestum</strong></span> <span class='ocrx_word' id='word_1_55' title='bbox 885 687 1060 726; x_wconf 67' lang='lat' dir='ltr'><strong>libidinis</strong></span> <span class='ocrx_word' id='word_1_56' title='bbox 1087 692 1322 736; x_wconf 57' lang='lat' dir='ltr'><strong>pugnatura</strong></span> 
     </span>
     <span class='ocr_line' id='line_1_9' title="bbox 399 743 1025 792; baseline 0.002 -10"><span class='ocrx_word' id='word_1_57' title='bbox 399 745 482 782; x_wconf 74' lang='lat' dir='ltr'><strong>illic</strong></span> <span class='ocrx_word' id='word_1_58' title='bbox 508 743 652 792; x_wconf 72' lang='lat' dir='ltr'><strong>fuisset</strong></span> <span class='ocrx_word' id='word_1_59' title='bbox 680 747 786 783; x_wconf 75' lang='lat' dir='ltr'><strong>ratio</strong></span> <span class='ocrx_word' id='word_1_60' title='bbox 819 747 1025 783; x_wconf 67' lang='lat' dir='ltr'><strong>castitatis.</strong></span> 
     </span>
    </p>
   </div>
   <div class='ocr_carea' id='block_1_5' title="bbox 50 825 1448 2102">
    <p class='ocr_par' dir='ltr' id='par_1_5' title="bbox 50 825 1448 1517">
     <span class='ocr_line' id='line_1_10' title="bbox 168 825 1375 877; baseline 0 -12"><span class='ocrx_word' id='word_1_61' title='bbox 168 826 353 876; x_wconf 87' lang='lat' dir='ltr'><strong>Quisquis</strong></span> <span class='ocrx_word' id='word_1_62' title='bbox 379 830 507 863; x_wconf 88' lang='lat' dir='ltr'><strong>autem</strong></span> <span class='ocrx_word' id='word_1_63' title='bbox 534 825 627 864; x_wconf 86' lang='lat' dir='ltr'><strong>dicit</strong></span> <span class='ocrx_word' id='word_1_64' title='bbox 653 838 730 864; x_wconf 92' lang='lat' dir='ltr'><strong>non</strong></span> <span class='ocrx_word' id='word_1_65' title='bbox 757 826 876 864; x_wconf 88' lang='lat' dir='ltr'><strong>fuisse</strong></span> <span class='ocrx_word' id='word_1_66' title='bbox 910 828 1082 865; x_wconf 90' lang='lat' dir='ltr'><strong>coituros</strong></span> <span class='ocrx_word' id='word_1_67' title='bbox 1114 839 1186 865; x_wconf 91' lang='lat' dir='ltr'><strong>nec</strong></span> <span class='ocrx_word' id='word_1_68' title='bbox 1218 839 1375 877; x_wconf 87' lang='lat' dir='ltr'><strong>genera-</strong></span> 
     </span>
     <span class='ocr_line' id='line_1_11' title="bbox 51 884 1445 936; baseline 0.001 -12"><span class='ocrx_word' id='word_1_69' title='bbox 51 891 179 936; x_wconf 84' lang='lat' dir='ltr'><strong>turos,</strong></span> <span class='ocrx_word' id='word_1_70' title='bbox 215 885 290 923; x_wconf 91' lang='lat' dir='ltr'><strong>nisi</strong></span> <span class='ocrx_word' id='word_1_71' title='bbox 320 889 564 935; x_wconf 81' lang='lat' dir='ltr'><strong>peccassent,</strong></span> <span class='ocrx_word' id='word_1_72' title='bbox 596 884 687 934; x_wconf 90' lang='lat' dir='ltr'><strong>quid</strong></span> <span class='ocrx_word' id='word_1_73' title='bbox 720 884 830 935; x_wconf 88' lang='lat' dir='ltr'><strong>dicit,</strong></span> <span class='ocrx_word' id='word_1_74' title='bbox 862 886 937 923; x_wconf 89' lang='lat' dir='ltr'><strong>nisi</strong></span> <span class='ocrx_word' id='word_1_75' title='bbox 968 890 1128 935; x_wconf 88' lang='lat' dir='ltr'><strong>propter</strong></span> <span class='ocrx_word' id='word_1_76' title='bbox 1161 887 1374 924; x_wconf 90' lang='lat' dir='ltr'><strong>numerosi·</strong></span> <span class='ocrx_word' id='word_1_77' title='bbox 1404 894 1445 925; x_wconf 94' lang='lat'><strong>10</strong></span> 
     </span>
     <span class='ocr_line' id='line_1_12' title="bbox 50 939 1376 993; baseline -0.001 -11"><span class='ocrx_word' id='word_1_78' title='bbox 50 948 169 982; x_wconf 87' lang='lat' dir='ltr'><strong>tatem</strong></span> <span class='ocrx_word' id='word_1_79' title='bbox 213 947 435 981; x_wconf 91' lang='lat' dir='ltr'><strong>sanctorum</strong></span> <span class='ocrx_word' id='word_1_80' title='bbox 476 944 747 980; x_wconf 86' lang='lat' dir='ltr'><strong>necessarium</strong></span> <span class='ocrx_word' id='word_1_81' title='bbox 778 939 945 981; x_wconf 69' lang='lat' dir='ltr'><strong>hominis</strong></span> <span class='ocrx_word' id='word_1_82' title='bbox 986 942 1376 993; x_wconf 82' lang='lat' dir='ltr'><strong>fuisse&#39;peccatum‘?</strong></span> 
     </span>
     <span class='ocr_line' id='line_1_13' title="bbox 52 1000 1376 1053; baseline 0 -13"><span class='ocrx_word' id='word_1_83' title='bbox 52 1001 94 1040; x_wconf 90' lang='lat' dir='ltr'><strong>Si</strong></span> <span class='ocrx_word' id='word_1_84' title='bbox 118 1002 221 1040; x_wconf 90' lang='lat' dir='ltr'><strong>enim</strong></span> <span class='ocrx_word' id='word_1_85' title='bbox 247 1012 324 1039; x_wconf 91' lang='lat' dir='ltr'><strong>non</strong></span> <span class='ocrx_word' id='word_1_86' title='bbox 349 1000 545 1051; x_wconf 88' lang='lat' dir='ltr'><strong>peccando</strong></span> <span class='ocrx_word' id='word_1_87' title='bbox 573 1000 643 1038; x_wconf 93' lang='lat' dir='ltr'><strong>soli</strong></span> <span class='ocrx_word' id='word_1_88' title='bbox 674 1006 933 1052; x_wconf 81' lang='lat' dir='ltr'><strong>remanerent,</strong></span> <span class='ocrx_word' id='word_1_89' title='bbox 965 1003 1066 1052; x_wconf 88' lang='lat' dir='ltr'><strong>quia,</strong></span> <span class='ocrx_word' id='word_1_90' title='bbox 1098 1003 1199 1039; x_wconf 90' lang='lat' dir='ltr'><strong>sicut</strong></span> <span class='ocrx_word' id='word_1_91' title='bbox 1229 1008 1376 1053; x_wconf 85' lang='lat' dir='ltr'><strong>putant,</strong></span> 
     </span>
     <span class='ocr_line' id='line_1_14' title="bbox 51 1060 1376 1110; baseline 0 -12"><span class='ocrx_word' id='word_1_92' title='bbox 51 1061 126 1098; x_wconf 91' lang='lat' dir='ltr'><strong>nisi</strong></span> <span class='ocrx_word' id='word_1_93' title='bbox 154 1064 412 1110; x_wconf 72' lang='lat' dir='ltr'><strong>peccassent,</strong></span> <span class='ocrx_word' id='word_1_94' title='bbox 456 1070 642 1108; x_wconf 85' lang='lat' dir='ltr'><strong>generare</strong></span> <span class='ocrx_word' id='word_1_95' title='bbox 680 1071 757 1097; x_wconf 92' lang='lat' dir='ltr'><strong>non</strong></span> <span class='ocrx_word' id='word_1_96' title='bbox 798 1065 975 1110; x_wconf 84' lang='lat' dir='ltr'><strong>possent:</strong></span> <span class='ocrx_word' id='word_1_97' title='bbox 1016 1060 1192 1110; x_wconf 85' lang='lat' dir='ltr'><strong>profecto</strong></span> <span class='ocrx_word' id='word_1_98' title='bbox 1225 1065 1268 1098; x_wconf 86' lang='lat' dir='ltr'><strong>ut</strong></span> <span class='ocrx_word' id='word_1_99' title='bbox 1299 1072 1376 1098; x_wconf 91' lang='lat' dir='ltr'><strong>non</strong></span> 
     </span>
     <span class='ocr_line' id='line_1_15' title="bbox 51 1116 1375 1169; baseline -0.001 -12"><span class='ocrx_word' id='word_1_100' title='bbox 51 1118 122 1157; x_wconf 91' lang='lat' dir='ltr'><strong>soli</strong></span> <span class='ocrx_word' id='word_1_101' title='bbox 164 1117 240 1156; x_wconf 86' lang='lat' dir='ltr'><strong>duo</strong></span> <span class='ocrx_word' id='word_1_102' title='bbox 280 1118 372 1155; x_wconf 90' lang='lat' dir='ltr'><strong>iusti</strong></span> <span class='ocrx_word' id='word_1_103' title='bbox 410 1116 586 1155; x_wconf 91' lang='lat' dir='ltr'><strong>homines</strong></span> <span class='ocrx_word' id='word_1_104' title='bbox 626 1123 786 1167; x_wconf 87' lang='lat' dir='ltr'><strong>possent</strong></span> <span class='ocrx_word' id='word_1_105' title='bbox 826 1130 932 1169; x_wconf 86' lang='lat' dir='ltr'><strong>esse,</strong></span> <span class='ocrx_word' id='word_1_106' title='bbox 973 1118 1039 1155; x_wconf 90' lang='lat' dir='ltr'><strong>sed</strong></span> <span class='ocrx_word' id='word_1_107' title='bbox 1072 1117 1202 1168; x_wconf 88' lang='lat' dir='ltr'><strong>multi,</strong></span> <span class='ocrx_word' id='word_1_108' title='bbox 1244 1130 1375 1156; x_wconf 90' lang='lat' dir='ltr'><strong>neces-</strong></span> 
     </span>
     <span class='ocr_line' id='line_1_16' title="bbox 51 1175 1446 1228; baseline 0 -13"><span class='ocrx_word' id='word_1_109' title='bbox 51 1178 196 1215; x_wconf 87' lang='lat' dir='ltr'><strong>sarium</strong></span> <span class='ocrx_word' id='word_1_110' title='bbox 238 1180 439 1226; x_wconf 88' lang='lat' dir='ltr'><strong>peccatum</strong></span> <span class='ocrx_word' id='word_1_111' title='bbox 484 1175 566 1214; x_wconf 86' lang='lat' dir='ltr'><strong>fuit.</strong></span> <span class='ocrx_word' id='word_1_112' title='bbox 629 1175 739 1220; x_wconf 84' lang='lat' dir='ltr'><strong>Quod</strong></span> <span class='ocrx_word' id='word_1_113' title='bbox 781 1177 811 1213; x_wconf 90' lang='lat' dir='ltr'><strong>si</strong></span> <span class='ocrx_word' id='word_1_114' title='bbox 853 1176 1013 1214; x_wconf 88' lang='lat' dir='ltr'><strong>credere</strong></span> <span class='ocrx_word' id='word_1_115' title='bbox 1055 1176 1266 1214; x_wconf 88' lang='lat' dir='ltr'><strong>absurdum</strong></span> <span class='ocrx_word' id='word_1_116' title='bbox 1309 1182 1378 1228; x_wconf 84' lang='lat' dir='ltr'><strong>est,</strong></span> <span class='ocrx_word' id='word_1_117' title='bbox 1407 1185 1446 1215; x_wconf 84' lang='lat'><strong>15</strong></span> 
     </span>
     <span class='ocr_line' id='line_1_17' title="bbox 50 1233 1378 1285; baseline 0 -12"><span class='ocrx_word' id='word_1_118' title='bbox 50 1234 144 1273; x_wconf 90' lang='lat' dir='ltr'><strong>illud</strong></span> <span class='ocrx_word' id='word_1_119' title='bbox 187 1235 317 1285; x_wconf 88' lang='lat' dir='ltr'><strong>potius</strong></span> <span class='ocrx_word' id='word_1_120' title='bbox 367 1239 426 1271; x_wconf 91' lang='lat' dir='ltr'><strong>est</strong></span> <span class='ocrx_word' id='word_1_121' title='bbox 475 1233 730 1285; x_wconf 88' lang='lat' dir='ltr'><strong>credendum,</strong></span> <span class='ocrx_word' id='word_1_122' title='bbox 780 1234 881 1284; x_wconf 88' lang='lat' dir='ltr'><strong>quod</strong></span> <span class='ocrx_word' id='word_1_123' title='bbox 924 1240 1146 1273; x_wconf 87' lang='lat' dir='ltr'><strong>sanctorum</strong></span> <span class='ocrx_word' id='word_1_124' title='bbox 1191 1247 1378 1274; x_wconf 88' lang='lat' dir='ltr'><strong>numerus</strong></span> 
     </span>
     <span class='ocr_line' id='line_1_18' title="bbox 52 1291 1378 1344; baseline 0 -13"><span class='ocrx_word' id='word_1_125' title='bbox 52 1297 219 1344; x_wconf 90' lang='lat' dir='ltr'><strong>quantus</strong></span> <span class='ocrx_word' id='word_1_126' title='bbox 251 1291 487 1342; x_wconf 89' lang='lat' dir='ltr'><strong>conplendae</strong></span> <span class='ocrx_word' id='word_1_127' title='bbox 519 1291 573 1330; x_wconf 94' lang='lat' dir='ltr'><strong>illi</strong></span> <span class='ocrx_word' id='word_1_128' title='bbox 604 1292 747 1330; x_wconf 85' lang='lat' dir='ltr'><strong>sufficit</strong></span> <span class='ocrx_word' id='word_1_129' title='bbox 778 1292 1020 1331; x_wconf 81' lang='lat' dir='ltr'><strong>beatissimae</strong></span> <span class='ocrx_word' id='word_1_130' title='bbox 1054 1294 1216 1344; x_wconf 84' lang='lat' dir='ltr'><strong>civitati,</strong></span> <span class='ocrx_word' id='word_1_131' title='bbox 1248 1298 1378 1331; x_wconf 86' lang='lat' dir='ltr'><strong>tantus</strong></span> 
     </span>
     <span class='ocr_line' id='line_1_19' title="bbox 53 1351 1376 1402; baseline 0 -13"><span class='ocrx_word' id='word_1_132' title='bbox 53 1353 249 1402; x_wconf 82' lang='lat' dir='ltr'><strong>existeret,</strong></span> <span class='ocrx_word' id='word_1_133' title='bbox 281 1351 354 1388; x_wconf 86' lang='lat' dir='ltr'><strong>etsi</strong></span> <span class='ocrx_word' id='word_1_134' title='bbox 381 1362 493 1388; x_wconf 92' lang='lat' dir='ltr'><strong>nemo</strong></span> <span class='ocrx_word' id='word_1_135' title='bbox 519 1356 729 1401; x_wconf 85' lang='lat' dir='ltr'><strong>peccasset,</strong></span> <span class='ocrx_word' id='word_1_136' title='bbox 762 1357 929 1401; x_wconf 88' lang='lat' dir='ltr'><strong>quantus</strong></span> <span class='ocrx_word' id='word_1_137' title='bbox 963 1363 1065 1389; x_wconf 92' lang='lat' dir='ltr'><strong>nunc</strong></span> <span class='ocrx_word' id='word_1_138' title='bbox 1096 1363 1167 1402; x_wconf 87' lang='lat' dir='ltr'><strong>per</strong></span> <span class='ocrx_word' id='word_1_139' title='bbox 1193 1351 1261 1389; x_wconf 88' lang='lat' dir='ltr'><strong>Dei</strong></span> <span class='ocrx_word' id='word_1_140' title='bbox 1293 1363 1376 1402; x_wconf 85' lang='lat' dir='ltr'><strong>gra-</strong></span> 
     </span>
     <span class='ocr_line' id='line_1_20' title="bbox 52 1408 1377 1461; baseline 0 -13"><span class='ocrx_word' id='word_1_141' title='bbox 52 1411 143 1449; x_wconf 88' lang='lat' dir='ltr'><strong>tiam</strong></span> <span class='ocrx_word' id='word_1_142' title='bbox 175 1409 221 1447; x_wconf 89' lang='lat' dir='ltr'><strong>de</strong></span> <span class='ocrx_word' id='word_1_143' title='bbox 254 1408 500 1447; x_wconf 90' lang='lat' dir='ltr'><strong>multitudine</strong></span> <span class='ocrx_word' id='word_1_144' title='bbox 533 1408 727 1459; x_wconf 82' lang='lat' dir='ltr'><strong>colligitur</strong></span> <span class='ocrx_word' id='word_1_145' title='bbox 758 1414 1018 1461; x_wconf 84' lang='lat' dir='ltr'><strong>peccatorum,</strong></span> <span class='ocrx_word' id='word_1_146' title='bbox 1050 1421 1125 1459; x_wconf 93' lang='lat' dir='ltr'><strong>quo</strong></span> <span class='ocrx_word' id='word_1_147' title='bbox 1156 1421 1280 1460; x_wconf 89' lang='lat' dir='ltr'><strong>usque</strong></span> <span class='ocrx_word' id='word_1_148' title='bbox 1311 1409 1377 1448; x_wconf 88' lang='lat' dir='ltr'><strong>filii</strong></span> 
     </span>
     <span class='ocr_line' id='line_1_21' title="bbox 53 1459 1448 1517; baseline 0 -11"><span class='ocrx_word' id='word_1_149' title='bbox 53 1459 196 1506; x_wconf 84' lang='lat' dir='ltr'><strong>saeculi</strong></span> <span class='ocrx_word' id='word_1_150' title='bbox 226 1466 342 1505; x_wconf 87' lang='lat' dir='ltr'><strong>huius</strong></span> <span class='ocrx_word' id='word_1_151' title='bbox 373 1472 560 1517; x_wconf 85' lang='lat' dir='ltr'><strong>generant</strong></span> <span class='ocrx_word' id='word_1_152' title='bbox 591 1473 629 1505; x_wconf 93' lang='lat' dir='ltr'><strong>et</strong></span> <span class='ocrx_word' id='word_1_153' title='bbox 660 1473 905 1517; x_wconf 81' lang='lat' dir='ltr'><strong>generantur.</strong></span> <span class='ocrx_word' id='word_1_154' title='bbox 1404 1476 1448 1507; x_wconf 80' lang='lat'><strong>20</strong></span> 
     </span>
    </p>

    <p class='ocr_par' dir='ltr' id='par_1_6' title="bbox 52 1525 1447 2102">
     <span class='ocr_line' id='line_1_22' title="bbox 168 1525 1377 1577; baseline 0.002 -14"><span class='ocrx_word' id='word_1_155' title='bbox 168 1525 217 1564; x_wconf 87' lang='lat' dir='ltr'><strong>Et</strong></span> <span class='ocrx_word' id='word_1_156' title='bbox 241 1525 327 1563; x_wconf 92' lang='lat' dir='ltr'><strong>ideo</strong></span> <span class='ocrx_word' id='word_1_157' title='bbox 354 1525 438 1563; x_wconf 90' lang='lat' dir='ltr'><strong>illae</strong></span> <span class='ocrx_word' id='word_1_158' title='bbox 466 1526 621 1576; x_wconf 87' lang='lat' dir='ltr'><strong>nuptiae</strong></span> <span class='ocrx_word' id='word_1_159' title='bbox 642 1525 777 1575; x_wconf 82' lang='lat' dir='ltr'><strong>dignae</strong></span> <span class='ocrx_word' id='word_1_160' title='bbox 804 1525 985 1564; x_wconf 89' lang='lat' dir='ltr'><strong>felicitate</strong></span> <span class='ocrx_word' id='word_1_161' title='bbox 1017 1526 1259 1577; x_wconf 82' lang='lat' dir='ltr'><strong>paradisi‚-si</strong></span> <span class='ocrx_word' id='word_1_162' title='bbox 1290 1538 1377 1577; x_wconf 88' lang='lat' dir='ltr'><strong>pec-</strong></span> 
     </span>
     <span class='ocr_line' id='line_1_23' title="bbox 53 1583 1377 1635; baseline -0.001 -11"><span class='ocrx_word' id='word_1_163' title='bbox 53 1591 181 1624; x_wconf 85' lang='lat' dir='ltr'><strong>catum</strong></span> <span class='ocrx_word' id='word_1_164' title='bbox 213 1596 289 1622; x_wconf 92' lang='lat' dir='ltr'><strong>non</strong></span> <span class='ocrx_word' id='word_1_165' title='bbox 321 1584 471 1635; x_wconf 87' lang='lat' dir='ltr'><strong>fuisset,</strong></span> <span class='ocrx_word' id='word_1_166' title='bbox 502 1589 540 1622; x_wconf 90' lang='lat' dir='ltr'><strong>et</strong></span> <span class='ocrx_word' id='word_1_167' title='bbox 564 1583 796 1634; x_wconf 89' lang='lat' dir='ltr'><strong>diligendam</strong></span> <span class='ocrx_word' id='word_1_168' title='bbox 827 1584 975 1634; x_wconf 88' lang='lat' dir='ltr'><strong>prolem</strong></span> <span class='ocrx_word' id='word_1_169' title='bbox 1006 1585 1210 1634; x_wconf 85' lang='lat' dir='ltr'><strong>gignerent</strong></span> <span class='ocrx_word' id='word_1_170' title='bbox 1240 1590 1278 1622; x_wconf 94' lang='lat' dir='ltr'><strong>et</strong></span> <span class='ocrx_word' id='word_1_171' title='bbox 1308 1597 1377 1635; x_wconf 92' lang='lat' dir='ltr'><strong>pu-</strong></span> 
     </span>
     <span class='ocr_line' id='line_1_24' title="bbox 53 1641 1379 1692; baseline -0.002 -10"><span class='ocrx_word' id='word_1_172' title='bbox 53 1642 217 1682; x_wconf 87' lang='lat' dir='ltr'><strong>dendam</strong></span> <span class='ocrx_word' id='word_1_173' title='bbox 248 1641 446 1680; x_wconf 88' lang='lat' dir='ltr'><strong>libidinem</strong></span> <span class='ocrx_word' id='word_1_174' title='bbox 488 1653 563 1680; x_wconf 91' lang='lat' dir='ltr'><strong>non</strong></span> <span class='ocrx_word' id='word_1_175' title='bbox 604 1641 802 1679; x_wconf 53' lang='lat' dir='ltr'><strong>haberent</strong></span> <span class='ocrx_word' id='word_1_176' title='bbox 865 1642 939 1680; x_wconf 86' lang='lat' dir='ltr'><strong>Sed</strong></span> <span class='ocrx_word' id='word_1_177' title='bbox 973 1653 1048 1692; x_wconf 87' lang='lat' dir='ltr'><strong>quo</strong></span> <span class='ocrx_word' id='word_1_178' title='bbox 1080 1642 1193 1680; x_wconf 89' lang='lat' dir='ltr'><strong>modo</strong></span> <span class='ocrx_word' id='word_1_179' title='bbox 1225 1642 1263 1680; x_wconf 93' lang='lat' dir='ltr'><strong>id</strong></span> <span class='ocrx_word' id='word_1_180' title='bbox 1294 1643 1379 1681; x_wconf 88' lang='lat' dir='ltr'><strong>fieri</strong></span> 
     </span>
     <span class='ocr_line' id='line_1_25' title="bbox 52 1699 1376 1755; baseline 0 -16"><span class='ocrx_word' id='word_1_181' title='bbox 52 1706 205 1753; x_wconf 90' lang='lat' dir='ltr'><strong>posset,</strong></span> <span class='ocrx_word' id='word_1_182' title='bbox 246 1712 349 1755; x_wconf 83' lang='lat' dir='ltr'><strong>nunc</strong></span> <span class='ocrx_word' id='word_1_183' title='bbox 389 1712 465 1738; x_wconf 91' lang='lat' dir='ltr'><strong>non</strong></span> <span class='ocrx_word' id='word_1_184' title='bbox 508 1705 567 1738; x_wconf 90' lang='lat' dir='ltr'><strong>est</strong></span> <span class='ocrx_word' id='word_1_185' title='bbox 605 1712 680 1750; x_wconf 91' lang='lat' dir='ltr'><strong>quo</strong></span> <span class='ocrx_word' id='word_1_186' title='bbox 720 1699 1010 1738; x_wconf 87' lang='lat' dir='ltr'><strong>demonstretur</strong></span> <span class='ocrx_word' id='word_1_187' title='bbox 1050 1700 1236 1751; x_wconf 83' lang='lat' dir='ltr'><strong>exemplo.</strong></span> <span class='ocrx_word' id='word_1_188' title='bbox 1297 1700 1376 1739; x_wconf 89' lang='lat' dir='ltr'><strong>Nec</strong></span> 
     </span>
     <span class='ocr_line' id='line_1_26' title="bbox 53 1757 1446 1798; baseline -0.001 0"><span class='ocrx_word' id='word_1_189' title='bbox 53 1760 139 1798; x_wconf 88' lang='lat' dir='ltr'><strong>ideo</strong></span> <span class='ocrx_word' id='word_1_190' title='bbox 166 1764 293 1797; x_wconf 89' lang='lat' dir='ltr'><strong>tamen</strong></span> <span class='ocrx_word' id='word_1_191' title='bbox 319 1757 546 1796; x_wconf 88' lang='lat' dir='ltr'><strong>incredibile</strong></span> <span class='ocrx_word' id='word_1_192' title='bbox 574 1758 689 1796; x_wconf 90' lang='lat' dir='ltr'><strong>debet</strong></span> <span class='ocrx_word' id='word_1_193' title='bbox 715 1758 836 1796; x_wconf 90' lang='lat' dir='ltr'><strong>videri</strong></span> <span class='ocrx_word' id='word_1_194' title='bbox 868 1760 982 1796; x_wconf 90' lang='lat' dir='ltr'><strong>etiam</strong></span> <span class='ocrx_word' id='word_1_195' title='bbox 1013 1758 1107 1796; x_wconf 88' lang='lat' dir='ltr'><strong>illud</strong></span> <span class='ocrx_word' id='word_1_196' title='bbox 1139 1771 1260 1797; x_wconf 92' lang='lat' dir='ltr'><strong>unum</strong></span> <span class='ocrx_word' id='word_1_197' title='bbox 1293 1761 1375 1797; x_wconf 88' lang='lat' dir='ltr'><strong>sine</strong></span> <span class='ocrx_word' id='word_1_198' title='bbox 1403 1767 1446 1797; x_wconf 80' lang='lat'><strong>25</strong></span> 
     </span>
     <span class='ocr_line' id='line_1_27' title="bbox 53 1815 1377 1868; baseline -0.001 -12"><span class='ocrx_word' id='word_1_199' title='bbox 53 1819 127 1857; x_wconf 88' lang='lat' dir='ltr'><strong>ista</strong></span> <span class='ocrx_word' id='word_1_200' title='bbox 166 1816 325 1855; x_wconf 87' lang='lat' dir='ltr'><strong>libidine</strong></span> <span class='ocrx_word' id='word_1_201' title='bbox 365 1815 552 1854; x_wconf 89' lang='lat' dir='ltr'><strong>voluntati</strong></span> <span class='ocrx_word' id='word_1_202' title='bbox 592 1817 764 1867; x_wconf 86' lang='lat' dir='ltr'><strong>potuisse</strong></span> <span class='ocrx_word' id='word_1_203' title='bbox 807 1818 973 1868; x_wconf 86' lang='lat' dir='ltr'><strong>servire,</strong></span> <span class='ocrx_word' id='word_1_204' title='bbox 1015 1818 1077 1855; x_wconf 89' lang='lat' dir='ltr'><strong>cui</strong></span> <span class='ocrx_word' id='word_1_205' title='bbox 1118 1822 1175 1855; x_wconf 85' lang='lat' dir='ltr'><strong>tot</strong></span> <span class='ocrx_word' id='word_1_206' title='bbox 1206 1817 1377 1855; x_wconf 87' lang='lat' dir='ltr'><strong>membra</strong></span> 
     </span>
     <span class='ocr_line' id='line_1_28' title="bbox 53 1874 1378 1927; baseline -0.002 -12"><span class='ocrx_word' id='word_1_207' title='bbox 53 1887 158 1915; x_wconf 88' lang='lat' dir='ltr'><strong>nunc</strong></span> <span class='ocrx_word' id='word_1_208' title='bbox 189 1876 373 1913; x_wconf 83' lang='lat' dir='ltr'><strong>serviunt.</strong></span> <span class='ocrx_word' id='word_1_209' title='bbox 433 1874 490 1912; x_wconf 84' lang='lat' dir='ltr'><strong>An</strong></span> <span class='ocrx_word' id='word_1_210' title='bbox 523 1886 613 1912; x_wconf 93' lang='lat' dir='ltr'><strong>vero</strong></span> <span class='ocrx_word' id='word_1_211' title='bbox 645 1886 781 1913; x_wconf 87' lang='lat' dir='ltr'><strong>manus</strong></span> <span class='ocrx_word' id='word_1_212' title='bbox 813 1880 851 1912; x_wconf 91' lang='lat' dir='ltr'><strong>et</strong></span> <span class='ocrx_word' id='word_1_213' title='bbox 882 1875 1000 1925; x_wconf 87' lang='lat' dir='ltr'><strong>pedes</strong></span> <span class='ocrx_word' id='word_1_214' title='bbox 1032 1887 1248 1927; x_wconf 89' lang='lat' dir='ltr'><strong>movemus,</strong></span> <span class='ocrx_word' id='word_1_215' title='bbox 1289 1887 1378 1914; x_wconf 91' lang='lat' dir='ltr'><strong>cum</strong></span> 
     </span>
     <span class='ocr_line' id='line_1_29' title="bbox 53 1932 1376 1984; baseline 0 -12"><span class='ocrx_word' id='word_1_216' title='bbox 53 1934 243 1984; x_wconf 89' lang='lat' dir='ltr'><strong>volumus,</strong></span> <span class='ocrx_word' id='word_1_217' title='bbox 274 1932 320 1970; x_wconf 87' lang='lat' dir='ltr'><strong>ad</strong></span> <span class='ocrx_word' id='word_1_218' title='bbox 353 1944 407 1983; x_wconf 87' lang='lat' dir='ltr'><strong>ea,</strong></span> <span class='ocrx_word' id='word_1_219' title='bbox 439 1944 536 1982; x_wconf 86' lang='lat' dir='ltr'><strong>quae</strong></span> <span class='ocrx_word' id='word_1_220' title='bbox 568 1932 627 1971; x_wconf 89' lang='lat' dir='ltr'><strong>his</strong></span> <span class='ocrx_word' id='word_1_221' title='bbox 658 1932 843 1971; x_wconf 89' lang='lat' dir='ltr'><strong>membris</strong></span> <span class='ocrx_word' id='word_1_222' title='bbox 875 1933 1020 1983; x_wconf 84' lang='lat' dir='ltr'><strong>agenda</strong></span> <span class='ocrx_word' id='word_1_223' title='bbox 1052 1939 1154 1984; x_wconf 90' lang='lat' dir='ltr'><strong>sunt,</strong></span> <span class='ocrx_word' id='word_1_224' title='bbox 1185 1935 1267 1971; x_wconf 91' lang='lat' dir='ltr'><strong>sine</strong></span> <span class='ocrx_word' id='word_1_225' title='bbox 1300 1933 1376 1972; x_wconf 91' lang='lat' dir='ltr'><strong>ullo</strong></span> 
     </span>
     <span class='ocr_line' id='line_1_30' title="bbox 55 1991 1376 2043; baseline 0 -13"><span class='ocrx_word' id='word_1_226' title='bbox 55 1993 206 2043; x_wconf 89' lang='lat' dir='ltr'><strong>renisu,</strong></span> <span class='ocrx_word' id='word_1_227' title='bbox 244 1996 349 2029; x_wconf 89' lang='lat' dir='ltr'><strong>tanta</strong></span> <span class='ocrx_word' id='word_1_228' title='bbox 381 1991 580 2043; x_wconf 85' lang='lat' dir='ltr'><strong>facilitate,</strong></span> <span class='ocrx_word' id='word_1_229' title='bbox 618 1997 760 2041; x_wconf 85' lang='lat' dir='ltr'><strong>quanta</strong></span> <span class='ocrx_word' id='word_1_230' title='bbox 791 1996 830 2029; x_wconf 91' lang='lat' dir='ltr'><strong>et</strong></span> <span class='ocrx_word' id='word_1_231' title='bbox 860 1992 899 2029; x_wconf 91' lang='lat' dir='ltr'><strong>in</strong></span> <span class='ocrx_word' id='word_1_232' title='bbox 926 1991 1037 2030; x_wconf 88' lang='lat' dir='ltr'><strong>nobis</strong></span> <span class='ocrx_word' id='word_1_233' title='bbox 1069 1998 1108 2029; x_wconf 91' lang='lat' dir='ltr'><strong>et</strong></span> <span class='ocrx_word' id='word_1_234' title='bbox 1138 1993 1178 2030; x_wconf 93' lang='lat' dir='ltr'><strong>in</strong></span> <span class='ocrx_word' id='word_1_235' title='bbox 1211 1991 1293 2030; x_wconf 87' lang='lat' dir='ltr'><strong>aliis</strong></span> <span class='ocrx_word' id='word_1_236' title='bbox 1325 1993 1376 2030; x_wconf 91' lang='lat' dir='ltr'><strong>vi-</strong></span> 
     </span>
     <span class='ocr_line' id='line_1_31' title="bbox 55 2049 1447 2102; baseline 0.001 -14"><span class='ocrx_word' id='word_1_237' title='bbox 55 2050 209 2101; x_wconf 88' lang='lat' dir='ltr'><strong>demus,</strong></span> <span class='ocrx_word' id='word_1_238' title='bbox 246 2050 407 2087; x_wconf 85' lang='lat' dir='ltr'><strong>maxime</strong></span> <span class='ocrx_word' id='word_1_239' title='bbox 445 2050 485 2087; x_wconf 91' lang='lat' dir='ltr'><strong>in</strong></span> <span class='ocrx_word' id='word_1_240' title='bbox 522 2049 734 2088; x_wconf 82' lang='lat' dir='ltr'><strong>artificibus</strong></span> <span class='ocrx_word' id='word_1_241' title='bbox 773 2061 1016 2100; x_wconf 88' lang='lat' dir='ltr'><strong>quorumque</strong></span> <span class='ocrx_word' id='word_1_242' title='bbox 1049 2061 1211 2101; x_wconf 88' lang='lat' dir='ltr'><strong>operum</strong></span> <span class='ocrx_word' id='word_1_243' title='bbox 1242 2062 1376 2102; x_wconf 93' lang='lat' dir='ltr'><strong>corpo·</strong></span> <span class='ocrx_word' id='word_1_244' title='bbox 1404 2058 1447 2089; x_wconf 89' lang='lat'><strong>30</strong></span> 
     </span>
    </p>
   </div>
   <div class='ocr_carea' id='block_1_6' title="bbox 149 2149 1052 2194">
    <p class='ocr_par' dir='ltr' id='par_1_7' title="bbox 149 2149 1052 2194">
     <span class='ocr_line' id='line_1_32' title="bbox 149 2149 1052 2194; baseline 0.001 -10"><span class='ocrx_word' id='word_1_245' title='bbox 149 2152 184 2194; x_wconf 87' lang='lat'><strong>4)</strong></span> <span class='ocrx_word' id='word_1_246' title='bbox 211 2149 302 2194; x_wconf 85' lang='lat' dir='ltr'><strong>Eph.</strong></span> <span class='ocrx_word' id='word_1_247' title='bbox 330 2153 361 2193; x_wconf 87' lang='lat'><strong>5,</strong></span> <span class='ocrx_word' id='word_1_248' title='bbox 388 2153 451 2193; x_wconf 73' lang='lat'><strong>253</strong></span> <span class='ocrx_word' id='word_1_249' title='bbox 478 2150 553 2184; x_wconf 87' lang='lat' dir='ltr'><strong>Col.</strong></span> <span class='ocrx_word' id='word_1_250' title='bbox 580 2154 612 2193; x_wconf 88' lang='lat'><strong>3,</strong></span> <span class='ocrx_word' id='word_1_251' title='bbox 640 2154 692 2184; x_wconf 84' lang='lat'><strong>19.</strong></span> <span class='ocrx_word' id='word_1_252' title='bbox 745 2151 802 2193; x_wconf 81' lang='lat'><strong>20)</strong></span> <span class='ocrx_word' id='word_1_253' title='bbox 830 2150 889 2184; x_wconf 84' lang='lat' dir='ltr'><strong>Le.</strong></span> <span class='ocrx_word' id='word_1_254' title='bbox 916 2154 971 2193; x_wconf 80' lang='lat'><strong>20,</strong></span> <span class='ocrx_word' id='word_1_255' title='bbox 998 2155 1052 2185; x_wconf 87' lang='lat'><strong>34.</strong></span> 
     </span>
    </p>
   </div>
   <div class='ocr_carea' id='block_1_7' title="bbox 151 2300 1296 2345">
    <p class='ocr_par' dir='ltr' id='par_1_8' title="bbox 151 2300 1296 2345">
     <span class='ocr_line' id='line_1_33' title="bbox 151 2300 1296 2345; baseline -0.001 -9"><span class='ocrx_word' id='word_1_256' title='bbox 151 2306 168 2336; x_wconf 80' lang='lat'><strong>7</strong></span> <span class='ocrx_word' id='word_1_257' title='bbox 196 2302 336 2335; x_wconf 77' lang='lat' dir='ltr'><strong>aestum</strong></span> <span class='ocrx_word' id='word_1_258' title='bbox 370 2300 403 2334; x_wconf 91' lang='lat' dir='ltr'><strong><em>V</em></strong></span> <span class='ocrx_word' id='word_1_259' title='bbox 424 2302 500 2343; x_wconf 81' lang='lat'><strong>(38,</strong></span> <span class='ocrx_word' id='word_1_260' title='bbox 525 2304 611 2344; x_wconf 59' lang='lat'><strong>263),-</strong></span> <span class='ocrx_word' id='word_1_261' title='bbox 637 2302 758 2335; x_wconf 74' lang='lat' dir='ltr'><strong>actum</strong></span> <span class='ocrx_word' id='word_1_262' title='bbox 783 2312 803 2335; x_wconf 83' lang='lat' dir='ltr'><strong><em>v</em></strong></span> <span class='ocrx_word' id='word_1_263' title='bbox 823 2303 834 2345; x_wconf 87' lang='grc' dir='ltr'><strong>ΙΙ</strong></span> <span class='ocrx_word' id='word_1_264' title='bbox 854 2305 873 2336; x_wconf 87' lang='grc'>8</span> <span class='ocrx_word' id='word_1_265' title='bbox 899 2302 991 2337; x_wconf 70' lang='lat' dir='ltr'><strong>ratio</strong></span> <span class='ocrx_word' id='word_1_266' title='bbox 1025 2302 1075 2344; x_wconf 87' lang='lat' dir='ltr'><strong>V‚·</strong></span> <span class='ocrx_word' id='word_1_267' title='bbox 1100 2302 1250 2336; x_wconf 76' lang='lat' dir='ltr'><strong>traditio</strong></span> <span class='ocrx_word' id='word_1_268' title='bbox 1276 2311 1296 2335; x_wconf 84' lang='lat' dir='ltr'><em>v</em></span> 
     </span>
    </p>
   </div>
  </div>
 </body>
</html>
