<?xml version="1.0" encoding="UTF-8"?>
<!DOCTYPE html PUBLIC "-//W3C//DTD XHTML 1.0 Transitional//EN"
    "http://www.w3.org/TR/xhtml1/DTD/xhtml1-transitional.dtd">
<html xmlns="http://www.w3.org/1999/xhtml" xml:lang="en" lang="en">
 <head>
  <title>
</title>
<meta http-equiv="Content-Type" content="text/html;charset=utf-8" />
  <meta name='ocr-system' content='tesseract 3.04.00' />
  <meta name='ocr-capabilities' content='ocr_page ocr_carea ocr_par ocr_line ocrx_word'/>
</head>
<body>
  <div class='ocr_page' id='page_1' title='image "./sanctiaureliiaug02auguuoft_0340.png"; bbox 0 0 1611 2465; ppageno 0'>
   <div class='ocr_carea' id='block_1_1' title="bbox 119 104 927 145">
    <p class='ocr_par' dir='ltr' id='par_1_1' title="bbox 119 104 927 145">
     <span class='ocr_line' id='line_1_1' title="bbox 119 104 927 145; baseline -0.004 -11"><span class='ocrx_word' id='word_1_1' title='bbox 119 104 205 145; x_wconf 75' lang='grc'>334</span> <span class='ocrx_word' id='word_1_2' title='bbox 661 108 688 133; x_wconf 73' lang='lat' dir='ltr'>S,</span> <span class='ocrx_word' id='word_1_3' title='bbox 708 106 927 133; x_wconf 81' lang='lat' dir='ltr'>AUGUSTINI</span> 
     </span>
    </p>
   </div>
   <div class='ocr_carea' id='block_1_2' title="bbox 74 195 1462 603">
    <p class='ocr_par' dir='ltr' id='par_1_2' title="bbox 119 195 1459 424">
     <span class='ocr_line' id='line_1_2' title="bbox 120 195 1458 252; baseline -0.005 -12"><span class='ocrx_word' id='word_1_4' title='bbox 120 201 374 252; x_wconf 84' lang='lat' dir='ltr'>quadraginta</span> <span class='ocrx_word' id='word_1_5' title='bbox 413 199 496 236; x_wconf 88' lang='lat' dir='ltr'>dies</span> <span class='ocrx_word' id='word_1_6' title='bbox 535 209 624 235; x_wconf 85' lang='lat' dir='ltr'>cum</span> <span class='ocrx_word' id='word_1_7' title='bbox 663 195 864 246; x_wconf 81' lang='lat' dir='ltr'>discipulis</span> <span class='ocrx_word' id='word_1_8' title='bbox 903 197 984 234; x_wconf 91' lang='lat' dir='ltr'>suis</span> <span class='ocrx_word' id='word_1_9' title='bbox 1022 201 1137 246; x_wconf 87' lang='lat' dir='ltr'>atque</span> <span class='ocrx_word' id='word_1_10' title='bbox 1169 197 1264 246; x_wconf 88' lang='lat' dir='ltr'>ipsis</span> <span class='ocrx_word' id='word_1_11' title='bbox 1296 196 1458 234; x_wconf 87' lang='lat' dir='ltr'>videnti-</span> 
     </span>
     <span class='ocr_line' id='line_1_3' title="bbox 119 254 1456 305; baseline -0.005 -6"><span class='ocrx_word' id='word_1_12' title='bbox 119 260 193 299; x_wconf 88' lang='lat' dir='ltr'>bus</span> <span class='ocrx_word' id='word_1_13' title='bbox 225 258 400 297; x_wconf 91' lang='lat' dir='ltr'>ascendit</span> <span class='ocrx_word' id='word_1_14' title='bbox 431 259 471 294; x_wconf 92' lang='lat' dir='ltr'>in</span> <span class='ocrx_word' id='word_1_15' title='bbox 504 255 654 294; x_wconf 90' lang='lat' dir='ltr'>caelum</span> <span class='ocrx_word' id='word_1_16' title='bbox 686 260 724 293; x_wconf 87' lang='lat' dir='ltr'>et</span> <span class='ocrx_word' id='word_1_17' title='bbox 755 260 844 305; x_wconf 89' lang='lat' dir='ltr'>post</span> <span class='ocrx_word' id='word_1_18' title='bbox 875 254 959 292; x_wconf 89' lang='lat' dir='ltr'>dies</span> <span class='ocrx_word' id='word_1_19' title='bbox 992 254 1125 292; x_wconf 88' lang='lat' dir='ltr'>decem</span> <span class='ocrx_word' id='word_1_20' title='bbox 1158 256 1263 292; x_wconf 80' lang='lat' dir='ltr'>misit</span> <span class='ocrx_word' id='word_1_21' title='bbox 1294 256 1456 305; x_wconf 87' lang='lat' dir='ltr'>promis·</span> 
     </span>
     <span class='ocr_line' id='line_1_4' title="bbox 121 313 1459 368; baseline -0.005 -11"><span class='ocrx_word' id='word_1_22' title='bbox 121 331 207 358; x_wconf 88' lang='lat' dir='ltr'>sum</span> <span class='ocrx_word' id='word_1_23' title='bbox 242 318 431 368; x_wconf 87' lang='lat' dir='ltr'>Spiritum</span> <span class='ocrx_word' id='word_1_24' title='bbox 464 320 661 365; x_wconf 78' lang='lat' dir='ltr'>sanctum3</span> <span class='ocrx_word' id='word_1_25' title='bbox 693 314 807 351; x_wconf 86' lang='lat' dir='ltr'>cuius</span> <span class='ocrx_word' id='word_1_26' title='bbox 838 314 1031 351; x_wconf 87' lang='lat' dir='ltr'>venientis</span> <span class='ocrx_word' id='word_1_27' title='bbox 1062 314 1102 351; x_wconf 91' lang='lat' dir='ltr'>in</span> <span class='ocrx_word' id='word_1_28' title='bbox 1136 325 1202 351; x_wconf 88' lang='lat' dir='ltr'>eos</span> <span class='ocrx_word' id='word_1_29' title='bbox 1236 315 1303 363; x_wconf 87' lang='lat' dir='ltr'>qui</span> <span class='ocrx_word' id='word_1_30' title='bbox 1335 313 1459 351; x_wconf 84' lang='lat' dir='ltr'>credi·</span> 
     </span>
     <span class='ocr_line' id='line_1_5' title="bbox 122 373 1459 424; baseline -0.004 -9"><span class='ocrx_word' id='word_1_31' title='bbox 122 377 259 415; x_wconf 78' lang='lat' dir='ltr'>derant</span> <span class='ocrx_word' id='word_1_32' title='bbox 286 382 380 413; x_wconf 84' lang='lat' dir='ltr'>tunc</span> <span class='ocrx_word' id='word_1_33' title='bbox 406 375 561 423; x_wconf 83' lang='lat' dir='ltr'>signum</span> <span class='ocrx_word' id='word_1_34' title='bbox 582 378 665 410; x_wconf 88' lang='lat' dir='ltr'>erat</span> <span class='ocrx_word' id='word_1_35' title='bbox 691 373 901 410; x_wconf 85' lang='lat' dir='ltr'>maximum</span> <span class='ocrx_word' id='word_1_36' title='bbox 928 377 966 409; x_wconf 85' lang='lat' dir='ltr'>et</span> <span class='ocrx_word' id='word_1_37' title='bbox 992 373 1155 410; x_wconf 83' lang='lat' dir='ltr'>maxime</span> <span class='ocrx_word' id='word_1_38' title='bbox 1183 373 1459 424; x_wconf 76' lang='lat' dir='ltr'>necessarium,</span> 
     </span>
    </p>

    <p class='ocr_par' dir='ltr' id='par_1_3' title="bbox 74 430 1462 603">
     <span class='ocr_line' id='line_1_6' title="bbox 74 430 1459 483; baseline -0.006 -8"><span class='ocrx_word' id='word_1_39' title='bbox 74 444 94 475; x_wconf 89' lang='lat'>5</span> <span class='ocrx_word' id='word_1_40' title='bbox 123 442 166 474; x_wconf 90' lang='lat' dir='ltr'>ut</span> <span class='ocrx_word' id='word_1_41' title='bbox 198 434 470 483; x_wconf 84' lang='lat' dir='ltr'>unusquisque</span> <span class='ocrx_word' id='word_1_42' title='bbox 511 443 647 469; x_wconf 88' lang='lat' dir='ltr'>eorum</span> <span class='ocrx_word' id='word_1_43' title='bbox 686 430 828 480; x_wconf 87' lang='lat' dir='ltr'>linguis</span> <span class='ocrx_word' id='word_1_44' title='bbox 871 431 1045 468; x_wconf 87' lang='lat' dir='ltr'>omnium</span> <span class='ocrx_word' id='word_1_45' title='bbox 1076 432 1250 480; x_wconf 83' lang='lat' dir='ltr'>gentium</span> <span class='ocrx_word' id='word_1_46' title='bbox 1282 430 1459 480; x_wconf 90' lang='lat' dir='ltr'>loquere-</span> 
     </span>
     <span class='ocr_line' id='line_1_7' title="bbox 122 488 1462 544; baseline -0.004 -12"><span class='ocrx_word' id='word_1_47' title='bbox 122 501 204 544; x_wconf 82' lang='lat' dir='ltr'>tur3</span> <span class='ocrx_word' id='word_1_48' title='bbox 236 494 288 531; x_wconf 89' lang='lat' dir='ltr'>ita</span> <span class='ocrx_word' id='word_1_49' title='bbox 314 491 536 541; x_wconf 85' lang='lat' dir='ltr'>significans</span> <span class='ocrx_word' id='word_1_50' title='bbox 562 491 752 527; x_wconf 84' lang='lat' dir='ltr'>unitatem</span> <span class='ocrx_word' id='word_1_51' title='bbox 779 488 989 527; x_wconf 89' lang='lat' dir='ltr'>catholicae</span> <span class='ocrx_word' id='word_1_52' title='bbox 1017 488 1203 526; x_wconf 85' lang='lat' dir='ltr'>ecclesiae</span> <span class='ocrx_word' id='word_1_53' title='bbox 1230 500 1300 539; x_wconf 90' lang='lat' dir='ltr'>per</span> <span class='ocrx_word' id='word_1_54' title='bbox 1325 500 1462 527; x_wconf 90' lang='lat' dir='ltr'>omnes</span> 
     </span>
     <span class='ocr_line' id='line_1_8' title="bbox 121 546 1277 603; baseline -0.005 -13"><span class='ocrx_word' id='word_1_55' title='bbox 121 558 258 603; x_wconf 79' lang='lat' dir='ltr'><strong>gentes</strong></span> <span class='ocrx_word' id='word_1_56' title='bbox 291 551 462 589; x_wconf 83' lang='lat' dir='ltr'>suturam</span> <span class='ocrx_word' id='word_1_57' title='bbox 495 560 539 586; x_wconf 90' lang='lat' dir='ltr'>ac</span> <span class='ocrx_word' id='word_1_58' title='bbox 572 550 627 586; x_wconf 89' lang='lat' dir='ltr'>sic</span> <span class='ocrx_word' id='word_1_59' title='bbox 659 547 802 598; x_wconf 88' lang='lat' dir='ltr'>linguis</span> <span class='ocrx_word' id='word_1_60' title='bbox 834 546 1016 585; x_wconf 88' lang='lat' dir='ltr'>omnibus</span> <span class='ocrx_word' id='word_1_61' title='bbox 1046 546 1277 585; x_wconf 81' lang='lat' dir='ltr'><strong>locuturam.</strong></span> 
     </span>
    </p>
   </div>
   <div class='ocr_carea' id='block_1_3' title="bbox 680 686 910 739">
    <p class='ocr_par' dir='ltr' id='par_1_4' title="bbox 680 686 910 739">
     <span class='ocr_line' id='line_1_9' title="bbox 680 686 910 739; baseline 0.004 -1"><span class='ocrx_word' id='word_1_62' title='bbox 680 686 832 738; x_wconf 82' lang='lat' dir='ltr'>CAPUT</span> <span class='ocrx_word' id='word_1_63' title='bbox 864 695 910 739; x_wconf 91' lang='lat' dir='ltr'>L.</span> 
     </span>
    </p>
   </div>
   <div class='ocr_carea' id='block_1_4' title="bbox 53 782 1420 888">
    <p class='ocr_par' dir='ltr' id='par_1_5' title="bbox 53 782 1420 888">
     <span class='ocr_line' id='line_1_10' title="bbox 162 782 1420 834; baseline -0.003 -10"><span class='ocrx_word' id='word_1_64' title='bbox 162 786 222 824; x_wconf 87' lang='lat' dir='ltr'>De</span> <span class='ocrx_word' id='word_1_65' title='bbox 248 786 560 834; x_wconf 82' lang='lat' dir='ltr'>praedicatione</span> <span class='ocrx_word' id='word_1_66' title='bbox 591 783 799 829; x_wconf 58' lang='lat' dir='ltr'>evangelii,</span> <span class='ocrx_word' id='word_1_67' title='bbox 831 793 935 829; x_wconf 83' lang='lat' dir='ltr'>quae</span> <span class='ocrx_word' id='word_1_68' title='bbox 961 793 1037 829; x_wconf 77' lang='lat' dir='ltr'>per</span> <span class='ocrx_word' id='word_1_69' title='bbox 1064 782 1272 829; x_wconf 77' lang='lat' dir='ltr'><em>passiones</em></span> <span class='ocrx_word' id='word_1_70' title='bbox 1298 793 1420 830; x_wconf 85' lang='lat' dir='ltr'>prae-</span> 
     </span>
     <span class='ocr_line' id='line_1_11' title="bbox 53 838 1268 888; baseline -0.005 -5"><span class='ocrx_word' id='word_1_71' title='bbox 53 853 95 883; x_wconf 91' lang='lat'>10</span> <span class='ocrx_word' id='word_1_72' title='bbox 318 844 541 881; x_wconf 82' lang='lat' dir='ltr'>dicantium</span> <span class='ocrx_word' id='word_1_73' title='bbox 575 842 728 879; x_wconf 88' lang='lat' dir='ltr'>clarior</span> <span class='ocrx_word' id='word_1_74' title='bbox 760 844 799 878; x_wconf 85' lang='lat' dir='ltr'>et</span> <span class='ocrx_word' id='word_1_75' title='bbox 823 841 1026 888; x_wconf 85' lang='lat' dir='ltr'>potentior</span> <span class='ocrx_word' id='word_1_76' title='bbox 1053 838 1169 887; x_wconf 85' lang='lat' dir='ltr'>sacta</span> <span class='ocrx_word' id='word_1_77' title='bbox 1201 844 1268 878; x_wconf 86' lang='lat' dir='ltr'>est.</span> 
     </span>
    </p>
   </div>
   <div class='ocr_carea' id='block_1_5' title="bbox 55 921 1466 2021">
    <p class='ocr_par' dir='ltr' id='par_1_6' title="bbox 241 921 1465 971">
     <span class='ocr_line' id='line_1_12' title="bbox 241 921 1465 971; baseline -0.002 -8"><span class='ocrx_word' id='word_1_78' title='bbox 241 924 386 963; x_wconf 79' lang='lat' dir='ltr'>Deinde</span> <span class='ocrx_word' id='word_1_79' title='bbox 429 922 646 962; x_wconf 89' lang='lat' dir='ltr'>secundum</span> <span class='ocrx_word' id='word_1_80' title='bbox 690 921 793 959; x_wconf 87' lang='lat' dir='ltr'>illam</span> <span class='ocrx_word' id='word_1_81' title='bbox 835 921 1097 971; x_wconf 78' lang='lat' dir='ltr'>prophetiam:</span> <span class='ocrx_word' id='word_1_82' title='bbox 1149 921 1214 959; x_wconf 71' lang='lat' dir='ltr'>Ex</span> <span class='ocrx_word' id='word_1_83' title='bbox 1258 921 1354 960; x_wconf 88' lang='lat' dir='ltr'>Sion</span> <span class='ocrx_word' id='word_1_84' title='bbox 1397 925 1465 961; x_wconf 77' lang='lat' dir='ltr'>lex</span> 
     </span>
    </p>

    <p class='ocr_par' dir='ltr' id='par_1_7' title="bbox 55 975 1466 1910">
     <span class='ocr_line' id='line_1_13' title="bbox 56 975 1462 1034; baseline -0.004 -12"><span class='ocrx_word' id='word_1_85' title='bbox 56 975 63 982; x_wconf 72' lang='grc'>’</span> <span class='ocrx_word' id='word_1_86' title='bbox 118 986 281 1034; x_wconf 78' lang='lat' dir='ltr'>prodiet</span> <span class='ocrx_word' id='word_1_87' title='bbox 318 988 355 1021; x_wconf 92' lang='lat' dir='ltr'>et</span> <span class='ocrx_word' id='word_1_88' title='bbox 395 983 557 1020; x_wconf 80' lang='lat' dir='ltr'>verbum</span> <span class='ocrx_word' id='word_1_89' title='bbox 590 981 751 1019; x_wconf 86' lang='lat' dir='ltr'>Domini</span> <span class='ocrx_word' id='word_1_90' title='bbox 781 992 832 1018; x_wconf 75' lang='lat' dir='ltr'>ex</span> <span class='ocrx_word' id='word_1_91' title='bbox 864 980 1135 1027; x_wconf 75' lang='lat' dir='ltr'>Hierusalem,</span> <span class='ocrx_word' id='word_1_92' title='bbox 1176 985 1214 1017; x_wconf 87' lang='lat' dir='ltr'>et</span> <span class='ocrx_word' id='word_1_93' title='bbox 1245 980 1462 1018; x_wconf 86' lang='lat' dir='ltr'>secundum</span> 
     </span>
     <span class='ocr_line' id='line_1_14' title="bbox 122 1037 1461 1093; baseline -0.002 -13"><span class='ocrx_word' id='word_1_94' title='bbox 122 1044 246 1093; x_wconf 91' lang='lat' dir='ltr'>ipsius</span> <span class='ocrx_word' id='word_1_95' title='bbox 287 1041 439 1079; x_wconf 87' lang='lat' dir='ltr'>Domini</span> <span class='ocrx_word' id='word_1_96' title='bbox 471 1039 617 1078; x_wconf 81' lang='lat' dir='ltr'>Christi</span> <span class='ocrx_word' id='word_1_97' title='bbox 654 1038 869 1089; x_wconf 84' lang='lat' dir='ltr'>praedicta,</span> <span class='ocrx_word' id='word_1_98' title='bbox 910 1037 976 1075; x_wconf 88' lang='lat' dir='ltr'>uhi</span> <span class='ocrx_word' id='word_1_99' title='bbox 1008 1044 1097 1088; x_wconf 80' lang='lat' dir='ltr'>post</span> <span class='ocrx_word' id='word_1_100' title='bbox 1129 1040 1461 1077; x_wconf 83' lang='lat' dir='ltr'>resurrectionem</span> 
     </span>
     <span class='ocr_line' id='line_1_15' title="bbox 123 1097 1461 1151; baseline -0.002 -12"><span class='ocrx_word' id='word_1_101' title='bbox 123 1099 373 1151; x_wconf 82' lang='lat' dir='ltr'>stupentibus</span> <span class='ocrx_word' id='word_1_102' title='bbox 406 1111 494 1137; x_wconf 89' lang='lat' dir='ltr'>eum</span> <span class='ocrx_word' id='word_1_103' title='bbox 529 1097 731 1148; x_wconf 83' lang='lat' dir='ltr'>discipulis</span> <span class='ocrx_word' id='word_1_104' title='bbox 764 1098 845 1134; x_wconf 87' lang='lat' dir='ltr'>suis</span> <span class='ocrx_word' id='word_1_105' title='bbox 878 1099 1041 1145; x_wconf 83' lang='lat' dir='ltr'>aperuit</span> <span class='ocrx_word' id='word_1_106' title='bbox 1070 1108 1243 1144; x_wconf 71' lang='lat' dir='ltr'>sensum,</span> <span class='ocrx_word' id='word_1_107' title='bbox 1276 1102 1320 1136; x_wconf 85' lang='lat' dir='ltr'>ut</span> <span class='ocrx_word' id='word_1_108' title='bbox 1351 1100 1461 1136; x_wconf 86' lang='lat' dir='ltr'>intel-</span> 
     </span>
     <span class='ocr_line' id='line_1_16' title="bbox 55 1157 1464 1207; baseline -0.003 -9"><span class='ocrx_word' id='word_1_109' title='bbox 55 1168 96 1198; x_wconf 88' lang='lat'>15</span> <span class='ocrx_word' id='word_1_110' title='bbox 123 1162 302 1207; x_wconf 70' lang='lat' dir='ltr'>leqerent</span> <span class='ocrx_word' id='word_1_111' title='bbox 339 1160 584 1206; x_wconf 76' lang='lat' dir='ltr'>scripturas,</span> <span class='ocrx_word' id='word_1_112' title='bbox 623 1162 661 1194; x_wconf 89' lang='lat' dir='ltr'>et</span> <span class='ocrx_word' id='word_1_113' title='bbox 698 1157 803 1193; x_wconf 66' lang='lat' dir='ltr'>dixit</span> <span class='ocrx_word' id='word_1_114' title='bbox 839 1157 912 1203; x_wconf 62' lang='lat' dir='ltr'>eis7</span> <span class='ocrx_word' id='word_1_115' title='bbox 951 1158 1137 1203; x_wconf 80' lang='lat' dir='ltr'>quoniam</span> <span class='ocrx_word' id='word_1_116' title='bbox 1174 1157 1233 1193; x_wconf 87' lang='lat' dir='ltr'>sic</span> <span class='ocrx_word' id='word_1_117' title='bbox 1270 1159 1464 1205; x_wconf 85' lang='lat' dir='ltr'>scriptum</span> 
     </span>
     <span class='ocr_line' id='line_1_17' title="bbox 124 1215 1462 1265; baseline -0.002 -9"><span class='ocrx_word' id='word_1_118' title='bbox 124 1223 200 1265; x_wconf 87' lang='lat' dir='ltr'>est,</span> <span class='ocrx_word' id='word_1_119' title='bbox 238 1222 277 1255; x_wconf 91' lang='lat' dir='ltr'>et</span> <span class='ocrx_word' id='word_1_120' title='bbox 306 1219 365 1255; x_wconf 87' lang='lat' dir='ltr'>sic</span> <span class='ocrx_word' id='word_1_121' title='bbox 397 1216 604 1264; x_wconf 78' lang='lat' dir='ltr'>oportebat</span> <span class='ocrx_word' id='word_1_122' title='bbox 640 1215 839 1252; x_wconf 75' lang='lat' dir='ltr'>Christum</span> <span class='ocrx_word' id='word_1_123' title='bbox 866 1216 956 1262; x_wconf 86' lang='lat' dir='ltr'>pati</span> <span class='ocrx_word' id='word_1_124' title='bbox 985 1219 1023 1251; x_wconf 90' lang='lat' dir='ltr'>et</span> <span class='ocrx_word' id='word_1_125' title='bbox 1056 1225 1272 1262; x_wconf 69' lang='lat' dir='ltr'>resuryere</span> <span class='ocrx_word' id='word_1_126' title='bbox 1303 1226 1329 1252; x_wconf 92' lang='lat' dir='ltr'>a</span> <span class='ocrx_word' id='word_1_127' title='bbox 1360 1227 1462 1253; x_wconf 92' lang='lat' dir='ltr'>mor-</span> 
     </span>
     <span class='ocr_line' id='line_1_18' title="bbox 125 1274 1464 1322; baseline -0.002 -8"><span class='ocrx_word' id='word_1_128' title='bbox 125 1278 203 1315; x_wconf 83' lang='lat' dir='ltr'>tuis</span> <span class='ocrx_word' id='word_1_129' title='bbox 235 1277 353 1314; x_wconf 86' lang='lat' dir='ltr'>tertio</span> <span class='ocrx_word' id='word_1_130' title='bbox 381 1276 444 1312; x_wconf 80' lang='lat' dir='ltr'>die</span> <span class='ocrx_word' id='word_1_131' title='bbox 470 1279 508 1312; x_wconf 90' lang='lat' dir='ltr'>et</span> <span class='ocrx_word' id='word_1_132' title='bbox 528 1274 772 1322; x_wconf 81' lang='lat' dir='ltr'>praedicari</span> <span class='ocrx_word' id='word_1_133' title='bbox 801 1274 841 1310; x_wconf 85' lang='lat' dir='ltr'>in</span> <span class='ocrx_word' id='word_1_134' title='bbox 873 1274 1031 1310; x_wconf 89' lang='lat' dir='ltr'>nomine</span> <span class='ocrx_word' id='word_1_135' title='bbox 1062 1274 1147 1310; x_wconf 88' lang='lat' dir='ltr'>eius</span> <span class='ocrx_word' id='word_1_136' title='bbox 1173 1275 1464 1321; x_wconf 86' lang='lat' dir='ltr'>paenitentiam</span> 
     </span>
     <span class='ocr_line' id='line_1_19' title="bbox 125 1333 1462 1380; baseline -0.001 -8"><span class='ocrx_word' id='word_1_137' title='bbox 125 1340 164 1373; x_wconf 89' lang='lat' dir='ltr'>et</span> <span class='ocrx_word' id='word_1_138' title='bbox 194 1335 465 1372; x_wconf 73' lang='lat' dir='ltr'>remissionem</span> <span class='ocrx_word' id='word_1_139' title='bbox 492 1337 754 1380; x_wconf 81' lang='lat' dir='ltr'>peecatorum</span> <span class='ocrx_word' id='word_1_140' title='bbox 781 1342 859 1379; x_wconf 79' lang='lat' dir='ltr'>per</span> <span class='ocrx_word' id='word_1_141' title='bbox 890 1342 1022 1368; x_wconf 87' lang='lat' dir='ltr'>omnes</span> <span class='ocrx_word' id='word_1_142' title='bbox 1050 1336 1206 1379; x_wconf 64' lang='lat' dir='ltr'>pentes,</span> <span class='ocrx_word' id='word_1_143' title='bbox 1240 1333 1462 1380; x_wconf 83' lang='lat' dir='ltr'>incipienti-</span> 
     </span>
     <span class='ocr_line' id='line_1_20' title="bbox 126 1388 1463 1437; baseline -0.002 -6"><span class='ocrx_word' id='word_1_144' title='bbox 126 1394 198 1432; x_wconf 83' lang='lat' dir='ltr'>bus</span> <span class='ocrx_word' id='word_1_145' title='bbox 239 1393 289 1430; x_wconf 84' lang='lat' dir='ltr'>ab</span> <span class='ocrx_word' id='word_1_146' title='bbox 332 1392 605 1437; x_wconf 82' lang='lat' dir='ltr'>Hierusalem,</span> <span class='ocrx_word' id='word_1_147' title='bbox 645 1395 684 1427; x_wconf 86' lang='lat' dir='ltr'>et</span> <span class='ocrx_word' id='word_1_148' title='bbox 724 1388 791 1427; x_wconf 89' lang='lat' dir='ltr'>ubi</span> <span class='ocrx_word' id='word_1_149' title='bbox 831 1401 970 1427; x_wconf 90' lang='lat' dir='ltr'>rursus</span> <span class='ocrx_word' id='word_1_150' title='bbox 1011 1390 1067 1427; x_wconf 89' lang='lat' dir='ltr'>eis</span> <span class='ocrx_word' id='word_1_151' title='bbox 1099 1389 1145 1427; x_wconf 93' lang='lat' dir='ltr'>de</span> <span class='ocrx_word' id='word_1_152' title='bbox 1179 1389 1347 1428; x_wconf 88' lang='lat' dir='ltr'>adventu</span> <span class='ocrx_word' id='word_1_153' title='bbox 1379 1391 1463 1429; x_wconf 90' lang='lat' dir='ltr'>eius</span> 
     </span>
     <span class='ocr_line' id='line_1_21' title="bbox 55 1447 1466 1499; baseline -0.001 -10"><span class='ocrx_word' id='word_1_154' title='bbox 55 1459 98 1490; x_wconf 83' lang='lat'>20</span> <span class='ocrx_word' id='word_1_155' title='bbox 125 1452 335 1489; x_wconf 88' lang='lat' dir='ltr'>novissimo</span> <span class='ocrx_word' id='word_1_156' title='bbox 386 1447 680 1499; x_wconf 82' lang='lat' dir='ltr'>requirentibus</span> <span class='ocrx_word' id='word_1_157' title='bbox 730 1448 933 1497; x_wconf 84' lang='lat' dir='ltr'>respondit</span> <span class='ocrx_word' id='word_1_158' title='bbox 985 1453 1100 1498; x_wconf 83' lang='lat' dir='ltr'>atque</span> <span class='ocrx_word' id='word_1_159' title='bbox 1151 1449 1220 1487; x_wconf 88' lang='lat' dir='ltr'>ait:</span> <span class='ocrx_word' id='word_1_160' title='bbox 1272 1450 1359 1487; x_wconf 86' lang='lat' dir='ltr'>Non</span> <span class='ocrx_word' id='word_1_161' title='bbox 1407 1453 1466 1488; x_wconf 84' lang='lat' dir='ltr'>est</span> 
     </span>
     <span class='ocr_line' id='line_1_22' title="bbox 126 1507 1464 1555; baseline -0.001 -8"><span class='ocrx_word' id='word_1_162' title='bbox 126 1515 298 1548; x_wconf 85' lang='lat' dir='ltr'>vestrum</span> <span class='ocrx_word' id='word_1_163' title='bbox 323 1510 432 1546; x_wconf 88' lang='lat' dir='ltr'>scire</span> <span class='ocrx_word' id='word_1_164' title='bbox 451 1512 630 1555; x_wconf 84' lang='lat' dir='ltr'>tempora</span> <span class='ocrx_word' id='word_1_165' title='bbox 650 1518 754 1554; x_wconf 82' lang='lat' dir='ltr'>quae</span> <span class='ocrx_word' id='word_1_166' title='bbox 781 1507 906 1544; x_wconf 89' lang='lat' dir='ltr'>Pater</span> <span class='ocrx_word' id='word_1_167' title='bbox 926 1509 1060 1555; x_wconf 80' lang='lat' dir='ltr'>posuit</span> <span class='ocrx_word' id='word_1_168' title='bbox 1087 1509 1126 1545; x_wconf 91' lang='lat' dir='ltr'>in</span> <span class='ocrx_word' id='word_1_169' title='bbox 1151 1518 1226 1545; x_wconf 89' lang='lat' dir='ltr'>sua</span> <span class='ocrx_word' id='word_1_170' title='bbox 1247 1511 1464 1555; x_wconf 86' lang='lat' dir='ltr'>potestate;</span> 
     </span>
     <span class='ocr_line' id='line_1_23' title="bbox 125 1565 1465 1615; baseline -0.001 -9"><span class='ocrx_word' id='word_1_171' title='bbox 125 1570 198 1607; x_wconf 84' lang='lat' dir='ltr'>sed</span> <span class='ocrx_word' id='word_1_172' title='bbox 227 1568 434 1615; x_wconf 75' lang='lat' dir='ltr'>accipietis</span> <span class='ocrx_word' id='word_1_173' title='bbox 467 1568 650 1604; x_wconf 78' lang='lat' dir='ltr'>virtutem</span> <span class='ocrx_word' id='word_1_174' title='bbox 682 1565 858 1613; x_wconf 84' lang='lat' dir='ltr'>Spiritus</span> <span class='ocrx_word' id='word_1_175' title='bbox 887 1567 1022 1603; x_wconf 84' lang='lat' dir='ltr'>sancti</span> <span class='ocrx_word' id='word_1_176' title='bbox 1050 1568 1392 1613; x_wconf 73' lang='lat' dir='ltr'>supervenientem</span> <span class='ocrx_word' id='word_1_177' title='bbox 1423 1568 1465 1605; x_wconf 88' lang='lat' dir='ltr'>in</span> 
     </span>
     <span class='ocr_line' id='line_1_24' title="bbox 126 1624 1463 1673; baseline -0.001 -8"><span class='ocrx_word' id='word_1_178' title='bbox 126 1638 211 1673; x_wconf 83' lang='lat' dir='ltr'>vos,</span> <span class='ocrx_word' id='word_1_179' title='bbox 250 1631 287 1664; x_wconf 89' lang='lat' dir='ltr'>et</span> <span class='ocrx_word' id='word_1_180' title='bbox 324 1627 437 1663; x_wconf 80' lang='lat' dir='ltr'>eritis</span> <span class='ocrx_word' id='word_1_181' title='bbox 469 1625 567 1662; x_wconf 78' lang='lat' dir='ltr'>milii</span> <span class='ocrx_word' id='word_1_182' title='bbox 598 1629 713 1662; x_wconf 84' lang='lat' dir='ltr'>testes</span> <span class='ocrx_word' id='word_1_183' title='bbox 746 1625 786 1661; x_wconf 87' lang='lat' dir='ltr'>in</span> <span class='ocrx_word' id='word_1_184' title='bbox 818 1624 1070 1662; x_wconf 84' lang='lat' dir='ltr'>Hierusalem</span> <span class='ocrx_word' id='word_1_185' title='bbox 1102 1629 1141 1662; x_wconf 89' lang='lat' dir='ltr'>et</span> <span class='ocrx_word' id='word_1_186' title='bbox 1171 1626 1211 1662; x_wconf 89' lang='lat' dir='ltr'>in</span> <span class='ocrx_word' id='word_1_187' title='bbox 1244 1629 1364 1663; x_wconf 84' lang='lat' dir='ltr'>totam</span> <span class='ocrx_word' id='word_1_188' title='bbox 1397 1625 1463 1663; x_wconf 89' lang='lat' dir='ltr'>Iu·</span> 
     </span>
     <span class='ocr_line' id='line_1_25' title="bbox 128 1684 1465 1733; baseline -0.001 -10"><span class='ocrx_word' id='word_1_189' title='bbox 128 1687 270 1723; x_wconf 86' lang='lat' dir='ltr'>daeam</span> <span class='ocrx_word' id='word_1_190' title='bbox 303 1688 340 1722; x_wconf 90' lang='lat' dir='ltr'>et</span> <span class='ocrx_word' id='word_1_191' title='bbox 366 1684 595 1721; x_wconf 87' lang='lat' dir='ltr'>Samariam</span> <span class='ocrx_word' id='word_1_192' title='bbox 622 1687 661 1720; x_wconf 85' lang='lat' dir='ltr'>et</span> <span class='ocrx_word' id='word_1_193' title='bbox 684 1694 808 1729; x_wconf 85' lang='lat' dir='ltr'>usque</span> <span class='ocrx_word' id='word_1_194' title='bbox 839 1684 880 1720; x_wconf 86' lang='lat' dir='ltr'>in</span> <span class='ocrx_word' id='word_1_195' title='bbox 907 1684 1010 1729; x_wconf 78' lang='lat' dir='ltr'>fines</span> <span class='ocrx_word' id='word_1_196' title='bbox 1042 1687 1189 1730; x_wconf 83' lang='lat' dir='ltr'>terrae,</span> <span class='ocrx_word' id='word_1_197' title='bbox 1222 1684 1391 1733; x_wconf 87' lang='lat' dir='ltr'>primum</span> <span class='ocrx_word' id='word_1_198' title='bbox 1422 1695 1465 1722; x_wconf 90' lang='lat' dir='ltr'>se</span> 
     </span>
     <span class='ocr_line' id='line_1_26' title="bbox 58 1740 1464 1792; baseline -0.001 -11"><span class='ocrx_word' id='word_1_199' title='bbox 58 1752 100 1782; x_wconf 76' lang='lat'>25</span> <span class='ocrx_word' id='word_1_200' title='bbox 128 1742 174 1781; x_wconf 88' lang='lat' dir='ltr'>ab</span> <span class='ocrx_word' id='word_1_201' title='bbox 210 1741 454 1780; x_wconf 81' lang='lat' dir='ltr'>Hierusalem</span> <span class='ocrx_word' id='word_1_202' title='bbox 493 1740 646 1778; x_wconf 78' lang='lat' dir='ltr'>diffudit</span> <span class='ocrx_word' id='word_1_203' title='bbox 687 1740 870 1792; x_wconf 83' lang='lat' dir='ltr'>ecclesia,</span> <span class='ocrx_word' id='word_1_204' title='bbox 908 1745 947 1779; x_wconf 89' lang='lat' dir='ltr'>et</span> <span class='ocrx_word' id='word_1_205' title='bbox 984 1752 1072 1779; x_wconf 89' lang='lat' dir='ltr'>cum</span> <span class='ocrx_word' id='word_1_206' title='bbox 1105 1742 1144 1779; x_wconf 91' lang='lat' dir='ltr'>in</span> <span class='ocrx_word' id='word_1_207' title='bbox 1176 1740 1317 1779; x_wconf 89' lang='lat' dir='ltr'>Iudaea</span> <span class='ocrx_word' id='word_1_208' title='bbox 1349 1747 1464 1792; x_wconf 88' lang='lat' dir='ltr'>atque</span> 
     </span>
     <span class='ocr_line' id='line_1_27' title="bbox 129 1798 1465 1852; baseline -0.001 -13"><span class='ocrx_word' id='word_1_209' title='bbox 129 1801 300 1839; x_wconf 79' lang='lat' dir='ltr'>Samaria</span> <span class='ocrx_word' id='word_1_210' title='bbox 333 1799 490 1850; x_wconf 86' lang='lat' dir='ltr'>plurimi</span> <span class='ocrx_word' id='word_1_211' title='bbox 523 1798 800 1850; x_wconf 78' lang='lat' dir='ltr'>credidissent,</span> <span class='ocrx_word' id='word_1_212' title='bbox 832 1804 871 1836; x_wconf 86' lang='lat' dir='ltr'>et</span> <span class='ocrx_word' id='word_1_213' title='bbox 900 1800 940 1836; x_wconf 91' lang='lat' dir='ltr'>in</span> <span class='ocrx_word' id='word_1_214' title='bbox 973 1799 1066 1837; x_wconf 87' lang='lat' dir='ltr'>alias</span> <span class='ocrx_word' id='word_1_215' title='bbox 1097 1805 1233 1850; x_wconf 84' lang='lat' dir='ltr'>gentes</span> <span class='ocrx_word' id='word_1_216' title='bbox 1265 1801 1362 1837; x_wconf 90' lang='lat' dir='ltr'>itum</span> <span class='ocrx_word' id='word_1_217' title='bbox 1395 1806 1465 1852; x_wconf 83' lang='lat' dir='ltr'>est,</span> 
     </span>
     <span class='ocr_line' id='line_1_28' title="bbox 130 1857 1465 1910; baseline -0.001 -13"><span class='ocrx_word' id='word_1_218' title='bbox 130 1862 186 1897; x_wconf 91' lang='lat' dir='ltr'>eis</span> <span class='ocrx_word' id='word_1_219' title='bbox 219 1857 538 1897; x_wconf 81' lang='lat' dir='ltr'>adnuntiantilms</span> <span class='ocrx_word' id='word_1_220' title='bbox 571 1857 823 1907; x_wconf 85' lang='lat' dir='ltr'>evangelium,</span> <span class='ocrx_word' id='word_1_221' title='bbox 856 1869 954 1906; x_wconf 84' lang='lat' dir='ltr'>quos</span> <span class='ocrx_word' id='word_1_222' title='bbox 986 1859 1088 1909; x_wconf 82' lang='lat' dir='ltr'>ipse⁷</span> <span class='ocrx_word' id='word_1_223' title='bbox 1119 1859 1218 1896; x_wconf 86' lang='lat' dir='ltr'>sicut</span> <span class='ocrx_word' id='word_1_224' title='bbox 1249 1857 1465 1910; x_wconf 83' lang='lat' dir='ltr'>luminaria,</span> 
     </span>
    </p>

    <p class='ocr_par' dir='ltr' id='par_1_8' title="bbox 129 1914 1466 2021">
     <span class='ocr_line' id='line_1_29' title="bbox 130 1914 1466 1968; baseline -0.001 -12"><span class='ocrx_word' id='word_1_225' title='bbox 130 1924 168 1956; x_wconf 92' lang='lat' dir='ltr'>et</span> <span class='ocrx_word' id='word_1_226' title='bbox 200 1921 398 1968; x_wconf 86' lang='lat' dir='ltr'>aptaverat</span> <span class='ocrx_word' id='word_1_227' title='bbox 430 1915 548 1953; x_wconf 89' lang='lat' dir='ltr'>verbo</span> <span class='ocrx_word' id='word_1_228' title='bbox 587 1921 625 1953; x_wconf 93' lang='lat' dir='ltr'>et</span> <span class='ocrx_word' id='word_1_229' title='bbox 656 1914 888 1953; x_wconf 84' lang='lat' dir='ltr'>accenderat</span> <span class='ocrx_word' id='word_1_230' title='bbox 921 1914 1069 1960; x_wconf 85' lang='lat' dir='ltr'>Spiritu</span> <span class='ocrx_word' id='word_1_231' title='bbox 1102 1921 1247 1954; x_wconf 81' lang='lat' dir='ltr'>sancto.</span> <span class='ocrx_word' id='word_1_232' title='bbox 1309 1915 1466 1956; x_wconf 86' lang='lat' dir='ltr'>Dixerat</span> 
     </span>
     <span class='ocr_line' id='line_1_30' title="bbox 129 1975 1465 2021; baseline 0 -8"><span class='ocrx_word' id='word_1_233' title='bbox 129 1977 232 2013; x_wconf 88' lang='lat' dir='ltr'>enim</span> <span class='ocrx_word' id='word_1_234' title='bbox 259 1977 333 2013; x_wconf 87' lang='lat' dir='ltr'>eis:</span> <span class='ocrx_word' id='word_1_235' title='bbox 366 1975 494 2013; x_wconf 78' lang='lat' dir='ltr'>Nolite</span> <span class='ocrx_word' id='word_1_236' title='bbox 519 1976 659 2012; x_wconf 88' lang='lat' dir='ltr'>timere</span> <span class='ocrx_word' id='word_1_237' title='bbox 684 1984 759 2019; x_wconf 80' lang='lat' dir='ltr'>eos,</span> <span class='ocrx_word' id='word_1_238' title='bbox 792 1975 862 2020; x_wconf 84' lang='lat' dir='ltr'>qai</span> <span class='ocrx_word' id='word_1_239' title='bbox 886 1984 1032 2021; x_wconf 83' lang='lat' dir='ltr'>corpus</span> <span class='ocrx_word' id='word_1_240' title='bbox 1059 1975 1257 2021; x_wconf 81' lang='lat' dir='ltr'>occidunt,</span> <span class='ocrx_word' id='word_1_241' title='bbox 1290 1977 1465 2013; x_wconf 88' lang='lat' dir='ltr'>animam</span> 
     </span>
    </p>
   </div>
   <div class='ocr_carea' id='block_1_6' title="bbox 226 2073 1354 2119">
    <p class='ocr_par' dir='ltr' id='par_1_9' title="bbox 226 2073 1354 2119">
     <span class='ocr_line' id='line_1_31' title="bbox 226 2073 1354 2119; baseline -0.001 -10"><span class='ocrx_word' id='word_1_242' title='bbox 226 2079 283 2119; x_wconf 79' lang='lat'>12)</span> <span class='ocrx_word' id='word_1_243' title='bbox 310 2075 407 2109; x_wconf 86' lang='lat' dir='ltr'>Esai.</span> <span class='ocrx_word' id='word_1_244' title='bbox 435 2078 468 2118; x_wconf 82' lang='lat'>2,</span> <span class='ocrx_word' id='word_1_245' title='bbox 494 2078 524 2108; x_wconf 88' lang='lat'>3.</span> <span class='ocrx_word' id='word_1_246' title='bbox 578 2075 634 2117; x_wconf 80' lang='lat'>19)</span> <span class='ocrx_word' id='word_1_247' title='bbox 661 2073 720 2108; x_wconf 89' lang='lat' dir='ltr'>Lc.</span> <span class='ocrx_word' id='word_1_248' title='bbox 750 2078 805 2115; x_wconf 75' lang='lat'>24,</span> <span class='ocrx_word' id='word_1_249' title='bbox 831 2076 875 2106; x_wconf 83' lang='lat'>45</span> <span class='ocrx_word' id='word_1_250' title='bbox 902 2085 953 2116; x_wconf 86' lang='lat' dir='ltr'>sq.</span> <span class='ocrx_word' id='word_1_251' title='bbox 1005 2077 1063 2117; x_wconf 78' lang='lat'>24)</span> <span class='ocrx_word' id='word_1_252' title='bbox 1089 2075 1169 2108; x_wconf 78' lang='lat' dir='ltr'>Aet.</span> <span class='ocrx_word' id='word_1_253' title='bbox 1198 2079 1229 2117; x_wconf 87' lang='lat'>1,</span> <span class='ocrx_word' id='word_1_254' title='bbox 1257 2078 1275 2108; x_wconf 88' lang='grc'>7</span> <span class='ocrx_word' id='word_1_255' title='bbox 1303 2086 1354 2119; x_wconf 89' lang='lat' dir='ltr'>sq.</span> 
     </span>
    </p>
   </div>
   <div class='ocr_carea' id='block_1_7' title="bbox 131 2225 1467 2314">
    <p class='ocr_par' dir='ltr' id='par_1_10' title="bbox 131 2225 1467 2314">
     <span class='ocr_line' id='line_1_32' title="bbox 228 2225 1467 2273; baseline 0.002 -14"><span class='ocrx_word' id='word_1_256' title='bbox 228 2230 267 2259; x_wconf 84' lang='lat'>17</span> <span class='ocrx_word' id='word_1_257' title='bbox 295 2226 406 2259; x_wconf 79' lang='lat' dir='ltr'>tertia</span> <span class='ocrx_word' id='word_1_258' title='bbox 432 2225 470 2258; x_wconf 83' lang='lat' dir='ltr'><em>F</em></span> <span class='ocrx_word' id='word_1_259' title='bbox 498 2227 510 2269; x_wconf 74' lang='grc' dir='ltr'>Η</span> <span class='ocrx_word' id='word_1_260' title='bbox 540 2230 581 2259; x_wconf 79' lang='lat'>21</span> <span class='ocrx_word' id='word_1_261' title='bbox 610 2226 780 2268; x_wconf 74' lang='lat' dir='ltr'>tempora</span> <span class='ocrx_word' id='word_1_262' title='bbox 803 2235 889 2266; x_wconf 86' lang='lat' dir='ltr'>mss;</span> <span class='ocrx_word' id='word_1_263' title='bbox 922 2227 1092 2269; x_wconf 70' lang='lat' dir='ltr'>tempora</span> <span class='ocrx_word' id='word_1_264' title='bbox 1116 2225 1174 2259; x_wconf 85' lang='lat' dir='ltr'>vel</span> <span class='ocrx_word' id='word_1_265' title='bbox 1200 2227 1386 2261; x_wconf 79' lang='lat' dir='ltr'>momenta</span> <span class='ocrx_word' id='word_1_266' title='bbox 1411 2238 1431 2261; x_wconf 88' lang='grc' dir='ltr'><strong><em>υ</em></strong></span> <span class='ocrx_word' id='word_1_267' title='bbox 1457 2227 1467 2273; x_wconf 78' lang='grc' dir='ltr'>Η</span> 
     </span>
     <span class='ocr_line' id='line_1_33' title="bbox 131 2271 1174 2314; baseline -0.001 -7"><span class='ocrx_word' id='word_1_268' title='bbox 131 2277 174 2307; x_wconf 82' lang='lat'>23</span> <span class='ocrx_word' id='word_1_269' title='bbox 202 2276 242 2306; x_wconf 81' lang='lat' dir='ltr'>ut</span> <span class='ocrx_word' id='word_1_270' title='bbox 268 2273 387 2306; x_wconf 82' lang='lat' dir='ltr'>editwr</span> <span class='ocrx_word' id='word_1_271' title='bbox 412 2272 547 2314; x_wconf 68' lang='lat' dir='ltr'><strong><em>RA1‹&#39;;</em></strong></span> <span class='ocrx_word' id='word_1_272' title='bbox 572 2272 612 2306; x_wconf 87' lang='lat' dir='ltr'>in</span> <span class='ocrx_word' id='word_1_273' title='bbox 635 2273 715 2306; x_wconf 75' lang='lat' dir='ltr'>tota</span> <span class='ocrx_word' id='word_1_274' title='bbox 740 2271 876 2306; x_wconf 82' lang='lat' dir='ltr'>Iudaea</span> <span class='ocrx_word' id='word_1_275' title='bbox 900 2272 938 2306; x_wconf 77' lang='lat' dir='ltr'>et</span> <span class='ocrx_word' id='word_1_276' title='bbox 964 2272 1130 2306; x_wconf 82' lang='lat' dir='ltr'>Samaria</span> <span class='ocrx_word' id='word_1_277' title='bbox 1154 2283 1174 2306; x_wconf 85' lang='lat' dir='ltr'><em>v</em></span> 
     </span>
    </p>
   </div>
   <div class='ocr_carea' id='block_1_8' title="bbox 1600 1152 1611 1919">
    <p class='ocr_par' dir='ltr' id='par_1_11' title="bbox 1600 1152 1611 1919">
     <span class='ocr_line' id='line_1_34' title="bbox 1600 1152 1611 1919; textangle 90"><span class='ocrx_word' id='word_1_278' title='bbox 1600 1268 1611 1919; x_wconf 47' lang='lat' dir='ltr'>«muz-w*</span> <span class='ocrx_word' id='word_1_279' title='bbox 1603 1219 1611 1222; x_wconf 86' lang='grc' dir='ltr'><em>ι</em></span> <span class='ocrx_word' id='word_1_280' title='bbox 1602 1152 1611 1202; x_wconf 47' lang='grc' dir='ltr'>,Ἀ-</span> 
     </span>
    </p>
   </div>
  </div>
 </body>
</html>
