1611 2465
40 736 80 766 10

38 1028 80 1059 15

38 1322 82 1352 20

38 1615 81 1645 25

39 1907 83 1937 30

103 100 190 140 412
636 107 663 132 s.
683 106 901 133 AUGUSTINI

105 201 210 238 dicio
254 210 344 237 cum
382 198 647 245 qeneratz'one
688 198 763 234 ista
805 201 844 235 et
883 198 1163 236 condemnabit
1200 209 1287 236 eam
1296 211 1310 243 ;
1350 199 1446 246 quia

104 260 211 296 venit
249 269 274 295 a
309 257 458 303 linibus
497 260 634 294 terrae
672 257 818 294 audire
857 258 1095 304 sapientiam
1128 257 1370 303 Salomonis,
1410 261 1448 295 ei

105 328 200 355 ecce
233 318 324 364 plns
368 326 487 363 quam
519 314 706 353 Salomon
738 315 814 353 hic.
878 313 980 352 Duas
1012 326 1077 353 res
1108 314 1182 353 hoc
1214 314 1299 353 loco
1332 314 1445 353 disci-

106 387 213 426 mus,
246 380 285 411 et
317 380 527 411 venturum
560 384 645 410 esse
678 373 864 411 iudicium
906 380 943 411 et
987 385 1075 412 cum
1108 380 1355 412 mortuorum
1386 385 1446 411 re-

107 434 353 472 surrectione
380 437 601 469 venturum.
652 430 706 469 De
733 431 923 470 Ninevitis
956 433 1058 470 enim
1091 438 1129 470 et
1160 433 1294 482 regina
1314 433 1447 470 Austri

107 491 261 542 quando
302 492 376 529 ista
417 489 589 541 dicebat,
630 489 677 528 de
719 491 884 528 mortuis
923 492 1005 528 sine
1045 490 1162 529 dubio
1201 490 1447 541 loquebatur,

107 562 205 600 quos
232 555 361 588 tamen
388 550 428 587 in
455 549 516 587 die
543 548 677 587 iudicii
711 555 962 587 surrecturos
995 561 1079 587 esse
1112 549 1315 600 praedixit.
1365 548 1446 588 Nec

106 608 193 647 ideo
237 608 350 646 dixit:
399 604 807 659 „C01lde11mabunt“,
847 609 935 658 quia
974 609 1047 658 ipsi
1086 607 1334 659 iudicabunt3
1378 607 1446 646 sed

106 669 197 718 quia
229 679 275 705 ex
307 668 483 717 ipsorum
516 667 804 717 comparatione
837 667 903 704 isti
933 668 1073 704 merito
1106 666 1405 705 damnabuntur.

225 724 378 763 Rursus
408 724 481 762 alio
508 724 605 776 loco,
638 736 727 763 cum
759 724 805 763 de
839 724 1041 763 hominum
1072 724 1266 763 bonorum
1298 731 1337 764 et
1368 737 1446 763 ma-

105 784 234 823 lorum
267 796 371 822 nunc
402 785 681 835 permixtione,
719 789 853 834 postea
885 785 1147 835 separatione,
1180 795 1278 834 quae
1310 785 1447 834 utique

107 843 167 881 dIe
200 842 335 881 iudicii
367 842 498 880 futura
540 849 617 894 est,
654 842 903 894 loqueretur,
945 841 1121 880 adhibuit
1153 842 1447 881 similitudinem

107 901 154 940 de
182 902 312 939 tritico
338 902 528 939 seminato
556 906 595 939 et
620 902 942 951 superseminatis
969 902 1136 953 zizaniis,
1169 913 1332 951 eamque
1366 902 1447 939 suis

108 971 307 1010 exponens
345 959 564 1010 discipulis:
609 961 687 1006 (lai
720 962 906 1007 seminat,
946 961 1089 1010 inquit,
1127 961 1271 998 bonam
1301 971 1448 1008 semen,

108 1024 166 1057 θεί
193 1021 301 1065 filias
333 1019 523 1062 hominis;
560 1030 661 1066 aqer
693 1024 824 1056 autem
856 1023 915 1056 est
945 1020 1137 1063 mundus;
1179 1020 1323 1057 bonum
1354 1029 1448 1058 vero

107 1089 239 1115 semen
276 1078 320 1114 Izi
355 1081 448 1114 sant
479 1079 558 1123 filii
595 1079 734 1124 reone]
772 1079 941 1114 zizania
981 1082 1112 1115 aulem
1147 1079 1349 1124 filiisunt
1379 1089 1445 1116 ne-

107 1147 252 1184 quam;
290 1137 474 1173 inimicas
513 1141 661 1182 antem,
700 1137 771 1183 qui
804 1137 1015 1173 seminavit
1046 1148 1110 1182 ea,
1153 1141 1211 1174 est
1242 1137 1448 1180 diabolus;

108 1196 243 1232 messis
269 1205 363 1232 vero
390 1195 676 1231 consummatio
701 1196 857 1232 saeculi
886 1199 954 1241 θεῖ,
986 1205 1178 1233 messores
1211 1199 1343 1233 [tatem
1376 1206 1445 1232 an·

105 1254 189 1300 yelc‘
223 1256 325 1290 sunt.
389 1252 504 1290 Sicut
541 1264 637 1300 erqo
679 1254 924 1299 colliyuniar
956 1254 1125 1290 zizania
1158 1258 1196 1291 et
1228 1255 1314 1300 iyni
1344 1264 1446 1291 com-

109 1312 330 1349 burantur:
355 1312 414 1348 sic
440 1312 519 1348 erit
545 1313 584 1348 in
611 1313 948 1349 consummatione
972 1313 1136 1349 saeculi.
1187 1311 1320 1350 Mittet
1339 1313 1449 1358 filius

108 1371 277 1408 hominis
316 1371 479 1416 anqelos
516 1381 627 1416 suos,
666 1374 705 1408 et
735 1371 927 1416 collinunt
959 1371 1008 1407 de
1039 1381 1164 1418 reyno
1197 1372 1282 1408 eius
1314 1371 1447 1408 omnia

110 1429 308 1467 scandala
340 1432 379 1465 et
409 1438 491 1476 eos,
530 1429 600 1476 qui
626 1427 789 1475 faciunt
820 1430 1086 1475 iniquitatem,
1125 1433 1163 1467 et
1193 1431 1353 1466 mittunt
1383 1439 1448 1467 eos

109 1488 151 1524 in
195 1488 395 1525 caminum
440 1487 567 1533 iqnis;
608 1488 664 1524 ibi
706 1488 785 1524 erit
822 1488 941 1533 fletus
985 1492 1023 1524 et
1065 1488 1217 1525 stridor
1260 1488 1447 1525 dentium.

114 1544 223 1583 Tunc
262 1546 358 1582 iuste·
394 1544 607 1592 s'ulqebunt
645 1547 750 1583 sicut
789 1547 849 1583 sol
888 1547 927 1583 in
965 1557 1091 1593 reyno
1122 1547 1255 1594 patris
1299 1556 1446 1584 eorum.

114 1604 193 1650 Qui
215 1604 336 1641 habet
361 1615 494 1654 aures,
527 1605 678 1641 audiat.
741 1602 812 1641 Hic
844 1603 1033 1641 iudicium
1065 1603 1221 1653 quidem
1255 1603 1313 1641 vel
1345 1603 1448 1642 diem

109 1661 242 1700 iudicii
274 1673 352 1699 non
384 1663 618 1713 nominavit,
651 1661 718 1699 sed
752 1674 840 1700 eun]
873 1662 995 1700 multo
1028 1661 1170 1700 clarius
1202 1663 1298 1713 ipsis
1329 1661 1448 1700 rebus

110 1721 303 1771 expressit
334 1725 373 1757 et
404 1721 443 1758 in
477 1722 551 1758 tine
585 1720 729 1758 saeculi
762 1721 938 1758 futurum
970 1732 1056 1758 esse
1089 1721 1290 1771 praedixit.

227 1778 323 1817 Item
356 1777 559 1828 discipulis
585 1780 690 1831 suis:
723 1780 863 1826 Amen,
896 1780 1035 1829 inquit,
1068 1781 1158 1817 dieo
1191 1780 1308 1827 vobis,
1342 1780 1450 1827 quod

110 1849 187 1884 vos,
227 1839 298 1885 qui
330 1839 459 1875 secute·
496 1839 589 1875 estis
626 1849 698 1884 me,
738 1840 777 1875 in
815 1840 1132 1884 regleneratione,
1171 1849 1261 1876 cum
1298 1839 1449 1876 sederit

106 1898 216 1942 silias
254 1896 422 1934 hominis
462 1897 502 1933 in
538 1897 632 1934 sede
669 1898 888 1934 maiestatis
926 1908 1046 1942 suae,
1089 1896 1275 1934 sedebitis
1314 1901 1352 1934 et
1381 1907 1448 1934 vos

109 1966 231 2003 super
262 1955 374 1992 sedes
407 1955 615 1992 duodecim
648 1956 873 1992 iudicantes
905 1955 1111 1992 duodecim
1146 1955 1274 1992 tribus
1307 1954 1447 1992 Israel.

205 2059 239 2097 3)
265 2055 329 2088 Mt.
359 2058 412 2098 12,
439 2059 481 2088 41
510 2066 563 2098 sq.
614 2056 671 2098 25>
698 2054 748 2089 lb.
777 2059 832 2097 13,
859 2059 901 2089 37
930 2066 1005 2098 sqq,
1058 2057 1116 2098 31)
1143 2055 1193 2090 lb.
1223 2060 1277 2098 19,
1303 2058 1358 2091 28.

206 2189 224 2218 7
252 2196 340 2218 surr.
368 2183 457 2224 RL;
489 2194 617 2218 resurr.
646 2184 702 2218 Av
733 2186 745 2228 ΙΙ
777 2188 817 2218 21
845 2194 894 2228 sq.
922 2184 1101 2228 colligunt
1127 2213 1133 2220 .
1162 2212 1168 2218 .
1196 2183 1350 2218 mittunt
1374 2183 1445 2218 ΕΑ

110 2234 151 2265 ut
179 2231 300 2265 Palat.
335 2230 484 2264 Vimlob.
512 2231 587 2271 (secl
608 2231 650 2272 cf.
672 2234 760 2272 428,
780 2233 861 2273 13),·
887 2230 1065 2275 colligent
1091 2258 1097 2264 .
1127 2259 1133 2264 .
1160 2231 1310 2265 mittent
1333 2242 1353 2266 v
1372 2233 1384 2275 ΙΙ
1403 2234 1446 2265 25

111 2288 215 2312 aures
241 2277 313 2311 BA
338 2279 473 2321 (Proyr.
495 2288 534 2321 p.
561 2278 642 2321 13)‚·
669 2288 772 2311 aures
798 2277 971 2311 audiendi
995 2289 1016 2311 v
