<?xml version="1.0" encoding="UTF-8"?>
<!DOCTYPE html PUBLIC "-//W3C//DTD XHTML 1.0 Transitional//EN"
    "http://www.w3.org/TR/xhtml1/DTD/xhtml1-transitional.dtd">
<html xmlns="http://www.w3.org/1999/xhtml" xml:lang="en" lang="en">
 <head>
  <title>
</title>
<meta http-equiv="Content-Type" content="text/html;charset=utf-8" />
  <meta name='ocr-system' content='tesseract 3.04.00' />
  <meta name='ocr-capabilities' content='ocr_page ocr_carea ocr_par ocr_line ocrx_word'/>
</head>
<body>
  <div class='ocr_page' id='page_1' title='image "./sanctiaureliiaug02auguuoft_0212.png"; bbox 0 0 1611 2465; ppageno 0'>
   <div class='ocr_carea' id='block_1_1' title="bbox 233 42 1015 84">
    <p class='ocr_par' dir='ltr' id='par_1_1' title="bbox 233 42 1015 84">
     <span class='ocr_line' id='line_1_1' title="bbox 233 42 1015 84; baseline -0.005 -3"><span class='ocrx_word' id='word_1_1' title='bbox 233 42 318 84; x_wconf 77' lang='lat'>206</span> <span class='ocrx_word' id='word_1_2' title='bbox 752 52 779 78; x_wconf 85' lang='lat' dir='ltr'>s.</span> <span class='ocrx_word' id='word_1_3' title='bbox 799 52 1015 79; x_wconf 75' lang='lat' dir='ltr'>AUGUSTLNI</span> 
     </span>
    </p>
   </div>
   <div class='ocr_carea' id='block_1_2' title="bbox 164 142 1605 2012">
    <p class='ocr_par' dir='ltr' id='par_1_2' title="bbox 164 142 1605 2012">
     <span class='ocr_line' id='line_1_2' title="bbox 231 142 1562 194; baseline 0.001 -13"><span class='ocrx_word' id='word_1_4' title='bbox 231 149 323 181; x_wconf 81' lang='lat' dir='ltr'>sunt</span> <span class='ocrx_word' id='word_1_5' title='bbox 354 144 540 191; x_wconf 72' lang='lat' dir='ltr'>subiecti,</span> <span class='ocrx_word' id='word_1_6' title='bbox 574 144 707 192; x_wconf 88' lang='lat' dir='ltr'>utique</span> <span class='ocrx_word' id='word_1_7' title='bbox 741 143 830 192; x_wconf 89' lang='lat' dir='ltr'>quia</span> <span class='ocrx_word' id='word_1_8' title='bbox 862 142 1039 194; x_wconf 78' lang='lat' dir='ltr'>superbi,</span> <span class='ocrx_word' id='word_1_9' title='bbox 1071 142 1117 180; x_wconf 88' lang='lat' dir='ltr'>de</span> <span class='ocrx_word' id='word_1_10' title='bbox 1151 154 1221 181; x_wconf 90' lang='lat' dir='ltr'>suo</span> <span class='ocrx_word' id='word_1_11' title='bbox 1253 148 1454 194; x_wconf 83' lang='lat' dir='ltr'>putantes,</span> <span class='ocrx_word' id='word_1_12' title='bbox 1486 156 1562 182; x_wconf 92' lang='lat' dir='ltr'>non</span> 
     </span>
     <span class='ocr_line' id='line_1_3' title="bbox 233 200 1564 253; baseline 0.002 -14"><span class='ocrx_word' id='word_1_13' title='bbox 233 202 278 239; x_wconf 83' lang='lat' dir='ltr'>(le</span> <span class='ocrx_word' id='word_1_14' title='bbox 314 201 398 249; x_wconf 87' lang='lat' dir='ltr'>Dei,</span> <span class='ocrx_word' id='word_1_15' title='bbox 443 214 556 253; x_wconf 85' lang='lat' dir='ltr'>posse</span> <span class='ocrx_word' id='word_1_16' title='bbox 589 201 742 251; x_wconf 89' lang='lat' dir='ltr'>placere</span> <span class='ocrx_word' id='word_1_17' title='bbox 777 213 817 239; x_wconf 89' lang='lat' dir='ltr'>se</span> <span class='ocrx_word' id='word_1_18' title='bbox 851 200 947 252; x_wconf 79' lang='lat' dir='ltr'>Deo,</span> <span class='ocrx_word' id='word_1_19' title='bbox 989 202 1055 251; x_wconf 90' lang='lat' dir='ltr'>qui</span> <span class='ocrx_word' id='word_1_20' title='bbox 1088 206 1146 239; x_wconf 88' lang='lat' dir='ltr'>est</span> <span class='ocrx_word' id='word_1_21' title='bbox 1178 201 1280 239; x_wconf 85' lang='lat' dir='ltr'>Deus</span> <span class='ocrx_word' id='word_1_22' title='bbox 1313 203 1564 241; x_wconf 77' lang='lat' dir='ltr'>scientiarum</span> 
     </span>
     <span class='ocr_line' id='line_1_4' title="bbox 232 259 1562 312; baseline 0.002 -15"><span class='ocrx_word' id='word_1_23' title='bbox 232 267 347 311; x_wconf 83' lang='lat' dir='ltr'>atque</span> <span class='ocrx_word' id='word_1_24' title='bbox 386 260 473 298; x_wconf 91' lang='lat' dir='ltr'>ideo</span> <span class='ocrx_word' id='word_1_25' title='bbox 513 268 551 298; x_wconf 77' lang='lat' dir='ltr'>et</span> <span class='ocrx_word' id='word_1_26' title='bbox 590 259 736 297; x_wconf 78' lang='lat' dir='ltr'>arbiter</span> <span class='ocrx_word' id='word_1_27' title='bbox 774 261 1120 312; x_wconf 67' lang='lat' dir='ltr'>conscientiarum,</span> <span class='ocrx_word' id='word_1_28' title='bbox 1163 259 1216 298; x_wconf 91' lang='lat' dir='ltr'>ibi</span> <span class='ocrx_word' id='word_1_29' title='bbox 1249 260 1382 298; x_wconf 84' lang='lat' dir='ltr'>videns</span> <span class='ocrx_word' id='word_1_30' title='bbox 1422 262 1562 311; x_wconf 85' lang='lat' dir='ltr'>cogita-</span> 
     </span>
     <span class='ocr_line' id='line_1_5' title="bbox 234 319 1564 370; baseline 0.001 -13"><span class='ocrx_word' id='word_1_31' title='bbox 234 321 360 357; x_wconf 83' lang='lat' dir='ltr'>tiones</span> <span class='ocrx_word' id='word_1_32' title='bbox 393 319 612 370; x_wconf 74' lang='lat' dir='ltr'>hominum,</span> <span class='ocrx_word' id='word_1_33' title='bbox 656 320 839 368; x_wconf 87' lang='lat' dir='ltr'>quoniam</span> <span class='ocrx_word' id='word_1_34' title='bbox 871 330 989 356; x_wconf 88' lang='lat' dir='ltr'>vanae</span> <span class='ocrx_word' id='word_1_35' title='bbox 1022 324 1130 370; x_wconf 84' lang='lat' dir='ltr'>sunt,</span> <span class='ocrx_word' id='word_1_36' title='bbox 1175 321 1206 357; x_wconf 88' lang='lat' dir='ltr'>si</span> <span class='ocrx_word' id='word_1_37' title='bbox 1239 319 1440 358; x_wconf 84' lang='lat' dir='ltr'>hominum</span> <span class='ocrx_word' id='word_1_38' title='bbox 1462 326 1564 358; x_wconf 78' lang='lat' dir='ltr'>sunt</span> 
     </span>
     <span class='ocr_line' id='line_1_6' title="bbox 233 377 1567 429; baseline 0.001 -14"><span class='ocrx_word' id='word_1_39' title='bbox 233 384 271 416; x_wconf 85' lang='lat' dir='ltr'>et</span> <span class='ocrx_word' id='word_1_40' title='bbox 303 377 349 416; x_wconf 91' lang='lat' dir='ltr'>ab</span> <span class='ocrx_word' id='word_1_41' title='bbox 380 378 444 415; x_wconf 92' lang='lat' dir='ltr'>illo</span> <span class='ocrx_word' id='word_1_42' title='bbox 478 389 555 415; x_wconf 91' lang='lat' dir='ltr'>non</span> <span class='ocrx_word' id='word_1_43' title='bbox 588 382 690 415; x_wconf 87' lang='lat' dir='ltr'>sunt.</span> <span class='ocrx_word' id='word_1_44' title='bbox 736 378 786 415; x_wconf 85' lang='lat' dir='ltr'>Et</span> <span class='ocrx_word' id='word_1_45' title='bbox 801 389 1069 426; x_wconf 71' lang='lat' dir='ltr'>praeparans,</span> <span class='ocrx_word' id='word_1_46' title='bbox 1096 379 1238 429; x_wconf 75' lang='lat' dir='ltr'>inquit,</span> <span class='ocrx_word' id='word_1_47' title='bbox 1265 380 1567 417; x_wconf 75' lang='lat' dir='ltr'>adinventiones</span> 
     </span>
     <span class='ocr_line' id='line_1_7' title="bbox 232 436 1564 490; baseline 0.001 -16"><span class='ocrx_word' id='word_1_48' title='bbox 232 449 337 474; x_wconf 77' lang='lat' dir='ltr'>suas.</span> <span class='ocrx_word' id='word_1_49' title='bbox 383 436 487 481; x_wconf 87' lang='lat' dir='ltr'>Quas</span> <span class='ocrx_word' id='word_1_50' title='bbox 513 436 807 474; x_wconf 82' lang='lat' dir='ltr'>adinventiones</span> <span class='ocrx_word' id='word_1_51' title='bbox 833 442 1026 487; x_wconf 80' lang='lat' dir='ltr'>putamus,</span> <span class='ocrx_word' id='word_1_52' title='bbox 1059 437 1132 474; x_wconf 90' lang='lat' dir='ltr'>nisi</span> <span class='ocrx_word' id='word_1_53' title='bbox 1160 442 1204 474; x_wconf 89' lang='lat' dir='ltr'>ut</span> <span class='ocrx_word' id='word_1_54' title='bbox 1236 436 1395 486; x_wconf 85' lang='lat' dir='ltr'>superbi</span> <span class='ocrx_word' id='word_1_55' title='bbox 1427 437 1564 490; x_wconf 82' lang='lat' dir='ltr'>cadant</span> 
     </span>
     <span class='ocr_line' id='line_1_8' title="bbox 233 492 1564 546; baseline 0.002 -14"><span class='ocrx_word' id='word_1_56' title='bbox 233 501 271 533; x_wconf 78' lang='lat' dir='ltr'>et</span> <span class='ocrx_word' id='word_1_57' title='bbox 302 494 469 532; x_wconf 78' lang='lat' dir='ltr'>humiles</span> <span class='ocrx_word' id='word_1_58' title='bbox 502 492 692 545; x_wconf 79' lang='lat' dir='ltr'>surgant?</span> <span class='ocrx_word' id='word_1_59' title='bbox 746 493 823 532; x_wconf 84' lang='lat' dir='ltr'>Has</span> <span class='ocrx_word' id='word_1_60' title='bbox 856 496 999 545; x_wconf 89' lang='lat' dir='ltr'>quippe</span> <span class='ocrx_word' id='word_1_61' title='bbox 1033 495 1325 533; x_wconf 83' lang='lat' dir='ltr'>adinventiones</span> <span class='ocrx_word' id='word_1_62' title='bbox 1358 497 1564 546; x_wconf 82' lang='lat' dir='ltr'>exequitur</span> 
     </span>
     <span class='ocr_line' id='line_1_9' title="bbox 233 554 1569 602; baseline 0.001 -11"><span class='ocrx_word' id='word_1_63' title='bbox 233 554 385 592; x_wconf 83' lang='lat' dir='ltr'>dicens:</span> <span class='ocrx_word' id='word_1_64' title='bbox 455 555 587 592; x_wconf 80' lang='lat' dir='ltr'>Arcus</span> <span class='ocrx_word' id='word_1_65' title='bbox 639 556 859 602; x_wconf 72' lang='lat' dir='ltr'>potentium</span> <span class='ocrx_word' id='word_1_66' title='bbox 918 556 1143 600; x_wconf 71' lang='lat' dir='ltr'>infirmatus</span> <span class='ocrx_word' id='word_1_67' title='bbox 1199 559 1278 601; x_wconf 79' lang='lat' dir='ltr'>est,</span> <span class='ocrx_word' id='word_1_68' title='bbox 1329 559 1368 592; x_wconf 91' lang='lat' dir='ltr'>et</span> <span class='ocrx_word' id='word_1_69' title='bbox 1416 557 1569 601; x_wconf 72' lang='lat' dir='ltr'>infirmi</span> 
     </span>
     <span class='ocr_line' id='line_1_10' title="bbox 228 612 1565 665; baseline 0.001 -15"><span class='ocrx_word' id='word_1_70' title='bbox 228 614 460 661; x_wconf 71' lang='lat' dir='ltr'>praecincti</span> <span class='ocrx_word' id='word_1_71' title='bbox 489 618 582 651; x_wconf 77' lang='lat' dir='ltr'>sunt</span> <span class='ocrx_word' id='word_1_72' title='bbox 612 615 769 651; x_wconf 78' lang='lat' dir='ltr'>virtute.</span> <span class='ocrx_word' id='word_1_73' title='bbox 832 612 1054 650; x_wconf 83' lang='lat' dir='ltr'>Infirmatus</span> <span class='ocrx_word' id='word_1_74' title='bbox 1087 617 1145 650; x_wconf 87' lang='lat' dir='ltr'>est</span> <span class='ocrx_word' id='word_1_75' title='bbox 1176 624 1307 665; x_wconf 75' lang='lat' dir='ltr'>arcus,</span> <span class='ocrx_word' id='word_1_76' title='bbox 1346 613 1383 650; x_wconf 93' lang='lat' dir='ltr'>id</span> <span class='ocrx_word' id='word_1_77' title='bbox 1418 618 1476 652; x_wconf 87' lang='lat' dir='ltr'>est</span> <span class='ocrx_word' id='word_1_78' title='bbox 1507 615 1565 665; x_wconf 34' lang='lat' dir='ltr'>in·-</span> 
     </span>
     <span class='ocr_line' id='line_1_11' title="bbox 166 670 1564 723; baseline 0.001 -14"><span class='ocrx_word' id='word_1_79' title='bbox 166 676 206 705; x_wconf 87' lang='lat'>10</span> <span class='ocrx_word' id='word_1_80' title='bbox 235 672 356 709; x_wconf 88' lang='lat' dir='ltr'>tentio</span> <span class='ocrx_word' id='word_1_81' title='bbox 390 683 537 723; x_wconf 76' lang='lat' dir='ltr'>eorum,</span> <span class='ocrx_word' id='word_1_82' title='bbox 570 672 635 721; x_wconf 91' lang='lat' dir='ltr'>qui</span> <span class='ocrx_word' id='word_1_83' title='bbox 668 676 746 709; x_wconf 88' lang='lat' dir='ltr'>tam</span> <span class='ocrx_word' id='word_1_84' title='bbox 778 676 957 721; x_wconf 86' lang='lat' dir='ltr'>potentes</span> <span class='ocrx_word' id='word_1_85' title='bbox 990 670 1062 708; x_wconf 89' lang='lat' dir='ltr'>sibi</span> <span class='ocrx_word' id='word_1_86' title='bbox 1094 671 1284 722; x_wconf 76' lang='lat' dir='ltr'>videntur,</span> <span class='ocrx_word' id='word_1_87' title='bbox 1317 678 1360 709; x_wconf 88' lang='lat' dir='ltr'>ut</span> <span class='ocrx_word' id='word_1_88' title='bbox 1392 673 1474 709; x_wconf 86' lang='lat' dir='ltr'>sine</span> <span class='ocrx_word' id='word_1_89' title='bbox 1496 671 1564 710; x_wconf 87' lang='lat' dir='ltr'>Dei</span> 
     </span>
     <span class='ocr_line' id='line_1_12' title="bbox 234 729 1565 780; baseline 0.001 -12"><span class='ocrx_word' id='word_1_90' title='bbox 234 730 334 768; x_wconf 90' lang='lat' dir='ltr'>dono</span> <span class='ocrx_word' id='word_1_91' title='bbox 377 735 493 780; x_wconf 87' lang='lat' dir='ltr'>atque</span> <span class='ocrx_word' id='word_1_92' title='bbox 535 729 727 768; x_wconf 88' lang='lat' dir='ltr'>adiutorio</span> <span class='ocrx_word' id='word_1_93' title='bbox 769 729 935 767; x_wconf 86' lang='lat' dir='ltr'>humana</span> <span class='ocrx_word' id='word_1_94' title='bbox 977 730 1207 767; x_wconf 83' lang='lat' dir='ltr'>sufficientia</span> <span class='ocrx_word' id='word_1_95' title='bbox 1249 730 1375 767; x_wconf 82' lang='lat' dir='ltr'>divina</span> <span class='ocrx_word' id='word_1_96' title='bbox 1413 732 1565 780; x_wconf 90' lang='lat' dir='ltr'>possint</span> 
     </span>
     <span class='ocr_line' id='line_1_13' title="bbox 233 788 1564 840; baseline 0.001 -13"><span class='ocrx_word' id='word_1_97' title='bbox 233 788 395 840; x_wconf 84' lang='lat' dir='ltr'>implere</span> <span class='ocrx_word' id='word_1_98' title='bbox 429 789 617 840; x_wconf 83' lang='lat' dir='ltr'>mandata,</span> <span class='ocrx_word' id='word_1_99' title='bbox 650 794 688 826; x_wconf 89' lang='lat' dir='ltr'>et</span> <span class='ocrx_word' id='word_1_100' title='bbox 713 790 1020 839; x_wconf 77' lang='lat' dir='ltr'>praecinguntur</span> <span class='ocrx_word' id='word_1_101' title='bbox 1039 789 1194 839; x_wconf 82' lang='lat' dir='ltr'>virtute,</span> <span class='ocrx_word' id='word_1_102' title='bbox 1225 800 1392 838; x_wconf 89' lang='lat' dir='ltr'>quorum</span> <span class='ocrx_word' id='word_1_103' title='bbox 1411 790 1564 828; x_wconf 84' lang='lat' dir='ltr'>interna</span> 
     </span>
     <span class='ocr_line' id='line_1_14' title="bbox 234 848 1528 897; baseline 0 -11"><span class='ocrx_word' id='word_1_104' title='bbox 234 860 305 886; x_wconf 88' lang='lat' dir='ltr'>vox</span> <span class='ocrx_word' id='word_1_105' title='bbox 337 853 413 886; x_wconf 81' lang='lat' dir='ltr'>est:</span> <span class='ocrx_word' id='word_1_106' title='bbox 446 849 645 886; x_wconf 76' lang='lat' dir='ltr'>Me&#39;serere</span> <span class='ocrx_word' id='word_1_107' title='bbox 676 849 761 894; x_wconf 74' lang='lat' dir='ltr'>mei,</span> <span class='ocrx_word' id='word_1_108' title='bbox 794 848 971 895; x_wconf 73' lang='lat' dir='ltr'>Domine,</span> <span class='ocrx_word' id='word_1_109' title='bbox 1003 849 1401 897; x_wconf 14' lang='lat' dir='ltr'>quonlamffz&#39;nfirmus</span> <span class='ocrx_word' id='word_1_110' title='bbox 1432 860 1528 886; x_wconf 84' lang='lat' dir='ltr'>sum.</span> 
     </span>
     <span class='ocr_line' id='line_1_15' title="bbox 352 907 1565 957; baseline 0 -12"><span class='ocrx_word' id='word_1_111' title='bbox 352 907 468 945; x_wconf 71' lang='lat' dir='ltr'>Pleni</span> <span class='ocrx_word' id='word_1_112' title='bbox 493 908 682 955; x_wconf 73' lang='lat' dir='ltr'>panibus,</span> <span class='ocrx_word' id='word_1_113' title='bbox 726 907 870 957; x_wconf 82' lang='lat' dir='ltr'>inquit,</span> <span class='ocrx_word' id='word_1_114' title='bbox 916 908 1109 944; x_wconf 72' lang='lat' dir='ltr'>minorati</span> <span class='ocrx_word' id='word_1_115' title='bbox 1137 911 1244 952; x_wconf 75' lang='lat' dir='ltr'>sunt,</span> <span class='ocrx_word' id='word_1_116' title='bbox 1279 911 1316 944; x_wconf 84' lang='lat' dir='ltr'>et</span> <span class='ocrx_word' id='word_1_117' title='bbox 1346 909 1565 945; x_wconf 71' lang='lat' dir='ltr'>esurientes</span> 
     </span>
     <span class='ocr_line' id='line_1_16' title="bbox 166 964 1565 1017; baseline 0.001 -16"><span class='ocrx_word' id='word_1_118' title='bbox 166 970 207 1000; x_wconf 82' lang='lat'>15</span> <span class='ocrx_word' id='word_1_119' title='bbox 235 968 487 1003; x_wconf 74' lang='lat' dir='ltr'>transierunt</span> <span class='ocrx_word' id='word_1_120' title='bbox 517 970 679 1003; x_wconf 79' lang='lat' dir='ltr'>terram.</span> <span class='ocrx_word' id='word_1_121' title='bbox 743 964 817 1010; x_wconf 88' lang='lat' dir='ltr'>Qui</span> <span class='ocrx_word' id='word_1_122' title='bbox 850 969 940 1002; x_wconf 87' lang='lat' dir='ltr'>sunt</span> <span class='ocrx_word' id='word_1_123' title='bbox 971 964 1220 1014; x_wconf 78' lang='lat' dir='ltr'>intellegendi</span> <span class='ocrx_word' id='word_1_124' title='bbox 1252 964 1356 1015; x_wconf 88' lang='lat' dir='ltr'>pleni</span> <span class='ocrx_word' id='word_1_125' title='bbox 1388 964 1565 1017; x_wconf 77' lang='lat' dir='ltr'>panibus,</span> 
     </span>
     <span class='ocr_line' id='line_1_17' title="bbox 234 1022 1564 1074; baseline 0.001 -13"><span class='ocrx_word' id='word_1_126' title='bbox 234 1026 309 1062; x_wconf 87' lang='lat' dir='ltr'>nisi</span> <span class='ocrx_word' id='word_1_127' title='bbox 347 1023 449 1061; x_wconf 88' lang='lat' dir='ltr'>idem</span> <span class='ocrx_word' id='word_1_128' title='bbox 487 1025 561 1074; x_wconf 83' lang='lat' dir='ltr'>ipsi</span> <span class='ocrx_word' id='word_1_129' title='bbox 600 1025 709 1073; x_wconf 83' lang='lat' dir='ltr'>quasi</span> <span class='ocrx_word' id='word_1_130' title='bbox 748 1029 946 1073; x_wconf 83' lang='lat' dir='ltr'>potentes,</span> <span class='ocrx_word' id='word_1_131' title='bbox 990 1023 1027 1061; x_wconf 89' lang='lat' dir='ltr'>id</span> <span class='ocrx_word' id='word_1_132' title='bbox 1066 1028 1125 1061; x_wconf 89' lang='lat' dir='ltr'>est</span> <span class='ocrx_word' id='word_1_133' title='bbox 1161 1022 1375 1074; x_wconf 73' lang='lat' dir='ltr'>Israelitae,</span> <span class='ocrx_word' id='word_1_134' title='bbox 1422 1023 1564 1073; x_wconf 87' lang='lat' dir='ltr'>quibus</span> 
     </span>
     <span class='ocr_line' id='line_1_18' title="bbox 235 1079 1564 1131; baseline 0 -11"><span class='ocrx_word' id='word_1_135' title='bbox 235 1082 380 1120; x_wconf 81' lang='lat' dir='ltr'>eredita</span> <span class='ocrx_word' id='word_1_136' title='bbox 415 1089 505 1120; x_wconf 84' lang='lat' dir='ltr'>sunt</span> <span class='ocrx_word' id='word_1_137' title='bbox 538 1082 688 1131; x_wconf 89' lang='lat' dir='ltr'>eloquia</span> <span class='ocrx_word' id='word_1_138' title='bbox 723 1079 819 1120; x_wconf 81' lang='lat' dir='ltr'>Dei‘?</span> <span class='ocrx_word' id='word_1_139' title='bbox 870 1081 944 1119; x_wconf 86' lang='lat' dir='ltr'>Sed</span> <span class='ocrx_word' id='word_1_140' title='bbox 977 1083 1016 1119; x_wconf 88' lang='lat' dir='ltr'>in</span> <span class='ocrx_word' id='word_1_141' title='bbox 1049 1094 1094 1119; x_wconf 89' lang='lat' dir='ltr'>eo</span> <span class='ocrx_word' id='word_1_142' title='bbox 1128 1080 1272 1131; x_wconf 87' lang='lat' dir='ltr'>populo</span> <span class='ocrx_word' id='word_1_143' title='bbox 1305 1081 1463 1120; x_wconf 77' lang='lat' dir='ltr'>ancillae</span> <span class='ocrx_word' id='word_1_144' title='bbox 1496 1082 1564 1120; x_wconf 89' lang='lat' dir='ltr'>filii</span> 
     </span>
     <span class='ocr_line' id='line_1_19' title="bbox 235 1136 1563 1192; baseline 0.001 -14"><span class='ocrx_word' id='word_1_145' title='bbox 235 1143 415 1179; x_wconf 85' lang='lat' dir='ltr'>minorati</span> <span class='ocrx_word' id='word_1_146' title='bbox 463 1146 553 1179; x_wconf 89' lang='lat' dir='ltr'>sunt</span> <span class='ocrx_word' id='word_1_147' title='bbox 602 1136 698 1192; x_wconf 84' lang='lat' dir='ltr'>(quo</span> <span class='ocrx_word' id='word_1_148' title='bbox 740 1139 857 1178; x_wconf 88' lang='lat' dir='ltr'>verbo</span> <span class='ocrx_word' id='word_1_149' title='bbox 901 1141 1029 1178; x_wconf 86' lang='lat' dir='ltr'>minus</span> <span class='ocrx_word' id='word_1_150' title='bbox 1071 1140 1227 1190; x_wconf 84' lang='lat' dir='ltr'>quidem</span> <span class='ocrx_word' id='word_1_151' title='bbox 1268 1139 1420 1191; x_wconf 75' lang='lat' dir='ltr'>Lat-ine,</span> <span class='ocrx_word' id='word_1_152' title='bbox 1465 1140 1563 1179; x_wconf 87' lang='lat' dir='ltr'>bene</span> 
     </span>
     <span class='ocr_line' id='line_1_20' title="bbox 236 1198 1565 1250; baseline 0.001 -13"><span class='ocrx_word' id='word_1_153' title='bbox 236 1206 363 1237; x_wconf 84' lang='lat' dir='ltr'>tamen</span> <span class='ocrx_word' id='word_1_154' title='bbox 402 1211 630 1250; x_wconf 82' lang='lat' dir='ltr'>expressum</span> <span class='ocrx_word' id='word_1_155' title='bbox 669 1204 745 1250; x_wconf 70' lang='lat' dir='ltr'>est,</span> <span class='ocrx_word' id='word_1_156' title='bbox 790 1199 891 1249; x_wconf 89' lang='lat' dir='ltr'>quod</span> <span class='ocrx_word' id='word_1_157' title='bbox 932 1211 976 1236; x_wconf 87' lang='lat' dir='ltr'>ex</span> <span class='ocrx_word' id='word_1_158' title='bbox 1015 1198 1226 1236; x_wconf 82' lang='lat' dir='ltr'>maioribus</span> <span class='ocrx_word' id='word_1_159' title='bbox 1267 1200 1436 1236; x_wconf 85' lang='lat' dir='ltr'>minores</span> <span class='ocrx_word' id='word_1_160' title='bbox 1474 1200 1565 1238; x_wconf 81' lang='lat' dir='ltr'>sacti</span> 
     </span>
     <span class='ocr_line' id='line_1_21' title="bbox 164 1255 1566 1311; baseline 0.001 -18"><span class='ocrx_word' id='word_1_161' title='bbox 164 1263 207 1293; x_wconf 80' lang='grc'>20</span> <span class='ocrx_word' id='word_1_162' title='bbox 236 1255 365 1311; x_wconf 85' lang='lat' dir='ltr'>sunt),</span> <span class='ocrx_word' id='word_1_163' title='bbox 411 1260 499 1308; x_wconf 89' lang='lat' dir='ltr'>quia</span> <span class='ocrx_word' id='word_1_164' title='bbox 541 1264 579 1296; x_wconf 89' lang='lat' dir='ltr'>et</span> <span class='ocrx_word' id='word_1_165' title='bbox 616 1259 654 1295; x_wconf 90' lang='lat' dir='ltr'>in</span> <span class='ocrx_word' id='word_1_166' title='bbox 693 1259 786 1308; x_wconf 87' lang='lat' dir='ltr'>ipsis</span> <span class='ocrx_word' id='word_1_167' title='bbox 825 1256 1007 1308; x_wconf 78' lang='lat' dir='ltr'>panibuS,</span> <span class='ocrx_word' id='word_1_168' title='bbox 1051 1257 1089 1295; x_wconf 84' lang='lat' dir='ltr'>id</span> <span class='ocrx_word' id='word_1_169' title='bbox 1127 1263 1186 1295; x_wconf 88' lang='lat' dir='ltr'>est</span> <span class='ocrx_word' id='word_1_170' title='bbox 1217 1257 1355 1295; x_wconf 84' lang='lat' dir='ltr'>divinis</span> <span class='ocrx_word' id='word_1_171' title='bbox 1389 1257 1566 1311; x_wconf 68' lang='lat' dir='ltr'>eloquiis,</span> 
     </span>
     <span class='ocr_line' id='line_1_22' title="bbox 236 1315 1564 1367; baseline 0 -12"><span class='ocrx_word' id='word_1_172' title='bbox 236 1329 333 1367; x_wconf 86' lang='lat' dir='ltr'>quae</span> <span class='ocrx_word' id='word_1_173' title='bbox 366 1316 561 1354; x_wconf 88' lang='lat' dir='ltr'>Israelitae</span> <span class='ocrx_word' id='word_1_174' title='bbox 595 1316 666 1354; x_wconf 82' lang='lat' dir='ltr'>soli</span> <span class='ocrx_word' id='word_1_175' title='bbox 699 1322 792 1354; x_wconf 83' lang='lat' dir='ltr'>tune</span> <span class='ocrx_word' id='word_1_176' title='bbox 824 1328 869 1354; x_wconf 86' lang='lat' dir='ltr'>ex</span> <span class='ocrx_word' id='word_1_177' title='bbox 903 1315 1082 1353; x_wconf 87' lang='lat' dir='ltr'>omnibus</span> <span class='ocrx_word' id='word_1_178' title='bbox 1109 1315 1290 1365; x_wconf 78' lang='lat' dir='ltr'>gentibus</span> <span class='ocrx_word' id='word_1_179' title='bbox 1317 1322 1564 1367; x_wconf 84' lang='lat' dir='ltr'>acceperunt,</span> 
     </span>
     <span class='ocr_line' id='line_1_23' title="bbox 237 1374 1566 1426; baseline 0 -13"><span class='ocrx_word' id='word_1_180' title='bbox 237 1381 391 1413; x_wconf 89' lang='lat' dir='ltr'>terrena</span> <span class='ocrx_word' id='word_1_181' title='bbox 425 1377 589 1425; x_wconf 88' lang='lat' dir='ltr'>sapiunt.</span> <span class='ocrx_word' id='word_1_182' title='bbox 653 1374 796 1413; x_wconf 80' lang='lat' dir='ltr'>Gentes</span> <span class='ocrx_word' id='word_1_183' title='bbox 829 1380 974 1426; x_wconf 77' lang='lat' dir='ltr'>autem,</span> <span class='ocrx_word' id='word_1_184' title='bbox 1014 1374 1154 1424; x_wconf 90' lang='lat' dir='ltr'>quihus</span> <span class='ocrx_word' id='word_1_185' title='bbox 1186 1374 1246 1412; x_wconf 87' lang='lat' dir='ltr'>lex</span> <span class='ocrx_word' id='word_1_186' title='bbox 1278 1374 1339 1411; x_wconf 88' lang='lat' dir='ltr'>illa</span> <span class='ocrx_word' id='word_1_187' title='bbox 1373 1387 1449 1412; x_wconf 90' lang='lat' dir='ltr'>non</span> <span class='ocrx_word' id='word_1_188' title='bbox 1482 1380 1566 1413; x_wconf 88' lang='lat' dir='ltr'>erat</span> 
     </span>
     <span class='ocr_line' id='line_1_24' title="bbox 235 1433 1565 1486; baseline 0 -15"><span class='ocrx_word' id='word_1_189' title='bbox 235 1434 334 1486; x_wconf 71' lang='lat' dir='ltr'>data,</span> <span class='ocrx_word' id='word_1_190' title='bbox 365 1440 498 1484; x_wconf 86' lang='lat' dir='ltr'>postea</span> <span class='ocrx_word' id='word_1_191' title='bbox 532 1446 647 1484; x_wconf 89' lang='lat' dir='ltr'>quam</span> <span class='ocrx_word' id='word_1_192' title='bbox 678 1445 749 1484; x_wconf 86' lang='lat' dir='ltr'>per</span> <span class='ocrx_word' id='word_1_193' title='bbox 781 1445 923 1471; x_wconf 87' lang='lat' dir='ltr'>novum</span> <span class='ocrx_word' id='word_1_194' title='bbox 950 1438 1225 1471; x_wconf 84' lang='lat' dir='ltr'>testamentum</span> <span class='ocrx_word' id='word_1_195' title='bbox 1252 1433 1297 1470; x_wconf 88' lang='lat' dir='ltr'>ad</span> <span class='ocrx_word' id='word_1_196' title='bbox 1324 1433 1476 1483; x_wconf 89' lang='lat' dir='ltr'>eloquia</span> <span class='ocrx_word' id='word_1_197' title='bbox 1502 1433 1565 1471; x_wconf 91' lang='lat' dir='ltr'>illa</span> 
     </span>
     <span class='ocr_line' id='line_1_25' title="bbox 236 1492 1564 1544; baseline 0 -14"><span class='ocrx_word' id='word_1_198' title='bbox 236 1498 444 1544; x_wconf 76' lang='lat' dir='ltr'>venerunt,</span> <span class='ocrx_word' id='word_1_199' title='bbox 483 1492 648 1530; x_wconf 88' lang='lat' dir='ltr'>multum</span> <span class='ocrx_word' id='word_1_200' title='bbox 686 1492 894 1530; x_wconf 83' lang='lat' dir='ltr'>esuriendo</span> <span class='ocrx_word' id='word_1_201' title='bbox 926 1497 1071 1530; x_wconf 80' lang='lat' dir='ltr'>terram</span> <span class='ocrx_word' id='word_1_202' title='bbox 1103 1493 1359 1542; x_wconf 72' lang='lat' dir='ltr'>transierunt,</span> <span class='ocrx_word' id='word_1_203' title='bbox 1404 1493 1493 1541; x_wconf 90' lang='lat' dir='ltr'>quia</span> <span class='ocrx_word' id='word_1_204' title='bbox 1525 1494 1564 1530; x_wconf 94' lang='lat' dir='ltr'>in</span> 
     </span>
     <span class='ocr_line' id='line_1_26' title="bbox 166 1548 1564 1602; baseline 0.002 -16"><span class='ocrx_word' id='word_1_205' title='bbox 166 1556 208 1586; x_wconf 82' lang='lat'>25</span> <span class='ocrx_word' id='word_1_206' title='bbox 236 1553 292 1589; x_wconf 82' lang='lat' dir='ltr'>eis</span> <span class='ocrx_word' id='word_1_207' title='bbox 332 1563 409 1589; x_wconf 90' lang='lat' dir='ltr'>non</span> <span class='ocrx_word' id='word_1_208' title='bbox 447 1556 621 1602; x_wconf 79' lang='lat' dir='ltr'>terrena,</span> <span class='ocrx_word' id='word_1_209' title='bbox 665 1550 732 1589; x_wconf 87' lang='lat' dir='ltr'>sed</span> <span class='ocrx_word' id='word_1_210' title='bbox 774 1550 953 1588; x_wconf 78' lang='lat' dir='ltr'>caelestia</span> <span class='ocrx_word' id='word_1_211' title='bbox 992 1555 1215 1601; x_wconf 88' lang='lat' dir='ltr'>sapuerunt.</span> <span class='ocrx_word' id='word_1_212' title='bbox 1277 1548 1325 1587; x_wconf 88' lang='lat' dir='ltr'>Et</span> <span class='ocrx_word' id='word_1_213' title='bbox 1357 1550 1428 1587; x_wconf 88' lang='lat' dir='ltr'>boc</span> <span class='ocrx_word' id='word_1_214' title='bbox 1461 1550 1564 1589; x_wconf 88' lang='lat' dir='ltr'>velut</span> 
     </span>
     <span class='ocr_line' id='line_1_27' title="bbox 236 1610 1566 1660; baseline -0.001 -13"><span class='ocrx_word' id='word_1_215' title='bbox 236 1615 493 1660; x_wconf 86' lang='lat' dir='ltr'>quaereretur</span> <span class='ocrx_word' id='word_1_216' title='bbox 526 1622 640 1648; x_wconf 86' lang='lat' dir='ltr'>eausa</span> <span class='ocrx_word' id='word_1_217' title='bbox 680 1621 750 1647; x_wconf 85' lang='lat' dir='ltr'>eur</span> <span class='ocrx_word' id='word_1_218' title='bbox 782 1610 926 1647; x_wconf 83' lang='lat' dir='ltr'>factum</span> <span class='ocrx_word' id='word_1_219' title='bbox 959 1610 1023 1647; x_wconf 89' lang='lat' dir='ltr'>sit:</span> <span class='ocrx_word' id='word_1_220' title='bbox 1082 1610 1182 1654; x_wconf 76' lang='lat' dir='ltr'>Ouia</span> <span class='ocrx_word' id='word_1_221' title='bbox 1220 1611 1382 1655; x_wconf 71' lang='lat' dir='ltr'>sterilis,</span> <span class='ocrx_word' id='word_1_222' title='bbox 1427 1610 1566 1660; x_wconf 80' lang='lat' dir='ltr'>inquit,</span> 
     </span>
     <span class='ocr_line' id='line_1_28' title="bbox 231 1666 1605 1719; baseline -0.001 -12"><span class='ocrx_word' id='word_1_223' title='bbox 231 1671 391 1717; x_wconf 75' lang='lat' dir='ltr'>peperit</span> <span class='ocrx_word' id='word_1_224' title='bbox 414 1673 571 1719; x_wconf 75' lang='lat' dir='ltr'>septem,</span> <span class='ocrx_word' id='word_1_225' title='bbox 605 1673 643 1707; x_wconf 89' lang='lat' dir='ltr'>et</span> <span class='ocrx_word' id='word_1_226' title='bbox 667 1670 789 1706; x_wconf 77' lang='lat' dir='ltr'>multa</span> <span class='ocrx_word' id='word_1_227' title='bbox 817 1670 855 1706; x_wconf 73' lang='lat' dir='ltr'>in</span> <span class='ocrx_word' id='word_1_228' title='bbox 878 1670 975 1714; x_wconf 70' lang='lat' dir='ltr'>filiis</span> <span class='ocrx_word' id='word_1_229' title='bbox 1002 1670 1206 1714; x_wconf 71' lang='lat' dir='ltr'>infirmata</span> <span class='ocrx_word' id='word_1_230' title='bbox 1233 1672 1298 1705; x_wconf 77' lang='lat' dir='ltr'>est.</span> <span class='ocrx_word' id='word_1_231' title='bbox 1342 1666 1412 1704; x_wconf 88' lang='lat' dir='ltr'>Hie</span> <span class='ocrx_word' id='word_1_232' title='bbox 1438 1673 1564 1706; x_wconf 85' lang='lat' dir='ltr'>totum</span> <span class='ocrx_word' id='word_1_233' title='bbox 1598 1674 1605 1683; x_wconf 87' lang='lat'><strong>·</strong></span> 
     </span>
     <span class='ocr_line' id='line_1_29' title="bbox 236 1725 1563 1777; baseline -0.001 -12"><span class='ocrx_word' id='word_1_234' title='bbox 236 1726 339 1777; x_wconf 89' lang='lat' dir='ltr'>quod</span> <span class='ocrx_word' id='word_1_235' title='bbox 379 1726 684 1776; x_wconf 82' lang='lat' dir='ltr'>prophetabatur</span> <span class='ocrx_word' id='word_1_236' title='bbox 716 1726 838 1764; x_wconf 86' lang='lat' dir='ltr'>eluxit</span> <span class='ocrx_word' id='word_1_237' title='bbox 868 1725 1168 1776; x_wconf 84' lang='lat' dir='ltr'>agnoscentibus</span> <span class='ocrx_word' id='word_1_238' title='bbox 1201 1737 1406 1764; x_wconf 84' lang='lat' dir='ltr'>numerum</span> <span class='ocrx_word' id='word_1_239' title='bbox 1439 1731 1563 1776; x_wconf 82' lang='lat' dir='ltr'>septe-</span> 
     </span>
     <span class='ocr_line' id='line_1_30' title="bbox 238 1784 1563 1835; baseline -0.002 -12"><span class='ocrx_word' id='word_1_240' title='bbox 238 1787 406 1835; x_wconf 84' lang='lat' dir='ltr'>narium⁷</span> <span class='ocrx_word' id='word_1_241' title='bbox 447 1797 523 1835; x_wconf 90' lang='lat' dir='ltr'>quo</span> <span class='ocrx_word' id='word_1_242' title='bbox 563 1790 622 1823; x_wconf 89' lang='lat' dir='ltr'>est</span> <span class='ocrx_word' id='word_1_243' title='bbox 661 1786 863 1823; x_wconf 84' lang='lat' dir='ltr'>universae</span> <span class='ocrx_word' id='word_1_244' title='bbox 903 1784 1088 1822; x_wconf 84' lang='lat' dir='ltr'>ecelesiae</span> <span class='ocrx_word' id='word_1_245' title='bbox 1121 1784 1332 1834; x_wconf 78' lang='lat' dir='ltr'>significata</span> <span class='ocrx_word' id='word_1_246' title='bbox 1363 1784 1563 1834; x_wconf 81' lang='lat' dir='ltr'>perfectio.</span> 
     </span>
     <span class='ocr_line' id='line_1_31' title="bbox 165 1841 1566 1894; baseline 0 -15"><span class='ocrx_word' id='word_1_247' title='bbox 165 1850 209 1879; x_wconf 85' lang='lat'>30</span> <span class='ocrx_word' id='word_1_248' title='bbox 236 1844 402 1894; x_wconf 86' lang='lat' dir='ltr'>Propter</span> <span class='ocrx_word' id='word_1_249' title='bbox 447 1843 549 1893; x_wconf 86' lang='lat' dir='ltr'>quod</span> <span class='ocrx_word' id='word_1_250' title='bbox 595 1848 634 1881; x_wconf 89' lang='lat' dir='ltr'>et</span> <span class='ocrx_word' id='word_1_251' title='bbox 678 1843 868 1880; x_wconf 88' lang='lat' dir='ltr'>Iohannes</span> <span class='ocrx_word' id='word_1_252' title='bbox 913 1842 1109 1893; x_wconf 88' lang='lat' dir='ltr'>apostolus</span> <span class='ocrx_word' id='word_1_253' title='bbox 1153 1842 1198 1880; x_wconf 87' lang='lat' dir='ltr'>ad</span> <span class='ocrx_word' id='word_1_254' title='bbox 1243 1847 1392 1892; x_wconf 84' lang='lat' dir='ltr'>septem</span> <span class='ocrx_word' id='word_1_255' title='bbox 1431 1841 1566 1880; x_wconf 81' lang='lat' dir='ltr'>scribit</span> 
     </span>
     <span class='ocr_line' id='line_1_32' title="bbox 237 1900 1564 1954; baseline -0.002 -14"><span class='ocrx_word' id='word_1_256' title='bbox 237 1902 438 1954; x_wconf 78' lang='lat' dir='ltr'>ecclesias,</span> <span class='ocrx_word' id='word_1_257' title='bbox 483 1914 528 1940; x_wconf 89' lang='lat' dir='ltr'>eo</span> <span class='ocrx_word' id='word_1_258' title='bbox 566 1901 680 1939; x_wconf 88' lang='lat' dir='ltr'>modo</span> <span class='ocrx_word' id='word_1_259' title='bbox 720 1913 760 1938; x_wconf 88' lang='lat' dir='ltr'>se</span> <span class='ocrx_word' id='word_1_260' title='bbox 799 1900 1008 1939; x_wconf 85' lang='lat' dir='ltr'>ostendens</span> <span class='ocrx_word' id='word_1_261' title='bbox 1047 1900 1091 1938; x_wconf 89' lang='lat' dir='ltr'>ad</span> <span class='ocrx_word' id='word_1_262' title='bbox 1130 1902 1245 1938; x_wconf 78' lang='lat' dir='ltr'>unius</span> <span class='ocrx_word' id='word_1_263' title='bbox 1285 1900 1564 1950; x_wconf 77' lang='lat' dir='ltr'>plenitudinem</span> 
     </span>
     <span class='ocr_line' id='line_1_33' title="bbox 238 1958 1567 2012; baseline -0.002 -14"><span class='ocrx_word' id='word_1_264' title='bbox 238 1960 428 2012; x_wconf 81' lang='lat' dir='ltr'>scrihere3</span> <span class='ocrx_word' id='word_1_265' title='bbox 461 1966 498 1998; x_wconf 88' lang='lat' dir='ltr'>et</span> <span class='ocrx_word' id='word_1_266' title='bbox 524 1961 562 1998; x_wconf 92' lang='lat' dir='ltr'>in</span> <span class='ocrx_word' id='word_1_267' title='bbox 589 1959 806 2010; x_wconf 86' lang='lat' dir='ltr'>proverbiis</span> <span class='ocrx_word' id='word_1_268' title='bbox 829 1958 1045 1997; x_wconf 85' lang='lat' dir='ltr'>Salomonis</span> <span class='ocrx_word' id='word_1_269' title='bbox 1070 1958 1143 1996; x_wconf 83' lang='lat' dir='ltr'>hoe</span> <span class='ocrx_word' id='word_1_270' title='bbox 1171 1965 1281 1996; x_wconf 83' lang='lat' dir='ltr'>antea</span> <span class='ocrx_word' id='word_1_271' title='bbox 1302 1959 1567 2009; x_wconf 83' lang='lat' dir='ltr'>praefigurans</span> 
     </span>
    </p>
   </div>
   <div class='ocr_carea' id='block_1_3' title="bbox 186 383 205 412">
    <p class='ocr_par' dir='ltr' id='par_1_3' title="bbox 186 383 205 412">
     <span class='ocr_line' id='line_1_34' title="bbox 186 383 205 412; textangle 90"><span class='ocrx_word' id='word_1_272' title='bbox 186 383 205 412; x_wconf 57' lang='lat'>0⁹!</span> 
     </span>
    </p>
   </div>
   <div class='ocr_carea' id='block_1_4' title="bbox 237 2059 1591 2151">
    <p class='ocr_par' dir='ltr' id='par_1_4' title="bbox 237 2059 1591 2151">
     <span class='ocr_line' id='line_1_35' title="bbox 333 2059 1566 2149; baseline 0.001 -56"><span class='ocrx_word' id='word_1_273' title='bbox 333 2062 364 2103; x_wconf 89' lang='lat'>1)</span> <span class='ocrx_word' id='word_1_274' title='bbox 392 2060 493 2149; x_wconf 39' lang='lat' dir='ltr'>anpx.</span> <span class='ocrx_word' id='word_1_275' title='bbox 528 2063 679 2140; x_wconf 71' lang='grc' dir='ltr'>1Ο,13.4</span> <span class='ocrx_word' id='word_1_276' title='bbox 702 2062 736 2103; x_wconf 86' lang='grc'>4)</span> <span class='ocrx_word' id='word_1_277' title='bbox 770 2059 825 2094; x_wconf 82' lang='lat' dir='ltr'>Ps.</span> <span class='ocrx_word' id='word_1_278' title='bbox 859 2063 919 2103; x_wconf 86' lang='lat'>93,</span> <span class='ocrx_word' id='word_1_279' title='bbox 958 2063 1009 2095; x_wconf 85' lang='lat'>11.</span> <span class='ocrx_word' id='word_1_280' title='bbox 1063 2061 1118 2102; x_wconf 84' lang='lat'>13)</span> <span class='ocrx_word' id='word_1_281' title='bbox 1144 2059 1200 2094; x_wconf 71' lang='lat' dir='ltr'>Ps.</span> <span class='ocrx_word' id='word_1_282' title='bbox 1229 2063 1265 2102; x_wconf 88' lang='grc'>6,</span> <span class='ocrx_word' id='word_1_283' title='bbox 1298 2063 1328 2094; x_wconf 88' lang='grc'>3.</span> <span class='ocrx_word' id='word_1_284' title='bbox 1382 2061 1438 2103; x_wconf 83' lang='grc'>17)</span> <span class='ocrx_word' id='word_1_285' title='bbox 1463 2059 1566 2095; x_wconf 85' lang='lat' dir='ltr'>Rom.</span> 
     </span>
     <span class='ocr_line' id='line_1_36' title="bbox 237 2111 1591 2151; baseline 0 -10"><span class='ocrx_word' id='word_1_286' title='bbox 237 2112 268 2149; x_wconf 76' lang='lat'>3,</span> <span class='ocrx_word' id='word_1_287' title='bbox 296 2112 325 2141; x_wconf 75' lang='lat'>2.</span> <span class='ocrx_word' id='word_1_288' title='bbox 378 2111 421 2141; x_wconf 89' lang='lat'>30</span> <span class='ocrx_word' id='word_1_289' title='bbox 494 2118 572 2151; x_wconf 86' lang='lat' dir='ltr'>poe.</span> <span class='ocrx_word' id='word_1_290' title='bbox 625 2135 632 2149; x_wconf 83' lang='lat'>‚</span> <span class='ocrx_word' id='word_1_291' title='bbox 685 2135 690 2141; x_wconf 91' lang='lat'><strong>.</strong></span> <span class='ocrx_word' id='word_1_292' title='bbox 1587 2122 1591 2126; x_wconf 94' lang='lat'>·</span> 
     </span>
    </p>
   </div>
   <div class='ocr_carea' id='block_1_5' title="bbox 332 2222 819 2264">
    <p class='ocr_par' dir='ltr' id='par_1_5' title="bbox 332 2222 819 2264">
     <span class='ocr_line' id='line_1_37' title="bbox 332 2222 819 2264; baseline -0.002 -7"><span class='ocrx_word' id='word_1_293' title='bbox 332 2228 372 2257; x_wconf 72' lang='lat'>13</span> <span class='ocrx_word' id='word_1_294' title='bbox 400 2223 514 2257; x_wconf 75' lang='lat' dir='ltr'>latine</span> <span class='ocrx_word' id='word_1_295' title='bbox 540 2223 594 2264; x_wconf 78' lang='lat' dir='ltr'>A,·</span> <span class='ocrx_word' id='word_1_296' title='bbox 620 2222 735 2256; x_wconf 70' lang='lat' dir='ltr'>latino</span> <span class='ocrx_word' id='word_1_297' title='bbox 764 2222 819 2256; x_wconf 80' lang='lat' dir='ltr'>Rv</span> 
     </span>
    </p>
   </div>
  </div>
 </body>
</html>
