<?xml version="1.0" encoding="UTF-8"?>
<!DOCTYPE html PUBLIC "-//W3C//DTD XHTML 1.0 Transitional//EN"
    "http://www.w3.org/TR/xhtml1/DTD/xhtml1-transitional.dtd">
<html xmlns="http://www.w3.org/1999/xhtml" xml:lang="en" lang="en">
 <head>
  <title>
</title>
<meta http-equiv="Content-Type" content="text/html;charset=utf-8" />
  <meta name='ocr-system' content='tesseract 3.04.00' />
  <meta name='ocr-capabilities' content='ocr_page ocr_carea ocr_par ocr_line ocrx_word'/>
</head>
<body>
  <div class='ocr_page' id='page_1' title='image "./sanctiaureliiaug02auguuoft_0140.png"; bbox 0 0 1495 2489; ppageno 0'>
   <div class='ocr_carea' id='block_1_1' title="bbox 28 879 70 910">
    <p class='ocr_par' dir='ltr' id='par_1_1' title="bbox 28 879 70 910">
     <span class='ocr_line' id='line_1_1' title="bbox 28 879 70 910; baseline 0.024 -1"><span class='ocrx_word' id='word_1_1' title='bbox 28 879 70 910; x_wconf 89' lang='lat'>10</span> 
     </span>
    </p>
   </div>
   <div class='ocr_carea' id='block_1_2' title="bbox 29 1195 70 1225">
    <p class='ocr_par' dir='ltr' id='par_1_2' title="bbox 29 1195 70 1225">
     <span class='ocr_line' id='line_1_2' title="bbox 29 1195 70 1225; baseline 0.024 -1"><span class='ocrx_word' id='word_1_2' title='bbox 29 1195 70 1225; x_wconf 84' lang='lat'>15</span> 
     </span>
    </p>
   </div>
   <div class='ocr_carea' id='block_1_3' title="bbox 26 1486 70 1517">
    <p class='ocr_par' dir='ltr' id='par_1_3' title="bbox 26 1486 70 1517">
     <span class='ocr_line' id='line_1_3' title="bbox 26 1486 70 1517; baseline 0.023 -1"><span class='ocrx_word' id='word_1_3' title='bbox 26 1486 70 1517; x_wconf 75' lang='lat'>20</span> 
     </span>
    </p>
   </div>
   <div class='ocr_carea' id='block_1_4' title="bbox 28 2067 72 2097">
    <p class='ocr_par' dir='ltr' id='par_1_4' title="bbox 28 2067 72 2097">
     <span class='ocr_line' id='line_1_4' title="bbox 28 2067 72 2097; baseline 0.023 -1"><span class='ocrx_word' id='word_1_4' title='bbox 28 2067 72 2097; x_wconf 85' lang='lat'>30</span> 
     </span>
    </p>
   </div>
   <div class='ocr_carea' id='block_1_5' title="bbox 102 168 919 209">
    <p class='ocr_par' dir='ltr' id='par_1_5' title="bbox 102 168 919 209">
     <span class='ocr_line' id='line_1_5' title="bbox 102 168 919 209; baseline 0 -8"><span class='ocrx_word' id='word_1_5' title='bbox 102 168 184 209; x_wconf 81' lang='lat'>134</span> <span class='ocrx_word' id='word_1_6' title='bbox 644 178 673 201; x_wconf 84' lang='lat' dir='ltr'>s.</span> <span class='ocrx_word' id='word_1_7' title='bbox 699 175 919 202; x_wconf 69' lang='lat' dir='ltr'>Auousmm</span> 
     </span>
    </p>
   </div>
   <div class='ocr_carea' id='block_1_6' title="bbox 98 265 1470 595">
    <p class='ocr_par' dir='ltr' id='par_1_6' title="bbox 98 265 1470 595">
     <span class='ocr_line' id='line_1_6' title="bbox 99 265 1470 317; baseline -0.001 -13"><span class='ocrx_word' id='word_1_8' title='bbox 99 268 203 317; x_wconf 83' lang='lat' dir='ltr'>ginta</span> <span class='ocrx_word' id='word_1_9' title='bbox 230 274 323 317; x_wconf 85' lang='lat' dir='ltr'>tres,</span> <span class='ocrx_word' id='word_1_10' title='bbox 355 266 413 304; x_wconf 81' lang='lat' dir='ltr'>vel</span> <span class='ocrx_word' id='word_1_11' title='bbox 440 267 581 316; x_wconf 78' lang='lat' dir='ltr'>potius,</span> <span class='ocrx_word' id='word_1_12' title='bbox 613 271 656 303; x_wconf 90' lang='lat' dir='ltr'>ut</span> <span class='ocrx_word' id='word_1_13' title='bbox 682 267 779 303; x_wconf 87' lang='lat' dir='ltr'>ratio</span> <span class='ocrx_word' id='word_1_14' title='bbox 812 265 1053 303; x_wconf 80' lang='lat' dir='ltr'>declaratura</span> <span class='ocrx_word' id='word_1_15' title='bbox 1087 272 1157 316; x_wconf 81' lang='lat' dir='ltr'>est,</span> <span class='ocrx_word' id='word_1_16' title='bbox 1189 267 1432 316; x_wconf 84' lang='lat' dir='ltr'>septuaginta</span> <span class='ocrx_word' id='word_1_17' title='bbox 1464 274 1470 280; x_wconf 89' lang='lat'><strong>·</strong></span> 
     </span>
     <span class='ocr_line' id='line_1_7' title="bbox 99 323 1432 375; baseline -0.002 -12"><span class='ocrx_word' id='word_1_18' title='bbox 99 325 196 363; x_wconf 83' lang='lat' dir='ltr'>duae</span> <span class='ocrx_word' id='word_1_19' title='bbox 223 331 358 375; x_wconf 85' lang='lat' dir='ltr'>gentes</span> <span class='ocrx_word' id='word_1_20' title='bbox 384 323 625 373; x_wconf 86' lang='lat' dir='ltr'>totidemque</span> <span class='ocrx_word' id='word_1_21' title='bbox 652 323 805 373; x_wconf 81' lang='lat' dir='ltr'>linguae</span> <span class='ocrx_word' id='word_1_22' title='bbox 833 336 902 374; x_wconf 89' lang='lat' dir='ltr'>per</span> <span class='ocrx_word' id='word_1_23' title='bbox 930 329 1054 361; x_wconf 87' lang='lat' dir='ltr'>terras</span> <span class='ocrx_word' id='word_1_24' title='bbox 1087 335 1172 361; x_wconf 89' lang='lat' dir='ltr'>esse</span> <span class='ocrx_word' id='word_1_25' title='bbox 1206 330 1432 374; x_wconf 85' lang='lat' dir='ltr'>coeperunt,</span> 
     </span>
     <span class='ocr_line' id='line_1_8' title="bbox 99 381 1432 433; baseline -0.002 -12"><span class='ocrx_word' id='word_1_26' title='bbox 99 395 197 433; x_wconf 84' lang='lat' dir='ltr'>quae</span> <span class='ocrx_word' id='word_1_27' title='bbox 223 382 437 421; x_wconf 79' lang='lat' dir='ltr'>crescendo</span> <span class='ocrx_word' id='word_1_28' title='bbox 463 388 502 419; x_wconf 86' lang='lat' dir='ltr'>et</span> <span class='ocrx_word' id='word_1_29' title='bbox 528 381 674 419; x_wconf 81' lang='lat' dir='ltr'>insulas</span> <span class='ocrx_word' id='word_1_30' title='bbox 701 381 970 431; x_wconf 81' lang='lat' dir='ltr'>impleverunt.</span> <span class='ocrx_word' id='word_1_31' title='bbox 1031 382 1179 419; x_wconf 87' lang='lat' dir='ltr'>Auctus</span> <span class='ocrx_word' id='word_1_32' title='bbox 1211 387 1271 419; x_wconf 87' lang='lat' dir='ltr'>est</span> <span class='ocrx_word' id='word_1_33' title='bbox 1303 388 1432 419; x_wconf 87' lang='lat' dir='ltr'>autem</span> 
     </span>
     <span class='ocr_line' id='line_1_9' title="bbox 99 439 1432 491; baseline -0.002 -11"><span class='ocrx_word' id='word_1_34' title='bbox 99 453 287 479; x_wconf 81' lang='lat' dir='ltr'>numerus</span> <span class='ocrx_word' id='word_1_35' title='bbox 326 441 499 490; x_wconf 83' lang='lat' dir='ltr'>gentium</span> <span class='ocrx_word' id='word_1_36' title='bbox 538 439 660 478; x_wconf 90' lang='lat' dir='ltr'>multo</span> <span class='ocrx_word' id='word_1_37' title='bbox 702 440 866 491; x_wconf 85' lang='lat' dir='ltr'>amplius</span> <span class='ocrx_word' id='word_1_38' title='bbox 899 452 1012 490; x_wconf 86' lang='lat' dir='ltr'>quam</span> <span class='ocrx_word' id='word_1_39' title='bbox 1044 440 1274 489; x_wconf 85' lang='lat' dir='ltr'>linguarum.</span> <span class='ocrx_word' id='word_1_40' title='bbox 1337 439 1432 478; x_wconf 87' lang='lat' dir='ltr'>Nam</span> 
     </span>
     <span class='ocr_line' id='line_1_10' title="bbox 100 497 1432 549; baseline 0 -12"><span class='ocrx_word' id='word_1_41' title='bbox 100 506 137 537; x_wconf 90' lang='lat' dir='ltr'>et</span> <span class='ocrx_word' id='word_1_42' title='bbox 187 501 226 537; x_wconf 88' lang='lat' dir='ltr'>in</span> <span class='ocrx_word' id='word_1_43' title='bbox 276 500 404 536; x_wconf 72' lang='lat' dir='ltr'>AfrIca</span> <span class='ocrx_word' id='word_1_44' title='bbox 454 497 638 536; x_wconf 84' lang='lat' dir='ltr'>barbaras</span> <span class='ocrx_word' id='word_1_45' title='bbox 688 505 823 548; x_wconf 83' lang='lat' dir='ltr'>gentes</span> <span class='ocrx_word' id='word_1_46' title='bbox 867 499 907 536; x_wconf 92' lang='lat' dir='ltr'>in</span> <span class='ocrx_word' id='word_1_47' title='bbox 950 510 1026 536; x_wconf 88' lang='lat' dir='ltr'>una</span> <span class='ocrx_word' id='word_1_48' title='bbox 1072 499 1201 549; x_wconf 83' lang='lat' dir='ltr'>lingua</span> <span class='ocrx_word' id='word_1_49' title='bbox 1243 498 1432 549; x_wconf 85' lang='lat' dir='ltr'>plurimas</span> 
     </span>
     <span class='ocr_line' id='line_1_11' title="bbox 98 570 285 595; baseline 0 0"><span class='ocrx_word' id='word_1_50' title='bbox 98 570 285 595; x_wconf 72' lang='lat' dir='ltr'>novnnus.</span> 
     </span>
    </p>
   </div>
   <div class='ocr_carea' id='block_1_7' title="bbox 619 669 899 712">
    <p class='ocr_par' dir='ltr' id='par_1_7' title="bbox 619 669 899 712">
     <span class='ocr_line' id='line_1_12' title="bbox 619 669 899 712; baseline -0.004 0"><span class='ocrx_word' id='word_1_51' title='bbox 619 669 774 712; x_wconf 78' lang='lat' dir='ltr'>CAPUT</span> <span class='ocrx_word' id='word_1_52' title='bbox 802 670 899 712; x_wconf 89' lang='lat' dir='ltr'><strong>VII.</strong></span> 
     </span>
    </p>
   </div>
   <div class='ocr_carea' id='block_1_8' title="bbox 120 757 1409 910">
    <p class='ocr_par' dir='ltr' id='par_1_8' title="bbox 120 757 1409 910">
     <span class='ocr_line' id='line_1_13' title="bbox 120 757 1409 803; baseline -0.001 -9"><span class='ocrx_word' id='word_1_53' title='bbox 120 758 182 794; x_wconf 82' lang='grc' dir='ltr'>Αη</span> <span class='ocrx_word' id='word_1_54' title='bbox 214 767 327 794; x_wconf 79' lang='lat' dir='ltr'>omne</span> <span class='ocrx_word' id='word_1_55' title='bbox 359 757 575 794; x_wconf 76' lang='lat' dir='ltr'>bestiarum</span> <span class='ocrx_word' id='word_1_56' title='bbox 604 768 731 803; x_wconf 65' lang='lat' dir='ltr'>yemis</span> <span class='ocrx_word' id='word_1_57' title='bbox 763 759 881 793; x_wconf 62' lang='lat' dir='ltr'>etlam</span> <span class='ocrx_word' id='word_1_58' title='bbox 913 757 1199 794; x_wconf 74' lang='lat' dir='ltr'>remotissimae</span> <span class='ocrx_word' id='word_1_59' title='bbox 1231 768 1255 793; x_wconf 86' lang='lat' dir='ltr'><em>a</em></span> <span class='ocrx_word' id='word_1_60' title='bbox 1288 758 1409 794; x_wconf 81' lang='lat' dir='ltr'>terris</span> 
     </span>
     <span class='ocr_line' id='line_1_14' title="bbox 186 815 1343 862; baseline -0.001 -10"><span class='ocrx_word' id='word_1_61' title='bbox 186 816 340 853; x_wconf 76' lang='lat' dir='ltr'>insulae</span> <span class='ocrx_word' id='word_1_62' title='bbox 371 826 422 852; x_wconf 76' lang='lat' dir='ltr'>ex</span> <span class='ocrx_word' id='word_1_63' title='bbox 454 825 498 852; x_wconf 83' lang='lat' dir='ltr'>eo</span> <span class='ocrx_word' id='word_1_64' title='bbox 531 825 695 852; x_wconf 78' lang='lat' dir='ltr'>numero</span> <span class='ocrx_word' id='word_1_65' title='bbox 728 816 978 862; x_wconf 73' lang='lat' dir='ltr'>acceperint,</span> <span class='ocrx_word' id='word_1_66' title='bbox 1011 815 1081 860; x_wconf 74' lang='lat' dir='ltr'>qui</span> <span class='ocrx_word' id='word_1_67' title='bbox 1112 816 1150 851; x_wconf 79' lang='lat' dir='ltr'>in</span> <span class='ocrx_word' id='word_1_68' title='bbox 1184 825 1286 852; x_wconf 81' lang='lat' dir='ltr'>arca</span> <span class='ocrx_word' id='word_1_69' title='bbox 1319 826 1343 851; x_wconf 84' lang='grc' dir='ltr'><em>α</em></span> 
     </span>
     <span class='ocr_line' id='line_1_15' title="bbox 391 873 1136 910; baseline -0.001 -1"><span class='ocrx_word' id='word_1_70' title='bbox 391 874 533 910; x_wconf 69' lang='lat' dir='ltr'>diluvii</span> <span class='ocrx_word' id='word_1_71' title='bbox 563 873 824 910; x_wconf 74' lang='lat' dir='ltr'>inundatione</span> <span class='ocrx_word' id='word_1_72' title='bbox 854 877 1037 909; x_wconf 76' lang='lat' dir='ltr'>servatus</span> <span class='ocrx_word' id='word_1_73' title='bbox 1069 876 1136 909; x_wconf 84' lang='lat' dir='ltr'>est.</span> 
     </span>
    </p>
   </div>
   <div class='ocr_carea' id='block_1_9' title="bbox 95 952 1434 2107">
    <p class='ocr_par' dir='ltr' id='par_1_9' title="bbox 95 952 1434 2107">
     <span class='ocr_line' id='line_1_16' title="bbox 214 952 1432 1003; baseline 0.001 -12"><span class='ocrx_word' id='word_1_74' title='bbox 214 953 263 991; x_wconf 93' lang='lat' dir='ltr'>Et</span> <span class='ocrx_word' id='word_1_75' title='bbox 300 954 477 991; x_wconf 88' lang='lat' dir='ltr'>homines</span> <span class='ocrx_word' id='word_1_76' title='bbox 516 953 671 1003; x_wconf 85' lang='lat' dir='ltr'>quidem</span> <span class='ocrx_word' id='word_1_77' title='bbox 714 953 969 1003; x_wconf 87' lang='lat' dir='ltr'>multiplicato</span> <span class='ocrx_word' id='word_1_78' title='bbox 1011 965 1154 1003; x_wconf 85' lang='lat' dir='ltr'>genere</span> <span class='ocrx_word' id='word_1_79' title='bbox 1186 952 1354 991; x_wconf 91' lang='lat' dir='ltr'>humano</span> <span class='ocrx_word' id='word_1_80' title='bbox 1386 954 1432 992; x_wconf 86' lang='lat' dir='ltr'>ad</span> 
     </span>
     <span class='ocr_line' id='line_1_17' title="bbox 96 1011 1432 1061; baseline -0.001 -11"><span class='ocrx_word' id='word_1_81' title='bbox 96 1012 243 1050; x_wconf 90' lang='lat' dir='ltr'>insulas</span> <span class='ocrx_word' id='word_1_82' title='bbox 276 1011 544 1050; x_wconf 86' lang='lat' dir='ltr'>inhabitandas</span> <span class='ocrx_word' id='word_1_83' title='bbox 579 1012 729 1060; x_wconf 77' lang='lat' dir='ltr'>navigio</span> <span class='ocrx_word' id='word_1_84' title='bbox 763 1013 929 1049; x_wconf 87' lang='lat' dir='ltr'>transire</span> <span class='ocrx_word' id='word_1_85' title='bbox 962 1012 1155 1061; x_wconf 80' lang='lat' dir='ltr'>potuisse,</span> <span class='ocrx_word' id='word_1_86' title='bbox 1194 1013 1281 1061; x_wconf 88' lang='lat' dir='ltr'>quis</span> <span class='ocrx_word' id='word_1_87' title='bbox 1314 1011 1432 1049; x_wconf 90' lang='lat' dir='ltr'>ambi-</span> 
     </span>
     <span class='ocr_line' id='line_1_18' title="bbox 97 1068 1431 1121; baseline -0.001 -13"><span class='ocrx_word' id='word_1_88' title='bbox 97 1068 188 1121; x_wconf 82' lang='lat' dir='ltr'>gat?</span> <span class='ocrx_word' id='word_1_89' title='bbox 239 1070 313 1108; x_wconf 86' lang='lat' dir='ltr'>Sed</span> <span class='ocrx_word' id='word_1_90' title='bbox 353 1071 528 1120; x_wconf 86' lang='lat' dir='ltr'>quaestio</span> <span class='ocrx_word' id='word_1_91' title='bbox 568 1076 627 1107; x_wconf 86' lang='lat' dir='ltr'>est</span> <span class='ocrx_word' id='word_1_92' title='bbox 665 1070 710 1107; x_wconf 86' lang='lat' dir='ltr'>de</span> <span class='ocrx_word' id='word_1_93' title='bbox 750 1071 854 1106; x_wconf 86' lang='lat' dir='ltr'>omni</span> <span class='ocrx_word' id='word_1_94' title='bbox 886 1081 1029 1119; x_wconf 87' lang='lat' dir='ltr'>genere</span> <span class='ocrx_word' id='word_1_95' title='bbox 1063 1068 1293 1120; x_wconf 76' lang='lat' dir='ltr'>bestiarum,</span> <span class='ocrx_word' id='word_1_96' title='bbox 1333 1081 1431 1119; x_wconf 85' lang='lat' dir='ltr'>quae</span> 
     </span>
     <span class='ocr_line' id='line_1_19' title="bbox 98 1128 1431 1177; baseline 0 -12"><span class='ocrx_word' id='word_1_97' title='bbox 98 1128 171 1166; x_wconf 86' lang='lat' dir='ltr'>sub</span> <span class='ocrx_word' id='word_1_98' title='bbox 204 1140 297 1166; x_wconf 86' lang='lat' dir='ltr'>cura</span> <span class='ocrx_word' id='word_1_99' title='bbox 339 1128 539 1166; x_wconf 90' lang='lat' dir='ltr'>hominum</span> <span class='ocrx_word' id='word_1_100' title='bbox 579 1140 654 1165; x_wconf 91' lang='lat' dir='ltr'>non</span> <span class='ocrx_word' id='word_1_101' title='bbox 689 1134 779 1165; x_wconf 82' lang='lat' dir='ltr'>sunt</span> <span class='ocrx_word' id='word_1_102' title='bbox 812 1139 937 1177; x_wconf 91' lang='lat' dir='ltr'>neque</span> <span class='ocrx_word' id='word_1_103' title='bbox 971 1129 1086 1165; x_wconf 83' lang='lat' dir='ltr'>sicuti</span> <span class='ocrx_word' id='word_1_104' title='bbox 1119 1139 1233 1164; x_wconf 88' lang='lat' dir='ltr'>ranae</span> <span class='ocrx_word' id='word_1_105' title='bbox 1268 1139 1431 1166; x_wconf 88' lang='lat' dir='ltr'>nascun-</span> 
     </span>
     <span class='ocr_line' id='line_1_20' title="bbox 98 1186 1432 1237; baseline -0.001 -13"><span class='ocrx_word' id='word_1_106' title='bbox 98 1193 161 1224; x_wconf 90' lang='lat' dir='ltr'>tur</span> <span class='ocrx_word' id='word_1_107' title='bbox 194 1199 239 1224; x_wconf 88' lang='lat' dir='ltr'>ex</span> <span class='ocrx_word' id='word_1_108' title='bbox 268 1193 382 1237; x_wconf 81' lang='lat' dir='ltr'>terra,</span> <span class='ocrx_word' id='word_1_109' title='bbox 415 1186 481 1224; x_wconf 85' lang='lat' dir='ltr'>sed</span> <span class='ocrx_word' id='word_1_110' title='bbox 509 1186 588 1223; x_wconf 86' lang='lat' dir='ltr'>sola</span> <span class='ocrx_word' id='word_1_111' title='bbox 621 1187 895 1223; x_wconf 82' lang='lat' dir='ltr'>commixtione</span> <span class='ocrx_word' id='word_1_112' title='bbox 929 1186 1045 1224; x_wconf 87' lang='lat' dir='ltr'>maris</span> <span class='ocrx_word' id='word_1_113' title='bbox 1078 1190 1117 1223; x_wconf 86' lang='lat' dir='ltr'>et</span> <span class='ocrx_word' id='word_1_114' title='bbox 1148 1186 1312 1224; x_wconf 81' lang='lat' dir='ltr'>feminae</span> <span class='ocrx_word' id='word_1_115' title='bbox 1344 1198 1432 1236; x_wconf 88' lang='lat' dir='ltr'>pro·</span> 
     </span>
     <span class='ocr_line' id='line_1_21' title="bbox 95 1243 1433 1295; baseline -0.001 -13"><span class='ocrx_word' id='word_1_116' title='bbox 95 1251 306 1295; x_wconf 79' lang='lat' dir='ltr'>pagantur‚</span> <span class='ocrx_word' id='word_1_117' title='bbox 339 1246 440 1283; x_wconf 84' lang='lat' dir='ltr'>sicut</span> <span class='ocrx_word' id='word_1_118' title='bbox 472 1244 552 1294; x_wconf 91' lang='lat' dir='ltr'>lupi</span> <span class='ocrx_word' id='word_1_119' title='bbox 583 1251 699 1294; x_wconf 88' lang='lat' dir='ltr'>atque</span> <span class='ocrx_word' id='word_1_120' title='bbox 732 1243 848 1281; x_wconf 78' lang='lat' dir='ltr'>liuius</span> <span class='ocrx_word' id='word_1_121' title='bbox 880 1244 982 1282; x_wconf 87' lang='lat' dir='ltr'>modi</span> <span class='ocrx_word' id='word_1_122' title='bbox 1015 1249 1162 1294; x_wconf 85' lang='lat' dir='ltr'>cetera,</span> <span class='ocrx_word' id='word_1_123' title='bbox 1210 1255 1286 1293; x_wconf 92' lang='lat' dir='ltr'>quo</span> <span class='ocrx_word' id='word_1_124' title='bbox 1321 1244 1433 1282; x_wconf 90' lang='lat' dir='ltr'>modo</span> 
     </span>
     <span class='ocr_line' id='line_1_22' title="bbox 96 1303 1433 1353; baseline 0 -13"><span class='ocrx_word' id='word_1_125' title='bbox 96 1310 183 1353; x_wconf 89' lang='lat' dir='ltr'>post</span> <span class='ocrx_word' id='word_1_126' title='bbox 216 1303 422 1353; x_wconf 78' lang='lat' dir='ltr'>diluvium&gt;</span> <span class='ocrx_word' id='word_1_127' title='bbox 464 1315 540 1352; x_wconf 85' lang='lat' dir='ltr'>quo</span> <span class='ocrx_word' id='word_1_128' title='bbox 583 1315 646 1353; x_wconf 82' lang='lat' dir='ltr'>ea,</span> <span class='ocrx_word' id='word_1_129' title='bbox 687 1314 785 1352; x_wconf 90' lang='lat' dir='ltr'>quae</span> <span class='ocrx_word' id='word_1_130' title='bbox 820 1304 860 1339; x_wconf 90' lang='lat' dir='ltr'>in</span> <span class='ocrx_word' id='word_1_131' title='bbox 892 1314 979 1339; x_wconf 89' lang='lat' dir='ltr'>arca</span> <span class='ocrx_word' id='word_1_132' title='bbox 1012 1314 1087 1339; x_wconf 89' lang='lat' dir='ltr'>non</span> <span class='ocrx_word' id='word_1_133' title='bbox 1121 1307 1252 1352; x_wconf 85' lang='lat' dir='ltr'>erant,</span> <span class='ocrx_word' id='word_1_134' title='bbox 1293 1309 1433 1340; x_wconf 85' lang='lat' dir='ltr'>cuneta</span> 
     </span>
     <span class='ocr_line' id='line_1_23' title="bbox 97 1360 1434 1411; baseline -0.001 -12"><span class='ocrx_word' id='word_1_135' title='bbox 97 1361 221 1399; x_wconf 84' lang='lat' dir='ltr'>deleta</span> <span class='ocrx_word' id='word_1_136' title='bbox 259 1367 370 1411; x_wconf 80' lang='lat' dir='ltr'>sunt,</span> <span class='ocrx_word' id='word_1_137' title='bbox 412 1362 526 1398; x_wconf 86' lang='lat' dir='ltr'>etiam</span> <span class='ocrx_word' id='word_1_138' title='bbox 564 1362 601 1398; x_wconf 90' lang='lat' dir='ltr'>in</span> <span class='ocrx_word' id='word_1_139' title='bbox 646 1360 781 1397; x_wconf 89' lang='lat' dir='ltr'>insulis</span> <span class='ocrx_word' id='word_1_140' title='bbox 814 1372 899 1397; x_wconf 85' lang='lat' dir='ltr'>esse</span> <span class='ocrx_word' id='word_1_141' title='bbox 931 1361 1153 1411; x_wconf 84' lang='lat' dir='ltr'>potuerint,</span> <span class='ocrx_word' id='word_1_142' title='bbox 1193 1362 1225 1397; x_wconf 87' lang='lat' dir='ltr'>si</span> <span class='ocrx_word' id='word_1_143' title='bbox 1257 1366 1434 1410; x_wconf 88' lang='lat' dir='ltr'>reparata</span> 
     </span>
     <span class='ocr_line' id='line_1_24' title="bbox 97 1418 1431 1469; baseline 0 -13"><span class='ocrx_word' id='word_1_144' title='bbox 97 1431 174 1456; x_wconf 90' lang='lat' dir='ltr'>non</span> <span class='ocrx_word' id='word_1_145' title='bbox 217 1425 308 1457; x_wconf 88' lang='lat' dir='ltr'>sunt</span> <span class='ocrx_word' id='word_1_146' title='bbox 350 1420 422 1459; x_wconf 87' lang='lat' dir='ltr'>nisi</span> <span class='ocrx_word' id='word_1_147' title='bbox 465 1431 510 1456; x_wconf 82' lang='lat' dir='ltr'>ex</span> <span class='ocrx_word' id='word_1_148' title='bbox 551 1418 634 1469; x_wconf 78' lang='lat' dir='ltr'>his,</span> <span class='ocrx_word' id='word_1_149' title='bbox 676 1430 843 1468; x_wconf 84' lang='lat' dir='ltr'>quorum</span> <span class='ocrx_word' id='word_1_150' title='bbox 881 1430 1023 1468; x_wconf 85' lang='lat' dir='ltr'>genera</span> <span class='ocrx_word' id='word_1_151' title='bbox 1062 1419 1099 1455; x_wconf 89' lang='lat' dir='ltr'>in</span> <span class='ocrx_word' id='word_1_152' title='bbox 1134 1424 1302 1467; x_wconf 86' lang='lat' dir='ltr'>utroque</span> <span class='ocrx_word' id='word_1_153' title='bbox 1335 1430 1431 1456; x_wconf 86' lang='lat' dir='ltr'>sexu</span> 
     </span>
     <span class='ocr_line' id='line_1_25' title="bbox 98 1475 1432 1526; baseline -0.001 -11"><span class='ocrx_word' id='word_1_154' title='bbox 98 1489 185 1515; x_wconf 85' lang='lat' dir='ltr'>area</span> <span class='ocrx_word' id='word_1_155' title='bbox 224 1478 399 1515; x_wconf 86' lang='lat' dir='ltr'>servavit.</span> <span class='ocrx_word' id='word_1_156' title='bbox 461 1476 629 1514; x_wconf 83' lang='lat' dir='ltr'>Possunt</span> <span class='ocrx_word' id='word_1_157' title='bbox 670 1477 825 1526; x_wconf 80' lang='lat' dir='ltr'>quidem</span> <span class='ocrx_word' id='word_1_158' title='bbox 871 1476 977 1514; x_wconf 86' lang='lat' dir='ltr'>credi</span> <span class='ocrx_word' id='word_1_159' title='bbox 1010 1475 1055 1513; x_wconf 88' lang='lat' dir='ltr'>ad</span> <span class='ocrx_word' id='word_1_160' title='bbox 1087 1475 1233 1513; x_wconf 87' lang='lat' dir='ltr'>insulas</span> <span class='ocrx_word' id='word_1_161' title='bbox 1267 1477 1432 1515; x_wconf 87' lang='lat' dir='ltr'>natando</span> 
     </span>
     <span class='ocr_line' id='line_1_26' title="bbox 97 1533 1432 1585; baseline 0.001 -13"><span class='ocrx_word' id='word_1_162' title='bbox 97 1537 295 1585; x_wconf 81' lang='lat' dir='ltr'>transisse,</span> <span class='ocrx_word' id='word_1_163' title='bbox 327 1534 394 1572; x_wconf 88' lang='lat' dir='ltr'>sed</span> <span class='ocrx_word' id='word_1_164' title='bbox 427 1536 632 1585; x_wconf 79' lang='lat' dir='ltr'>proximas.</span> <span class='ocrx_word' id='word_1_165' title='bbox 696 1534 795 1573; x_wconf 82' lang='lat' dir='ltr'>Sunt</span> <span class='ocrx_word' id='word_1_166' title='bbox 827 1541 957 1572; x_wconf 89' lang='lat' dir='ltr'>autem</span> <span class='ocrx_word' id='word_1_167' title='bbox 989 1533 1177 1584; x_wconf 85' lang='lat' dir='ltr'>quaedam</span> <span class='ocrx_word' id='word_1_168' title='bbox 1210 1539 1286 1572; x_wconf 88' lang='lat' dir='ltr'>tam</span> <span class='ocrx_word' id='word_1_169' title='bbox 1320 1534 1432 1585; x_wconf 87' lang='lat' dir='ltr'>longe</span> 
     </span>
     <span class='ocr_line' id='line_1_27' title="bbox 95 1591 1432 1644; baseline -0.001 -13"><span class='ocrx_word' id='word_1_170' title='bbox 95 1595 242 1644; x_wconf 87' lang='lat' dir='ltr'>positae</span> <span class='ocrx_word' id='word_1_171' title='bbox 284 1606 304 1630; x_wconf 85' lang='lat' dir='ltr'>a</span> <span class='ocrx_word' id='word_1_172' title='bbox 346 1592 636 1630; x_wconf 87' lang='lat' dir='ltr'>continentibus</span> <span class='ocrx_word' id='word_1_173' title='bbox 681 1595 818 1643; x_wconf 81' lang='lat' dir='ltr'>terris,</span> <span class='ocrx_word' id='word_1_174' title='bbox 857 1598 900 1630; x_wconf 89' lang='lat' dir='ltr'>ut</span> <span class='ocrx_word' id='word_1_175' title='bbox 939 1592 984 1630; x_wconf 88' lang='lat' dir='ltr'>ad</span> <span class='ocrx_word' id='word_1_176' title='bbox 1023 1604 1088 1630; x_wconf 87' lang='lat' dir='ltr'>eas</span> <span class='ocrx_word' id='word_1_177' title='bbox 1121 1591 1223 1629; x_wconf 89' lang='lat' dir='ltr'>nulla</span> <span class='ocrx_word' id='word_1_178' title='bbox 1257 1592 1432 1644; x_wconf 76' lang='lat' dir='ltr'>videatur</span> 
     </span>
     <span class='ocr_line' id='line_1_28' title="bbox 97 1650 1431 1702; baseline 0 -13"><span class='ocrx_word' id='word_1_179' title='bbox 97 1658 229 1689; x_wconf 84' lang='lat' dir='ltr'>natare</span> <span class='ocrx_word' id='word_1_180' title='bbox 268 1653 441 1702; x_wconf 87' lang='lat' dir='ltr'>potuisse</span> <span class='ocrx_word' id='word_1_181' title='bbox 480 1650 704 1689; x_wconf 85' lang='lat' dir='ltr'>bestiarum.</span> <span class='ocrx_word' id='word_1_182' title='bbox 769 1650 879 1695; x_wconf 87' lang='lat' dir='ltr'>Quod</span> <span class='ocrx_word' id='word_1_183' title='bbox 922 1652 954 1688; x_wconf 90' lang='lat' dir='ltr'>si</span> <span class='ocrx_word' id='word_1_184' title='bbox 996 1650 1171 1688; x_wconf 88' lang='lat' dir='ltr'>homines</span> <span class='ocrx_word' id='word_1_185' title='bbox 1204 1662 1268 1688; x_wconf 90' lang='lat' dir='ltr'>eas</span> <span class='ocrx_word' id='word_1_186' title='bbox 1301 1656 1431 1701; x_wconf 87' lang='lat' dir='ltr'>captas</span> 
     </span>
     <span class='ocr_line' id='line_1_29' title="bbox 98 1707 1431 1759; baseline 0 -12"><span class='ocrx_word' id='word_1_187' title='bbox 98 1722 230 1747; x_wconf 85' lang='lat' dir='ltr'>secum</span> <span class='ocrx_word' id='word_1_188' title='bbox 269 1709 507 1747; x_wconf 84' lang='lat' dir='ltr'>advexerunt</span> <span class='ocrx_word' id='word_1_189' title='bbox 547 1715 585 1747; x_wconf 91' lang='lat' dir='ltr'>et</span> <span class='ocrx_word' id='word_1_190' title='bbox 623 1721 667 1746; x_wconf 91' lang='lat' dir='ltr'>eo</span> <span class='ocrx_word' id='word_1_191' title='bbox 701 1709 814 1746; x_wconf 89' lang='lat' dir='ltr'>modo</span> <span class='ocrx_word' id='word_1_192' title='bbox 847 1708 913 1746; x_wconf 92' lang='lat' dir='ltr'>ubi</span> <span class='ocrx_word' id='word_1_193' title='bbox 945 1707 1170 1746; x_wconf 83' lang='lat' dir='ltr'>habitabant</span> <span class='ocrx_word' id='word_1_194' title='bbox 1203 1720 1335 1746; x_wconf 88' lang='lat' dir='ltr'>earum</span> <span class='ocrx_word' id='word_1_195' title='bbox 1368 1721 1431 1759; x_wconf 85' lang='lat' dir='ltr'>ge—</span> 
     </span>
     <span class='ocr_line' id='line_1_30' title="bbox 98 1766 1431 1817; baseline 0 -12"><span class='ocrx_word' id='word_1_196' title='bbox 98 1780 190 1806; x_wconf 88' lang='lat' dir='ltr'>nera</span> <span class='ocrx_word' id='word_1_197' title='bbox 222 1769 478 1805; x_wconf 87' lang='lat' dir='ltr'>instituerunt</span> <span class='ocrx_word' id='word_1_198' title='bbox 508 1767 670 1805; x_wconf 82' lang='lat' dir='ltr'>venandi</span> <span class='ocrx_word' id='word_1_199' title='bbox 709 1767 850 1817; x_wconf 79' lang='lat' dir='ltr'>studio,</span> <span class='ocrx_word' id='word_1_200' title='bbox 884 1767 966 1804; x_wconf 84' lang='lat' dir='ltr'>fieri</span> <span class='ocrx_word' id='word_1_201' title='bbox 998 1768 1171 1816; x_wconf 87' lang='lat' dir='ltr'>potuisse</span> <span class='ocrx_word' id='word_1_202' title='bbox 1204 1766 1431 1805; x_wconf 86' lang='lat' dir='ltr'>incredibile</span> 
     </span>
     <span class='ocr_line' id='line_1_31' title="bbox 99 1825 1429 1876; baseline 0 -13"><span class='ocrx_word' id='word_1_203' title='bbox 99 1838 174 1863; x_wconf 92' lang='lat' dir='ltr'>non</span> <span class='ocrx_word' id='word_1_204' title='bbox 214 1831 290 1876; x_wconf 83' lang='lat' dir='ltr'>est3</span> <span class='ocrx_word' id='word_1_205' title='bbox 332 1826 505 1875; x_wconf 83' lang='lat' dir='ltr'>quamvis</span> <span class='ocrx_word' id='word_1_206' title='bbox 545 1827 654 1863; x_wconf 91' lang='lat' dir='ltr'>iussu</span> <span class='ocrx_word' id='word_1_207' title='bbox 693 1825 761 1863; x_wconf 84' lang='lat' dir='ltr'>Dei</span> <span class='ocrx_word' id='word_1_208' title='bbox 800 1826 878 1862; x_wconf 88' lang='lat' dir='ltr'>sive</span> <span class='ocrx_word' id='word_1_209' title='bbox 918 1826 1112 1875; x_wconf 88' lang='lat' dir='ltr'>permissu</span> <span class='ocrx_word' id='word_1_210' title='bbox 1154 1825 1269 1862; x_wconf 86' lang='lat' dir='ltr'>etiam</span> <span class='ocrx_word' id='word_1_211' title='bbox 1311 1836 1429 1876; x_wconf 81' lang='lat' dir='ltr'>opere</span> 
     </span>
     <span class='ocr_line' id='line_1_32' title="bbox 98 1881 1429 1933; baseline -0.001 -12"><span class='ocrx_word' id='word_1_212' title='bbox 98 1883 322 1933; x_wconf 84' lang='lat' dir='ltr'>angelorum</span> <span class='ocrx_word' id='word_1_213' title='bbox 350 1883 568 1933; x_wconf 85' lang='lat' dir='ltr'>negandum</span> <span class='ocrx_word' id='word_1_214' title='bbox 595 1895 671 1920; x_wconf 90' lang='lat' dir='ltr'>non</span> <span class='ocrx_word' id='word_1_215' title='bbox 699 1885 749 1921; x_wconf 85' lang='lat' dir='ltr'>sit</span> <span class='ocrx_word' id='word_1_216' title='bbox 780 1884 953 1933; x_wconf 86' lang='lat' dir='ltr'>potuisse</span> <span class='ocrx_word' id='word_1_217' title='bbox 987 1882 1201 1930; x_wconf 80' lang='lat' dir='ltr'>transferri.</span> <span class='ocrx_word' id='word_1_218' title='bbox 1266 1881 1306 1920; x_wconf 91' lang='lat' dir='ltr'>Si</span> <span class='ocrx_word' id='word_1_219' title='bbox 1338 1894 1429 1920; x_wconf 87' lang='lat' dir='ltr'>vero</span> 
     </span>
     <span class='ocr_line' id='line_1_33' title="bbox 99 1940 1431 1990; baseline -0.001 -11"><span class='ocrx_word' id='word_1_220' title='bbox 99 1948 201 1979; x_wconf 81' lang='lat' dir='ltr'>terra</span> <span class='ocrx_word' id='word_1_221' title='bbox 242 1947 397 1979; x_wconf 79' lang='lat' dir='ltr'>exortae</span> <span class='ocrx_word' id='word_1_222' title='bbox 437 1947 527 1979; x_wconf 85' lang='lat' dir='ltr'>sunt</span> <span class='ocrx_word' id='word_1_223' title='bbox 568 1940 785 1978; x_wconf 88' lang='lat' dir='ltr'>secundum</span> <span class='ocrx_word' id='word_1_224' title='bbox 822 1942 1010 1990; x_wconf 84' lang='lat' dir='ltr'>originem</span> <span class='ocrx_word' id='word_1_225' title='bbox 1050 1941 1234 1990; x_wconf 88' lang='lat' dir='ltr'>primam,</span> <span class='ocrx_word' id='word_1_226' title='bbox 1277 1940 1431 1990; x_wconf 85' lang='lat' dir='ltr'>quando</span> 
     </span>
     <span class='ocr_line' id='line_1_34' title="bbox 99 1997 1432 2048; baseline -0.001 -12"><span class='ocrx_word' id='word_1_227' title='bbox 99 2000 190 2037; x_wconf 79' lang='lat' dir='ltr'>dixit</span> <span class='ocrx_word' id='word_1_228' title='bbox 222 1999 340 2038; x_wconf 89' lang='lat' dir='ltr'>Deus:</span> <span class='ocrx_word' id='word_1_229' title='bbox 376 2000 581 2037; x_wconf 76' lang='lat' dir='ltr'>Producat</span> <span class='ocrx_word' id='word_1_230' title='bbox 613 2004 725 2037; x_wconf 78' lang='lat' dir='ltr'>terra</span> <span class='ocrx_word' id='word_1_231' title='bbox 759 2001 931 2036; x_wconf 78' lang='lat' dir='ltr'>ane&#39;mam</span> <span class='ocrx_word' id='word_1_232' title='bbox 964 2000 1103 2048; x_wconf 72' lang='lat' dir='ltr'>vivam,</span> <span class='ocrx_word' id='word_1_233' title='bbox 1136 1997 1256 2035; x_wconf 89' lang='lat' dir='ltr'>multo</span> <span class='ocrx_word' id='word_1_234' title='bbox 1290 1998 1432 2036; x_wconf 88' lang='lat' dir='ltr'>clarius</span> 
     </span>
     <span class='ocr_line' id='line_1_35' title="bbox 99 2055 1431 2107; baseline -0.002 -12"><span class='ocrx_word' id='word_1_235' title='bbox 99 2063 259 2107; x_wconf 85' lang='lat' dir='ltr'>apparet</span> <span class='ocrx_word' id='word_1_236' title='bbox 300 2070 377 2095; x_wconf 91' lang='lat' dir='ltr'>non</span> <span class='ocrx_word' id='word_1_237' title='bbox 419 2064 496 2095; x_wconf 88' lang='lat' dir='ltr'>tam</span> <span class='ocrx_word' id='word_1_238' title='bbox 537 2056 842 2107; x_wconf 82' lang='lat' dir='ltr'>reparandorum</span> <span class='ocrx_word' id='word_1_239' title='bbox 881 2055 1103 2094; x_wconf 88' lang='lat' dir='ltr'>animalium</span> <span class='ocrx_word' id='word_1_240' title='bbox 1149 2067 1265 2094; x_wconf 85' lang='lat' dir='ltr'>eausa</span> <span class='ocrx_word' id='word_1_241' title='bbox 1316 2067 1431 2106; x_wconf 87' lang='lat' dir='ltr'>quarn</span> 
     </span>
    </p>
   </div>
   <div class='ocr_carea' id='block_1_10' title="bbox 192 2157 505 2200">
    <p class='ocr_par' dir='ltr' id='par_1_10' title="bbox 192 2157 505 2200">
     <span class='ocr_line' id='line_1_36' title="bbox 192 2157 505 2200; baseline 0 -9"><span class='ocrx_word' id='word_1_242' title='bbox 192 2160 250 2200; x_wconf 68' lang='lat'>20)</span> <span class='ocrx_word' id='word_1_243' title='bbox 277 2157 363 2191; x_wconf 85' lang='lat' dir='ltr'>Gen.</span> <span class='ocrx_word' id='word_1_244' title='bbox 395 2163 424 2200; x_wconf 84' lang='lat'>1,</span> <span class='ocrx_word' id='word_1_245' title='bbox 452 2162 505 2191; x_wconf 77' lang='lat'>24.</span> 
     </span>
    </p>
   </div>
   <div class='ocr_carea' id='block_1_11' title="bbox 101 2242 315 2245">
    <p class='ocr_par' dir='ltr' id='par_1_11' title="bbox 101 2242 315 2245">
     <span class='ocr_line' id='line_1_37' title="bbox 101 2242 315 2245; baseline 0 0"><span class='ocrx_word' id='word_1_246' title='bbox 101 2242 315 2245; x_wconf 95' lang='lat' dir='ltr'> </span> 
     </span>
    </p>
   </div>
   <div class='ocr_carea' id='block_1_12' title="bbox 97 2283 1432 2376">
    <p class='ocr_par' dir='ltr' id='par_1_12' title="bbox 97 2283 1432 2376">
     <span class='ocr_line' id='line_1_38' title="bbox 194 2283 1432 2329; baseline -0.002 -10"><span class='ocrx_word' id='word_1_247' title='bbox 194 2290 234 2319; x_wconf 89' lang='lat'>11</span> <span class='ocrx_word' id='word_1_248' title='bbox 263 2297 285 2319; x_wconf 89' lang='lat' dir='ltr'><em>a</em></span> <span class='ocrx_word' id='word_1_249' title='bbox 310 2286 425 2319; x_wconf 81' lang='lat' dir='ltr'>verbis</span> <span class='ocrx_word' id='word_1_250' title='bbox 450 2285 497 2319; x_wconf 78' lang='lat' dir='ltr'>Et</span> <span class='ocrx_word' id='word_1_251' title='bbox 522 2285 687 2320; x_wconf 82' lang='lat' dir='ltr'>homines</span> <span class='ocrx_word' id='word_1_252' title='bbox 709 2314 716 2320; x_wconf 88' lang='lat'><strong>.</strong></span> <span class='ocrx_word' id='word_1_253' title='bbox 738 2313 744 2319; x_wconf 93' lang='lat'><em>.</em></span> <span class='ocrx_word' id='word_1_254' title='bbox 765 2285 846 2328; x_wconf 86' lang='lat' dir='ltr'>quis</span> <span class='ocrx_word' id='word_1_255' title='bbox 873 2284 1060 2328; x_wconf 77' lang='lat' dir='ltr'>ambigat?</span> <span class='ocrx_word' id='word_1_256' title='bbox 1086 2285 1190 2329; x_wconf 74' lang='lat' dir='ltr'>vulqo</span> <span class='ocrx_word' id='word_1_257' title='bbox 1224 2283 1292 2318; x_wconf 92' lang='lat' dir='ltr'>VI.</span> <span class='ocrx_word' id='word_1_258' title='bbox 1319 2284 1432 2327; x_wconf 79' lang='lat' dir='ltr'>capiti</span> 
     </span>
     <span class='ocr_line' id='line_1_39' title="bbox 97 2332 1009 2376; baseline -0.002 -10"><span class='ocrx_word' id='word_1_259' title='bbox 97 2332 298 2366; x_wconf 72' lang='lat' dir='ltr'>subiunctis</span> <span class='ocrx_word' id='word_1_260' title='bbox 332 2332 426 2366; x_wconf 76' lang='lat' dir='ltr'><em>VII.</em></span> <span class='ocrx_word' id='word_1_261' title='bbox 454 2336 563 2375; x_wconf 72' lang='lat' dir='ltr'>caput</span> <span class='ocrx_word' id='word_1_262' title='bbox 588 2333 705 2376; x_wconf 81' lang='lat' dir='ltr'>incepi</span> <span class='ocrx_word' id='word_1_263' title='bbox 723 2333 734 2375; x_wconf 81' lang='grc' dir='ltr'>Η</span> <span class='ocrx_word' id='word_1_264' title='bbox 754 2334 797 2365; x_wconf 77' lang='grc'>’28</span> <span class='ocrx_word' id='word_1_265' title='bbox 824 2343 842 2365; x_wconf 87' lang='lat' dir='ltr'>e</span> <span class='ocrx_word' id='word_1_266' title='bbox 868 2333 965 2365; x_wconf 74' lang='lat' dir='ltr'>terra</span> <span class='ocrx_word' id='word_1_267' title='bbox 990 2342 1009 2363; x_wconf 79' lang='grc' dir='ltr'>υ</span> 
     </span>
    </p>
   </div>
  </div>
 </body>
</html>
