1495 2489
27 794 68 824 10

26 1110 68 1141 15

25 1403 68 1433 20

25 1695 67 1725 25

25 1986 69 2017 30

102 103 153 143 16
629 110 656 136 s.
675 110 892 137 Accusnm

103 202 194 239 Cum
229 204 368 240 te'more
406 207 443 240 et
480 207 651 239 tremore
682 206 851 239 vestram
883 203 1058 249 ipsorum
1088 203 1256 240 salutem
1286 213 1427 251 opera-

97 263 215 305 mini,-
247 266 304 298 et:
336 261 426 299 Noli
449 262 568 298 altum
601 270 753 308 sapere,
785 260 857 297 sed
887 261 1000 304 te'me,·
1031 264 1087 297 et:
1123 259 1252 299 Timeo
1284 265 1428 308 autem,

97 331 157 365 ne,
189 321 293 357 sicut
311 331 474 367 serpens
499 319 623 356 Evam
647 319 809 355 seduxit
835 320 984 356 astutia
1008 330 1093 364 sua,
1125 320 1185 356 sic
1205 323 1243 357 et
1272 324 1429 358 vestrae

98 383 244 415 mentes
285 382 598 425 corrumpantur
636 388 660 413 a
701 378 905 423 castitate,
950 389 1053 424 quae
1093 382 1151 415 est
1182 379 1223 415 in
1261 378 1426 416 Christo.

98 435 151 474 De
183 437 339 474 tristitia
370 448 479 486 vero,
518 446 632 485 quam
665 433 800 472 Cicero
834 436 953 485 magis
985 435 1267 485 aegritudinem
1299 435 1427 486 appel-

97 494 159 545 lat,
185 494 357 532 dolorem
384 500 512 531 autem
540 492 740 544 Vergilius,
768 493 832 531 ubi
859 495 927 531 ait:
956 493 1120 545 „Dolent
1145 491 1426 546 gaudentque“,

98 549 186 604 (sed
214 552 299 590 ideo
327 552 442 589 malui
468 553 666 590 tristitiam
699 552 841 602 dicere,
874 554 963 602 quia
994 544 1208 602 aegritudo*
1227 552 1286 590 vel
1317 552 1427 590 dolor

96 612 275 649 usitatius
306 612 345 648 in
386 610 616 661 corporibus
654 606 816 663 dicitur)
850 610 1117 661 scrupulosior
1149 612 1323 661 quaestio
1356 617 1427 663 est,

97 675 227 707 utrum
258 670 424 707 inveniri
455 670 578 720 possit
609 670 649 707 in
679 668 793 707 hono.

607 782 763 825 CAPUT
795 783 910 824 VIII.
963 812 966 813 ν

95 858 154 896 De
179 859 307 895 tribus
329 857 710 906 perturbationibus,
742 869 842 904 quas
869 859 908 895 in
935 859 1065 895 animo
1090 858 1281 906 sapientis
1301 857 1429 896 Stoici

177 928 261 954 esse
291 918 510 962 voluerunt,
543 918 705 954 excluso
738 917 874 953 dolore
905 918 986 953 sive
1017 918 1193 963 tristitia,
1225 927 1344 963 quam

381 977 506 1012 vtrtus
538 976 664 1012 animi
692 976 840 1012 sentire
872 985 947 1012 non
983 975 1134 1012 debeat.

212 1044 315 1089 Quas
347 1046 451 1082 enim
483 1043 619 1082 Graeci
651 1044 843 1094 appellant.
874 1040 1097 1096 εὐπαθείας,
1127 1043 1261 1083 Latine
1295 1050 1424 1083 autem

97 1102 232 1140 Cicero
272 1104 507 1141 constantias
545 1104 772 1152 nominavit,
811 1102 931 1140 Stoici
972 1109 1053 1141 tres
1092 1115 1176 1141 esse
1217 1103 1426 1141 voluerunt

94 1173 165 1212 pro
199 1161 324 1199 tribus
355 1160 714 1211 perturbationibus
745 1163 784 1198 in
818 1162 944 1199 animo
978 1163 1182 1213 sapientis,
1214 1174 1285 1212 pro
1318 1162 1424 1212 cupi-

95 1219 213 1258 ditate
246 1220 503 1271 voluntatem,
534 1232 604 1270 pro
637 1219 779 1257 laetitia
811 1219 1006 1271 gaudium,
1038 1232 1107 1270 pro
1141 1225 1248 1258 metu
1280 1221 1424 1258 cautio-

94 1290 201 1329 nem3
234 1290 304 1329 pro
337 1278 577 1329 aegritudine
610 1290 701 1315 vero
733 1278 792 1316 vel
823 1278 968 1329 dolore,
1000 1290 1116 1328 quam
1147 1290 1218 1316 nos
1249 1277 1424 1316 vitandae

95 1336 354 1387 ambiguitatis
386 1339 507 1387 gratia
539 1338 737 1374 tristitiam
769 1336 975 1374 maluimus
1006 1336 1154 1388 dicere,
1186 1341 1425 1387 negaverunt

95 1408 180 1433 esse
219 1408 332 1446 posse
371 1395 512 1445 aliquid
552 1397 590 1433 in
629 1396 755 1432 animo
795 1397 990 1446 sapientis.
1052 1394 1236 1433 Voluntas
1268 1396 1424 1446 quippe,

94 1455 293 1505 inquiunt,
325 1456 471 1505 appetit
503 1454 669 1505 bonum,
703 1453 805 1503 quod
838 1454 929 1491 facit
960 1455 1130 1504 sapiens,
1162 1453 1346 1504 gaudium
1377 1452 1424 1491 de

94 1512 196 1550 bono
229 1513 366 1563 adepto
405 1519 481 1564 est,
520 1512 622 1562 quod
655 1512 798 1562 ubique
833 1512 1060 1562 adipiscitur
1093 1513 1264 1563 sapiens;
1296 1513 1424 1550 cautio

95 1571 237 1609 devitat
263 1571 415 1622 malum,
448 1571 551 1621 quod
578 1570 692 1609 debet
718 1571 872 1621 sapiens
898 1570 1086 1621 devitare3
1118 1571 1273 1608 tristitia
1305 1581 1424 1620 porro

95 1631 184 1679 quia
210 1629 256 1667 de
284 1629 381 1667 malo
415 1636 484 1681 est,
518 1629 620 1679 quod
651 1630 727 1666 iam
758 1624 1089 1680 accidit,'nullum
1121 1634 1249 1666 autem
1282 1628 1424 1666 malum

95 1689 316 1726 existimant
340 1700 453 1739 posse
481 1687 656 1726 accidere
684 1689 860 1738 sapienti,
892 1687 987 1724 nihil
1013 1689 1051 1725 in
1085 1688 1168 1725 eius
1201 1688 1327 1725 animo
1353 1698 1424 1737 pro

95 1746 155 1783 illa
207 1759 291 1784 esse
335 1759 448 1797 posse
494 1746 687 1784 dixerunt.
761 1745 826 1784 Sic
873 1758 964 1795 ergo
1009 1745 1063 1783 illi
1104 1745 1338 1796 loquuntur,
1382 1751 1426 1783 ut

94 1804 190 1842 velle
211 1804 378 1855 gaudere
400 1817 535 1842 cavere
562 1810 704 1855 negent
731 1805 803 1842 nisi
837 1805 1068 1854 sapientem,
1101 1804 1262 1841 stultum
1294 1808 1425 1840 autem

95 1875 172 1900 non
206 1865 279 1901 nisi
311 1875 454 1913 cupere
487 1863 632 1913 lactari,
664 1869 839 1901 metuere
872 1863 1112 1912 contristari3
1159 1867 1197 1899 et
1227 1860 1310 1899 illas
1343 1866 1424 1899 tres

95 1933 179 1958 esse
207 1924 453 1973 constantias,
484 1921 551 1959 has
583 1928 711 1959 autem
738 1926 921 1971 quattuor
946 1920 1260 1971 perturbationes
1286 1930 1423 1957 secun-

95 1979 187 2017 dum
238 1980 488 2031 Ciceronem,
533 1980 746 2018 secundum
797 1985 925 2017 autem
974 1979 1162 2029 plurimos
1211 1979 1422 2029 passiones.

96 2038 240 2075 Graece
274 2044 402 2076 autem
428 2039 513 2076 illae
546 2044 638 2089 tres,
671 2040 771 2076 sicut
802 2037 892 2089 dixi,
924 2037 1165 2088 appellantur
1197 2033 1423 2082 εὖπάθειαι;

96 2097 192 2134 istae
213 2102 341 2134 autem
363 2103 545 2146 quattuor
565 2093 689 2146 πάθη.
751 2096 853 2134 Haec
880 2096 1024 2134 locutio
1051 2102 1183 2134 utrum
1217 2095 1422 2145 scripturis

95 2156 239 2192 sanctis
271 2161 475 2206 congruat,
513 2167 601 2192 cum
643 2166 871 2205 quaererem
904 2161 1091 2205 quantum
1123 2154 1232 2204 potui
1264 2152 1422 2202 diligen-

189 2234 222 2274 2)
248 2231 340 2266 Phil.
369 2236 406 2275 2,
436 2236 488 2266 12.
537 2232 641 2266 Rom.
670 2236 730 2275 11,
757 2236 811 2266 20.
861 2233 896 2275 4)
923 2236 954 2265 2.
982 2231 1061 2266 Cor.
1089 2235 1144 2274 11,
1170 2234 1200 2265 3.
1253 2231 1287 2274 5)
1315 2229 1421 2264 Tusc.

96 2282 127 2320 3,
156 2282 208 2312 10.
260 2281 293 2321 6)
321 2281 408 2312 Aen.
436 2284 467 2320 (3,
496 2282 574 2315 733.
