1548 2562
431 156 484 180 DE
505 155 692 181 CIVITATE
711 155 781 180 Dm
800 155 833 181 L,
854 155 935 180 XXI.
955 154 984 180 c.
1005 156 1048 181 10²
1318 145 1400 185 511

74 245 282 295 quisitione
320 249 386 282 aut
429 246 670 282 contentiosa
708 244 968 294 disputatione
1007 243 1245 281 certandum.
1326 242 1403 280 Cur

74 304 177 340 enim
220 314 297 340 non
346 302 537 353 dicamus,
581 304 754 353 quamvis
794 303 920 353 miris,
963 306 1091 340 tamen
1136 302 1239 339 veris
1280 300 1403 338 modis

73 362 189 399 etiarn
230 361 390 411 spiritus
433 362 687 411 incorporeos
732 372 847 411 posse
888 372 1011 410 poena
1053 358 1265 410 corporalis
1304 360 1404 409 ignis

74 419 202 469 affligi,
234 420 265 456 si
292 420 453 468 spiritus
478 418 690 470 hominum,
723 420 837 456 etiam
864 419 938 468 ipsi
964 418 1138 468 profecto
1171 418 1405 468 incorporei,

74 482 112 515 et
143 488 246 515 nunc
278 482 493 527 potuerunt
523 476 669 515 includi
701 475 968 526 corporalibus
1000 475 1186 513 membris
1231 480 1269 513 et
1311 480 1404 513 tunc
1432 482 1450 512 ὁ

72 539 259 585 poterunt
293 546 503 585 corporum
538 546 699 572 suorum
740 534 905 572 vinculis
937 533 1199 572 insolubiliter
1231 530 1405 583 alligari?

73 592 350 630 Adhaerebunt
376 605 480 644 ergo,
513 594 544 630 si
571 593 626 630 eis
658 592 762 630 nulla
795 598 886 630 sunt
918 604 1092 643 corpora,
1125 593 1285 642 spiritus
1318 591 1404 628 dae-

73 662 243 702 monum,
268 652 385 688 immo
412 652 571 701 spiritus
598 649 817 701 daemones,
842 649 934 688 licet
959 651 1181 700 incorporei
1207 650 1405 699 corporeis

72 708 227 759 ignibus
266 708 548 760 cruciantibus,
588 720 665 746 non
704 714 747 747 ut
778 709 887 758 ignes
919 709 1012 760 ipsi,
1049 707 1190 758 quibus
1222 708 1405 745 adhaere—

73 766 188 818 bunt,
230 778 367 804 eorum
399 768 580 805 iunctura
611 768 854 817 inspirentur
886 772 924 804 et
956 766 1131 804 animalia
1164 766 1275 818 fiant,
1308 777 1405 815 quae
1434 772 1475 801 10

74 830 253 863 constent
285 826 425 875 spiritu
458 830 495 862 et
528 837 712 877 corpore,
744 824 828 875 sed,
861 830 904 862 ut
936 825 1032 876 dixi,
1064 825 1173 862 miris
1206 829 1244 862 et
1275 824 1406 861 ineffa-

73 882 217 921 bilibus
249 883 374 921 modis
407 883 663 934 adhaerendo,
696 885 931 933 accipientes
964 895 1010 920 ex
1043 881 1198 932 ignibus
1230 894 1406 933 poenam,

74 953 151 980 non
184 940 319 979 dantes
350 941 505 991 ignibus
537 943 670 992 vitam;
709 943 798 991 quia
830 946 868 979 et
899 942 973 978 iste
1006 940 1102 978 alius
1134 940 1290 990 modus,
1331 952 1405 989 quo

74 998 305 1050 corporibus
348 999 559 1037 adhaerent
596 1000 757 1049 spiritus
796 1004 835 1037 et
873 998 1051 1036 animalia
1089 999 1204 1050 fiunt,
1249 1000 1406 1036 omnino

74 1059 196 1096 mirus
223 1062 283 1095 est
313 1069 385 1096 nec
411 1057 676 1108 conprehendi
708 1056 754 1095 ab
787 1057 941 1094 homine
974 1061 1115 1108 potest,
1148 1061 1186 1094 et
1217 1055 1291 1093 hoc
1324 1057 1406 1106 ipse
1436 1063 1476 1092 15

74 1116 188 1154 homo
220 1120 290 1153 est.

190 1173 368 1212 Dicerem
407 1173 563 1224 quidem
601 1174 656 1211 sic
695 1185 853 1211 arsuros
892 1174 975 1211 sine
1014 1172 1092 1210 ullo
1131 1184 1200 1210 suo
1243 1184 1407 1222 corpore

75 1233 248 1283 spiritUS,
280 1233 381 1270 sicut
412 1231 572 1269 ardebat
603 1231 703 1282 apud
735 1231 882 1269 inferos
913 1230 976 1269 ille
1010 1230 1134 1281 diveS,
1166 1230 1320 1280 quando
1354 1230 1407 1267 di-

75 1289 205 1329 cebat:
242 1290 412 1328 Crucior
444 1292 484 1328 in
516 1291 594 1328 hac
621 1291 796 1337 flamma,
829 1290 904 1327 nisi
937 1289 1215 1326 convenienter
1248 1300 1407 1338 respon-

75 1348 159 1386 deri
190 1359 393 1386 cernerem
432 1347 546 1385 talem
585 1348 704 1385 fuisse
746 1347 849 1385 illam
892 1346 1101 1397 flammam,
1140 1345 1272 1396 quales
1305 1345 1407 1384 oculi
1435 1354 1478 1384 ΞΟ

76 1418 173 1457 quos
205 1405 343 1443 levavit
375 1411 413 1443 et
451 1404 637 1443 Lazarum
670 1405 780 1456 vidit,
820 1404 942 1455 qualis
974 1404 1104 1454 lingua
1137 1405 1199 1442 cui
1232 1415 1410 1442 umorem

76 1465 259 1514 exiguum
291 1463 522 1502 desideravit
553 1463 724 1515 infundi,
757 1463 880 1513 qualis
912 1462 1055 1512 digitus
1086 1461 1219 1499 Lazari
1252 1462 1299 1499 de
1333 1474 1408 1512 quo

75 1522 113 1560 id
152 1521 225 1560 sibi
264 1522 349 1559 fieri
385 1521 611 1573 postulavit,
651 1521 716 1559 ubi
756 1526 885 1559 tamen
918 1525 1028 1558 erant
1060 1522 1143 1558 sine
1176 1519 1408 1570 corporibus

77 1582 238 1619 animae.
302 1579 366 1617 Sic
399 1591 491 1630 ergo
522 1579 779 1629 incorporalis
811 1584 850 1616 et
879 1578 942 1616 illa
974 1578 1125 1616 flamma
1158 1590 1233 1628 qua
1265 1579 1409 1616 exarsit

77 1644 115 1677 et
147 1638 209 1676 illa
244 1637 393 1688 guttula
419 1649 534 1688 quam
559 1638 750 1689 poposcit,
782 1636 907 1687 qualia
940 1641 1031 1674 sunt
1063 1637 1177 1674 etiam
1209 1637 1288 1673 visa
1321 1635 1407 1673 dor-
1437 1643 1479 1673 25

77 1698 281 1735 mientium
313 1697 391 1734 sive
419 1697 458 1734 in
491 1697 631 1734 ecstasi
663 1697 909 1733 cernentium
940 1706 1004 1732 res
1035 1693 1313 1745 incorporales,
1345 1693 1409 1731 ha-

76 1754 214 1793 bentes
240 1760 370 1792 tamen
398 1753 689 1792 similitudinem
716 1764 936 1804 corporum.
999 1752 1094 1789 Nam
1122 1757 1160 1790 et
1185 1753 1267 1802 ipse
1294 1751 1409 1789 homo

78 1824 168 1851 cum
193 1814 344 1863 spiritu,
376 1824 452 1850 non
479 1824 657 1864 corpore,
688 1813 738 1850 sit
762 1813 801 1849 in
827 1810 968 1849 talibus
994 1811 1097 1861 visis,
1129 1811 1181 1848 ita
1208 1822 1248 1847 se
1282 1815 1410 1847 tamen

79 1877 172 1909 tunc
198 1870 363 1908 similem
391 1882 460 1908 suo
488 1871 644 1920 corpori
669 1869 783 1921 videt,
816 1874 859 1907 ut
884 1869 1109 1907 discernere
1142 1868 1298 1905 omnino
1332 1879 1410 1905 non

77 1930 211 1980 possit.
272 1928 321 1966 At
357 1940 449 1966 vero
490 1927 667 1978 gehenna
696 1927 777 1979 illa,
816 1927 918 1977 quod
952 1928 1067 1965 etiam
1100 1931 1278 1975 stagnum
1310 1926 1410 1975 ignis
1437 1933 1480 1963 30

79 1993 118 2025 et
149 1986 348 2037 sulphuris
381 1986 526 2024 dictum
559 1991 637 2038 est,
670 1997 882 2036 corporeus
913 1986 1014 2035 ignis
1047 1986 1121 2022 erit
1154 1989 1191 2022 et
1223 1983 1413 2022 cruciabit

81 2056 243 2096 corpora
275 2044 562 2096 damnatorum,
601 2049 666 2082 aut
699 2049 736 2082 et
767 2043 968 2081 hominum
1001 2048 1039 2080 et
1071 2042 1319 2093 daemonum,
1352 2053 1411 2079 so-

80 2103 155 2142 lida
180 2102 393 2154 hominum,
425 2104 527 2140 aeria
553 2102 797 2152 daemonum,
829 2106 894 2139 aut
920 2105 1068 2139 tantum
1095 2100 1296 2137 hominum
1328 2111 1411 2137 cor-

176 2192 233 2234 19)
260 2190 320 2226 Le.
351 2195 404 2233 16,
431 2194 485 2226 24.
536 2191 594 2233 31)
620 2191 732 2234 Apoc.
759 2193 815 2234 20,
844 2193 897 2223 10.

176 2312 194 2342 9
222 2306 468 2341 cruciantibus
493 2305 567 2348 R¹;
593 2305 778 2340 cruciandi
803 2305 914 2339 R2Av
940 2306 951 2349 Η
971 2308 1012 2338 31
1042 2303 1200 2348 sulpuris
1228 2303 1264 2339 R
