1611 2465
50 701 92 732 10

50 990 92 1021 15

49 1431 94 1461 -20

49 1720 93 1750 25

121 73 207 113 282
656 80 682 105 s.
702 80 919 105 Acousrim

118 172 202 221 pria
242 172 397 209 nomina
435 169 722 220 inponebantur
760 174 799 206 et
837 168 909 206 hoc
947 180 1025 207 non
1063 168 1186 207 defuit
1219 180 1451 219 cognomen-

119 236 219 279 tum3
261 231 362 267 sicut
399 228 511 277 longe
549 233 683 278 postea
717 227 900 264 Caesares
942 228 1201 277 cognominati
1234 232 1345 278 sunt,
1386 229 1453 277 qui

119 293 396 325 successerunt
438 286 593 324 Caesari
637 286 822 335 Augusto.
886 284 1106 335 Reprobato
1151 291 1281 323 autem
1327 284 1452 336 Saule,

119 358 166 383 ne
199 346 403 395 qnisquam
436 356 481 381 ex
514 345 598 382 eius
630 345 751 393 stirpe
785 349 976 394 regnaret,
1008 355 1131 393 eoque
1165 343 1349 381 defuneto
1382 343 1452 381 Da-

120 403 180 441 vid
208 404 399 441 suecessit
423 403 464 440 in
489 414 654 451 regnum
680 406 767 452 post
799 413 919 439 annos
952 413 972 439 a
1005 401 1130 439 Saulis
1162 403 1326 452 imperio
1359 413 1450 451 qua·

118 461 304 510 draginta.
373 459 484 498 Tunc
528 460 785 498 Athenienses
832 458 974 497 habere
1025 459 1164 497 deinde
1208 470 1320 510 reges
1365 465 1454 510 post

119 518 234 556 Codri
285 519 488 556 interitum
529 517 764 556 destiterunt
804 523 843 556 et
884 519 1133 567 magistratus
1171 516 1314 555 habere
1366 528 1451 555 coe-

117 582 262 626 perum
287 576 611 615 administrandae
638 577 695 614 rei
720 575 908 626 publicae.
959 576 1052 613 Post
1077 575 1206 626 David,
1239 576 1306 625 qui
1337 577 1451 613 etiam

118 636 200 683 ipse
239 635 492 684 quadraginta
529 635 704 684 regnavit
743 645 882 685 annos,
921 634 1022 671 filius
1054 635 1138 671 eius
1172 633 1351 671 Salomon
1386 646 1454 671 rex

118 691 381 730 Israelitarum
426 693 518 743 fuit,
569 693 636 742 qui
679 692 865 742 templum
909 691 1003 730 illud
1052 691 1335 729 nobilissimum
1385 691 1453 730 Dei

118 750 511 801 Hierosolymitanum
548 749 731 789 condidit.
794 749 913 788 Cuius
955 756 1129 800 tempore
1162 749 1262 800 apud
1295 749 1453 788 Latinos

119 808 274 846 condita
312 814 372 846 est
410 808 524 860 Alba,
568 821 614 846 ex
653 820 727 858 qua
769 808 953 858 deinceps
985 819 1060 845 non
1093 807 1342 859 Latinorum,
1386 808 1453 846 sed

119 866 354 904 Albanorum
393 879 505 916 reges
547 866 751 917 appellari,
792 868 831 903 in
864 865 999 904 eodem
1033 871 1161 903 tamen
1194 863 1323 917 Latio,
1366 877 1455 904 coe-

118 930 273 974 perunt.
336 924 533 962 Salomoni
565 925 754 962 successit
787 923 888 961 filius
922 925 1005 961 eius
1038 923 1230 970 Roboam,
1272 923 1344 962 sub
1378 936 1454 974 quo

119 983 159 1019 in
191 982 267 1020 duo
300 994 418 1032 regna
456 982 625 1033 populus
657 981 720 1019 ille
754 982 899 1020 divisus
933 988 1010 1032 est,
1048 987 1086 1020 et
1118 980 1290 1032 singulae
1323 987 1454 1033 partes

119 1051 210 1078 suos
243 1040 416 1090 singulos
449 1052 560 1090 reges
592 1039 735 1077 habere
768 1045 993 1090 coeperunt.

642 1198 794 1240 CAPUT
821 1198 934 1240 XXI.

120 1285 180 1322 De
212 1284 374 1331 reqibus
406 1283 525 1330 Latii,
558 1294 728 1330 quorum
752 1285 910 1332 primus
942 1284 1098 1321 Aeneas
1130 1288 1168 1321 et
1198 1284 1454 1322 duodecimus

502 1343 718 1380 Aventinus
751 1343 810 1380 die'
836 1340 943 1389 facti
971 1345 1072 1379 sunt.

237 1421 389 1460 Latium
421 1428 509 1473 post
540 1422 715 1473 Aenean,
748 1434 863 1472 quem
896 1421 1012 1460 deum
1045 1422 1241 1473 fecerunt,
1273 1422 1454 1461 undecim

123 1492 235 1530 reges
266 1480 418 1532 hahuit,
461 1493 626 1530 quorum
660 1480 789 1518 nullus
822 1479 918 1518 deus
951 1480 1075 1518 factus
1108 1486 1178 1518 est.
1240 1481 1453 1519 Aventinus

121 1545 269 1589 autem,
312 1539 378 1588 qui
416 1538 645 1576 duodecimo
687 1538 771 1576 loco
804 1539 959 1576 Aenean
992 1540 1188 1590 sequitur,
1230 1550 1318 1576 cum
1351 1545 1455 1577 esset

121 1601 340 1646 prostratus
383 1597 422 1634 in
462 1595 562 1634 bello
604 1601 642 1634 et
680 1596 856 1647 sepultus
897 1597 936 1633 in
969 1608 1013 1634 eo
1047 1602 1200 1648 monte,
1240 1598 1307 1647 qui
1340 1598 1453 1635 etiam

122 1666 224 1691 nunc
257 1655 341 1691 eius
368 1655 523 1692 nomine
550 1661 812 1705 nuncupatur,
843 1653 1006 1692 deorum
1038 1654 1184 1705 talium,
1216 1654 1348 1704 quales
1381 1654 1455 1693 sibi

123 1710 330 1761 faciehant,
369 1723 532 1750 numero
570 1718 629 1750 est
668 1711 831 1750 additus.
894 1711 966 1750 Alii
998 1724 1089 1750 sane
1122 1711 1333 1750 noluerunt
1364 1724 1454 1750 eum

120 1771 159 1807 in
204 1768 351 1819 proelio
393 1769 564 1807 scribere
603 1771 797 1821 occisum,
841 1769 907 1807 sed
947 1782 1024 1808 non
1066 1771 1316 1820 conparuisse
1350 1770 1453 1808 dixe-

122 1833 231 1878 runt3
272 1839 344 1865 nec
381 1839 428 1865 ex
466 1829 549 1866 eius
590 1827 777 1866 vocabulo
809 1826 1042 1877 appellatum
1075 1833 1267 1878 montem,
1307 1827 1374 1866 sed
1408 1840 1453 1865 ex

122 1884 288 1923 adventu
329 1886 457 1923 avium
496 1884 644 1923 dictum
683 1885 928 1923 Aventinum.
997 1885 1091 1923 Posi
1132 1885 1235 1924 hunc
1277 1897 1353 1924 non
1395 1892 1454 1925 est

121 1942 217 1980 deus
250 1944 374 1981 factus
399 1944 439 1981 in
465 1942 572 1981 Latio
599 1944 673 1980 nisi
699 1942 887 1982 Romulus
920 1941 1097 1982 conditor
1129 1942 1283 1981 Romae.
1346 1943 1454 1982 Inter

219 2056 252 2097 6)
279 2057 312 2087 2.
340 2053 436 2088 Sam.
463 2058 495 2088 2.

218 2185 261 2214 20
289 2181 452 2215 fecerunt
477 2181 570 2222 RA‚-
594 2180 757 2215 fecerant
781 2181 839 2216 Fv
864 2183 876 2225 ΙΙ
902 2186 944 2217 27
972 2193 1038 2217 nec
1064 2182 1193 2225 RAF,·
1220 2183 1283 2217 sed
1307 2194 1373 2217 nec
1398 2194 1418 2218 v
1445 2183 1456 2229 Η

122 2230 167 2261 28
194 2227 332 2260 dictum
359 2238 434 2262 esse
461 2227 538 2262 AF

1596 798 1603 1155 212v-—-......-.-—.
1598 766 1599 771 Α
1597 699 1599 710 Α-
