1495 2489
24 838 65 867 10

24 1130 65 1160 15

22 1423 65 1453 20

91 88 117 125 4
604 94 630 120 S.
651 94 866 121 AUGUSTINI

93 197 200 236 nem,
241 184 360 223 altera
401 184 614 223 secundum
654 185 834 235 spiritum
879 185 1006 222 vivere
1046 185 1086 222 in
1127 186 1187 223 sui
1228 186 1417 236 cuiusque

91 245 245 293 generis
283 256 376 293 pace
415 243 625 281 volentium
665 247 720 294 et,
762 254 851 280 cum
888 242 926 280 id
970 242 1072 293 quod
1117 249 1304 294 expetunt
1352 244 1415 282 ad·

92 308 321 353 sequuntur,
352 303 391 340 in
424 303 485 340 sui
517 303 705 351 culusque
738 302 892 351 generis
924 313 1017 352 pace
1049 302 1269 341 viventium.

639 425 793 469 CAPUT-
817 426 870 468 ΙΙ.

93 514 152 551 Be
177 515 257 551 vita
284 506 453 560 carnc'eli,
486 524 588 560 quae
613 523 691 551 non
716 524 767 550 ex
793 515 974 561 corporis
1006 516 1167 559 tantum,
1199 514 1271 551 sed
1300 515 1418 551 etiam

390 582 441 609 ex
473 573 597 609 [mimi
627 572 902 619 intelleqenda·
923 573 973 609 sit
1005 574 1119 609 viciis.

208 652 323 690 Prius
349 665 441 703 ergo
469 652 675 690 videndum
703 659 773 704 est,
805 653 896 702 quid
923 654 972 691 sit
1004 653 1219 691 secundum
1251 665 1418 704 carnem,

92 711 182 761 quid
211 711 425 749 secundum
452 713 631 762 spiritum
657 713 797 749 vivere.
860 711 1045 761 Quisquis
1077 713 1179 750 enim
1209 712 1284 759 hoc
1316 712 1417 762 quod

92 764 258 808 diximus
284 771 407 820 prima
434 770 560 808 fronte
593 771 759 820 inspicit⁷
792 769 850 807 vel
883 782 960 807 non
991 769 1168 808 recolens
1200 771 1259 808 vel
1291 772 1419 809 minus

92 828 296 867 advertens
335 841 448 879 quem
488 828 534 866 ad
572 828 729 866 modum
766 830 982 879 scripturae
1014 835 1168 867 sanctae
1200 829 1419 881 loquantur,

91 892 221 938 potest
257 892 395 938 putare
444 887 693 938 philosophos
747 887 901 937 quidem
949 886 1163 937 Epicureos
1205 887 1418 926 secundum

91 958 247 984 carnem
280 947 420 997 vivere,
452 947 540 995 quia
573 958 766 984 summum
799 945 943 984 bonum
974 945 1142 984 hominis
1173 948 1210 984 in
1244 948 1419 998 corporis

93 1004 288 1055 voluptate
315 1010 543 1056 posuerunt,
575 1011 613 1042 et
639 1006 670 1042 si
697 1006 763 1055 qui
789 1004 851 1042 alii
884 1010 986 1056 sunt,
1018 1006 1084 1055 qui
1117 1017 1273 1056 quoquo
1304 1005 1418 1048 modo

93 1065 268 1114 corporis
313 1063 458 1101 bonum
502 1075 696 1101 summum
746 1062 891 1101 honum
934 1075 1019 1102 esse
1064 1063 1229 1102 hominis
1273 1065 1419 1115 opinati

92 1127 194 1174 sunt,
226 1127 264 1160 et
290 1134 426 1159 eorum
458 1134 571 1160 omne
604 1122 751 1173 vulguS,
784 1123 851 1172 qui
882 1134 959 1160 non
991 1122 1118 1172 aliquo
1151 1123 1327 1173 dogmate
1359 1122 1419 1161 vel

92 1193 137 1218 eo
175 1180 288 1218 modo
326 1180 664 1232 philosophantur,
703 1181 769 1218 sed
809 1180 999 1231 proclives
1038 1181 1083 1219 ad
1116 1181 1313 1219 libidinem
1344 1183 1419 1220 nisi

92 1252 138 1277 ex
170 1238 448 1291 voluptatibus,
482 1252 576 1290 quas
608 1240 806 1290 corporeis
839 1239 1018 1277 sensibus
1051 1242 1218 1292 capiunt,
1249 1240 1418 1291 gaudere

91 1299 291 1348 nesciunt3
326 1297 476 1336 Stoicos
509 1304 649 1349 autem,
681 1299 747 1348 qui
778 1310 973 1336 summum
1004 1297 1149 1336 honum
1181 1298 1348 1337 hominis
1379 1301 1419 1338 in

92 1358 218 1394 animo
244 1361 406 1408 ponunt,
438 1356 651 1395 secundum
679 1358 858 1407 spiritum
891 1358 1029 1404 vivere,
1062 1359 1150 1407 quia
1182 1363 1220 1396 et
1252 1357 1419 1396 hominis

92 1417 243 1453 animus
282 1414 373 1465 quid
413 1420 472 1453 est
510 1417 583 1453 nisi
622 1413 809 1466 spiritus?
871 1415 945 1453 Sed
988 1417 1088 1454 sicut
1119 1416 1292 1466 loquitur
1323 1418 1416 1455 scri-

90 1479 204 1525 ptura
238 1473 380 1525 divina,
420 1474 634 1512 secundum
666 1486 822 1512 carnem
854 1475 981 1512 vivere
1014 1476 1169 1525 utrique
1203 1480 1417 1513 monstran-

91 1538 167 1570 tur.
229 1532 393 1570 Carnem
432 1534 574 1583 quippe
613 1533 777 1583 appellat
814 1545 890 1570 non
929 1532 1052 1571 solum
1092 1545 1234 1584 corpus
1271 1535 1419 1572 terreni

91 1596 206 1641 atque
246 1590 418 1629 mortalis
456 1592 660 1629 animantis
707 1587 844 1643 (veluti
883 1603 971 1629 cum
1009 1591 1120 1630 dicit:
1170 1593 1255 1630 Non
1294 1594 1418 1631 omnis

91 1662 189 1688 caro
216 1651 353 1688 eadem
380 1661 501 1695 car0;
533 1652 615 1688 alia
647 1651 803 1698 quidem
834 1651 1011 1698 hominis,
1044 1652 1126 1688 alia
1158 1655 1288 1689 aulem
1319 1662 1418 1689 caro

23 1716 64 1746 25
88 1711 260 1757 pecoris,
293 1711 375 1746 alla
407 1711 628 1759 volucrum,
660 1711 742 1746 alm
769 1704 973 1760 piscium),
1005 1709 1071 1746 sed
1104 1714 1142 1747 et
1173 1709 1256 1747 aliis
1288 1708 1418 1747 multis

21 2008 65 2039 30

92 1767 216 1804 modis
243 1768 523 1817 significatione
550 1766 664 1805 huius
690 1768 857 1804 nominis
884 1768 1018 1818 utitur,
1044 1769 1145 1805 inter
1171 1779 1267 1817 quos
1294 1768 1417 1805 varios

92 1825 297 1863 locutionis
331 1825 464 1863 modos
497 1837 610 1875 saepe
644 1826 757 1863 ctiam
789 1826 916 1875 ipsum
948 1825 1163 1876 hominem,
1194 1825 1231 1862 id
1264 1831 1323 1863 est
1353 1837 1416 1863 na-

92 1889 217 1921 turam
243 1884 421 1935 hominis,
454 1895 608 1921 carnem
635 1889 844 1934 nuncupat,
876 1883 988 1921 modo
1020 1883 1225 1922 locutionis
1257 1895 1277 1921 a
1307 1889 1416 1934 parte

93 1947 232 1994 totum,
277 1942 388 1992 quale
433 1948 508 1981 est:
553 1943 617 1980 Ex
661 1943 847 1991 operibus
885 1944 981 1989 leffl's
1019 1953 1096 1980 non
1135 1943 1417 1989 iustificabitur

91 2003 214 2038 omnis
240 2012 350 2039 caro.
413 2000 512 2046 Quid
540 2002 641 2038 enim
668 2000 788 2038 voluit
814 1999 983 2050 intellegi
1010 2001 1084 2038 nisi
1116 2001 1240 2038 omnis
1272 1998 1417 2038 homo?

184 2090 241 2131 25>
271 2094 298 2122 1.
327 2089 405 2124 Cor.
435 2094 489 2133 15,
515 2093 569 2124 39.
622 2091 680 2134 30)
705 2089 808 2124 Rom.
835 2093 868 2132 3,
895 2092 949 2124 20.

97 2263 168 2297 VI,
185 2222 201 2250 1
230 2218 384 2298 altejlam
410 2218 449 2251 F
476 2220 488 2262 {l
519 2222 563 2252 24
589 2218 662 2252 alia
689 2218 834 2262 quidem
869 2217 955 2259 VA‚·
981 2217 1044 2251 sed
1069 2217 1114 2252 al.
1143 2229 1200 2261 qu.
1227 2229 1246 2251 z·
1275 2219 1286 2262 ΙΙ
1312 2221 1354 2252 25
1382 2218 1419 2251 et

150 2273 157 2288 ¹
172 2278 183 2305 ‚·
209 2274 272 2299 om.
336 2276 355 2298 v
