1548 2562
388 192 439 216 DE
460 191 645 217 OIVITATE
665 191 735 216 DEI
754 191 786 216 L.
806 191 886 216 XXI.
906 190 936 216 c.
956 191 1067 216 19—21.
1300 181 1384 222 525

55 280 114 318 vel
152 281 348 330 impietate
386 280 548 332 fuerint,
586 285 748 331 propter
786 279 879 317 illud
918 279 1020 329 quod
1059 280 1110 317 ait
1141 278 1269 317 Iesus:
1308 280 1384 318 Hie

56 343 115 377 est
151 340 271 387 panis
309 341 379 386 qui
415 340 463 376 de
501 341 612 377 eaelo
651 340 870 385 deseendit,
909 343 971 385 ut,
1015 339 1052 376 εἰ
1087 340 1174 386 quis
1213 350 1264 376 ex
1302 340 1384 386 ipso

54 398 371 444 manducaverit,
403 408 481 435 non
513 399 722 435 moriatur.
785 397 870 444 Eyo
901 407 985 435 sum
1012 398 1133 445 panis
1164 398 1285 444 vivus,
1318 398 1388 444 qui

56 456 105 493 de
137 457 247 493 eaelo
287 456 484 493 descendi.
547 455 594 493 Se·
628 456 715 502 quis
747 456 1054 493 manducaverit
1084 466 1135 493 ex
1165 455 1240 493 hoe
1263 467 1385 504 pane,

55 515 157 551 vivet
181 515 221 550 in
247 518 463 552 aeternum.
526 512 582 550 Ab
615 518 771 551 aeterna
803 525 894 563 ergo
927 518 1063 564 morte⁷
1094 514 1287 563 inquiunt,
1319 525 1384 550 ne-

55 582 164 609 cesse
197 576 256 609 est
286 573 382 610 istos
422 572 506 609 erui
539 576 577 609 et
608 570 654 609 ad
686 572 802 609 vitam
834 576 1030 609 aeternam
1063 571 1385 621 quandocumque

54 628 227 679 perduci.

582 706 734 749 CAPUT
767 708 857 749 XX.

54 781 113 818 De
132 782 204 828 his,
223 782 293 828 qui
310 792 386 819 non
409 781 597 827 omnibus,
617 782 690 819 sed
707 783 763 819 eis
783 785 934 819 tantum
956 783 1025 828 qui
1043 783 1154 829 apud
1172 782 1387 819 catholicos

82 844 175 877 sunt
204 841 353 880 renati,
394 840 550 877 ele'amse'
575 844 714 887 postea
745 841 786 877 in
818 841 940 877 multa
974 841 1145 877 erimina
1178 850 1356 877 errores-

230 908 305 944 que
332 898 607 945 proruperint,
641 898 930 944 indultcsente'am
958 899 1210 945 pollicentur.

170 978 267 1016 Item
299 983 406 1029 sunt,
445 979 510 1028 qui
547 977 620 1015 hoe
659 990 730 1016 nee
771 977 950 1015 omnibus
982 977 1213 1015 habentibus
1246 977 1387 1028 baptis-

55 1038 167 1074 matis
200 1036 345 1074 Christi
378 1041 416 1074 et
449 1037 531 1074 eius
565 1037 740 1086 corporis
773 1041 1070 1086 sacramentum,
1104 1036 1168 1073 sed
1204 1035 1294 1073 solis
1328 1048 1386 1074 ca-

55 1095 208 1133 tholicis
235 1095 408 1144 quamvis
436 1094 532 1131 male
561 1094 779 1132 viventibus
804 1094 1049 1144 pollicentur,
1082 1095 1170 1143 quia
1196 1105 1273 1131 non
1306 1093 1387 1131 solo

57 1158 309 1203 sacramento,
343 1151 409 1189 sed
436 1164 478 1189 re
510 1153 592 1202 ipsa
625 1152 958 1190 manducaverunt
990 1163 1132 1202 eorpus
1160 1151 1317 1203 Christi,
1349 1153 1388 1189 iu

54 1213 138 1262 ipso
167 1212 250 1249 eius
277 1222 440 1260 corpore
467 1211 680 1262 constituti,
713 1210 759 1248 de
794 1222 869 1260 quo
903 1211 996 1248 dicit
1029 1209 1243 1260 apostolus:
1284 1211 1388 1249 Unus

51 1271 190 1320 panis,
228 1280 349 1307 unum
388 1280 534 1317 corpus
565 1271 678 1307 multi
707 1280 863 1313 sumus;
905 1273 968 1319 ut,
1001 1269 1151 1306 etiamsi
1182 1273 1316 1318 postea
1349 1269 1388 1306 in

55 1327 220 1377 aliquam
258 1327 450 1364 haeresim
489 1326 548 1364 vel
586 1328 701 1364 etiam
740 1328 779 1364 in
812 1326 1012 1376 gentilium
1045 1325 1261 1363 idolatriam
1292 1326 1389 1376 lapsi

57 1386 217 1432 fuerint,
250 1390 400 1423 tantum
434 1386 523 1434 quia
553 1386 592 1422 in
626 1396 789 1435 corpore
823 1384 983 1435 Christi,
1026 1383 1064 1421 id
1097 1389 1156 1422 est
1187 1385 1227 1421 in
1260 1384 1387 1422 catho-

56 1443 128 1481 liea
160 1443 339 1494 ecelesia,
379 1448 630 1493 sumpserunt
668 1442 903 1494 baptismum
936 1441 1079 1480 Christi
1113 1447 1150 1480 et
1183 1442 1387 1480 manduca-

56 1507 197 1539 verunt
234 1513 376 1551 corpus
415 1500 579 1550 Christi,
624 1513 700 1538 non
739 1502 955 1539 moriantur
987 1502 1024 1538 in
1058 1505 1278 1552 aeternum,
1322 1500 1389 1538 sed

55 1561 172 1598 vitam
204 1559 435 1609 quandoque
463 1564 752 1609 consequantur
778 1565 991 1610 aeternam3
1024 1564 1138 1608 atque
1170 1558 1233 1596 illa
1265 1560 1389 1597 omnis

56 1619 251 1668 impietas,
290 1623 434 1667 quanto
466 1619 588 1655 maior
621 1618 757 1668 fuerit,
795 1629 872 1655 non
905 1618 960 1654 eis
994 1616 1114 1654 valeat
1147 1616 1192 1654 ad
1225 1618 1388 1655 aeterni-

56 1681 185 1727 tatem,
217 1675 285 1714 sed
317 1675 363 1714 ad
395 1675 693 1714 diuturnitatem
725 1674 1108 1725 magnitudinemque
1139 1686 1364 1725 poenarum.

572 1775 728 1818 CAPUT
761 1776 874 1817 XXI.

57 1851 116 1888 De
147 1851 218 1897 his,
251 1852 321 1897 qm·
345 1861 419 1898 eos,
452 1852 522 1898 qm'
540 1854 779 1898 permanent
810 1851 849 1887 in
883 1849 1082 1887 catholica
1111 1850 1204 1896 fide,
1237 1851 1394 1888 etiamsi

52 1910 221 1957 pessime
245 1910 423 1946 rexerint
453 1912 492 1946 et
521 1909 568 1946 ob
600 1909 674 1946 hoe
699 1910 766 1945 urzv
798 1909 1030 1954 meruerint,
1065 1911 1194 1944 lamen
1220 1912 1390 1956 propter

208 1968 308 2012 fidei
334 1965 639 2014 fundamentum
671 1966 883 2004 salvandos
916 1977 999 2003 esse
1031 1966 1235 2011 definiunt.

176 2046 275 2085 Sunt
307 2053 446 2098 autem,
479 2048 544 2097 qui
577 2052 737 2097 propter
769 2046 807 2084 id
841 2045 943 2096 quod
977 2047 1166 2096 scriptum
1200 2051 1276 2084 est:
1314 2047 1392 2092 Qui

53 2108 373 2152 perseveraverit
409 2117 533 2153 usque
565 2107 605 2143 in
633 2107 770 2151 linem,
808 2105 874 2142 hic
905 2106 1037 2142 salvus
1069 2105 1163 2150 erit,
1205 2115 1282 2142 non
1315 2105 1389 2142 nisi

152 2194 185 2237 5)
213 2193 261 2228 10.
291 2197 322 2236 6,
349 2197 392 2227 50
419 2204 470 2236 sq.
524 2194 580 2236 17)
610 2197 639 2227 1.
667 2192 746 2227 Cor.
775 2197 828 2235 10,
858 2195 910 2226 17.
962 2193 1020 2235 30)
1047 2191 1111 2227 Mt.
1139 2195 1194 2235 24,
1223 2195 1276 2226 13.

154 2302 195 2331 14
221 2298 339 2332 solum
365 2297 401 2331 R
431 2297 490 2340 (ef.
518 2308 544 2332 c.
571 2300 638 2340 25)
656 2298 668 2341 ΙΙ
689 2300 730 2331 18
756 2296 966 2331 idolatriam
991 2296 1080 2330 R1A
1106 2299 1139 2330 et
1162 2297 1213 2331 sie
1231 2297 1389 2341 plerum-

56 2354 141 2387 que,·
166 2344 415 2378 idololatriam
439 2355 459 2378 v

1416 847 1457 877 10

1418 1160 1457 1189 15

1417 1787 1459 1818 25

1417 2113 1459 2143 30
