1548 2562
452 147 505 171 DE
525 146 712 172 CIVITATE
731 146 800 172 DEI
820 147 852 172 L.
873 146 954 172 X1x.
974 146 1003 172 c.
1022 148 1046 172 4.
1100 139 1105 144 ’
1332 137 1414 178 361

84 241 194 274 terna
227 237 293 287 sit,
316 226 439 274 setiam
472 234 539 273 abs
572 240 609 273 te
641 237 724 285 ipso
760 236 900 273 misera
932 235 1144 287 iudicatur3
1176 247 1253 273 non
1285 236 1415 285 itaque

84 299 308 345 propterea,
341 295 522 344 quoniam
554 293 682 331 brevis
715 299 791 345 est,
823 293 927 332 nulla
959 295 1114 332 miseria
1147 293 1262 331 debet
1294 294 1416 331 videri

84 358 168 403 aut,
205 351 316 402 'quod
358 357 417 390 est
455 351 682 403 absurdius,
727 353 815 402 quia
853 351 980 390 brevis
1020 353 1174 390 miseria
1206 357 1285 403 est,
1329 352 1415 390 ideo

84 412 199 449 etiam
242 409 440 448 beatitudo
485 410 681 465 appellari.
742 410 876 460 Magna
923 411 979 448 vis
1022 416 1080 448 est
1119 412 1158 448 in
1198 411 1253 448 eis
1295 410 1416 461 malis,

84 480 181 518 quae
220 474 364 518 cogunt
403 467 600 506 hominem
642 468 857 506 secundum
901 470 1006 519 ipsos
1044 471 1159 507 etiam
1201 469 1415 519 sapientem

83 526 238 570 sibimet
273 527 427 564 auferre
473 526 575 577 quod
614 526 729 564 homo
768 532 845 577 est,
888 539 975 565 cum
1018 527 1165 573 dicant,
1211 532 1249 565 et
1280 539 1416 565 verum

84 585 224 635 dicant,
256 584 355 622 hanc
382 596 468 622 esse
495 590 655 623 naturae
688 586 851 635 primam
884 585 1049 635 quodam
1082 586 1195 623 modo
1228 590 1267 623 et
1298 586 1414 623 maxi-

84 655 185 681 mam
212 655 356 694 vocem,
388 648 432 681 ut
457 643 571 680 homo
599 643 829 681 concilietur
855 643 928 681 sibi
955 649 993 681 et
1017 649 1224 695 propterea
1250 649 1416 682 mortem

83 700 312 739 naturaliter
338 701 469 752 fugiat,
502 703 553 739 ita
581 701 654 739 sibi
680 703 838 753 amicus,
870 708 913 740 ut
944 714 1030 740 esse
1063 714 1104 740 se
1137 701 1276 740 animal
1307 707 1346 740 et
1376 703 1415 739 111

84 758 155 797 hac
181 760 456 798 coniunctione
484 761 660 810 corporis
692 766 806 810 atque
839 761 987 798 animae
1020 761 1147 798 vivere
1181 760 1271 799 velit
1302 760 1414 798 vehe-

82 822 234 863 menter
278 823 394 868 atque
432 823 597 868 appetat.
658 817 792 868 Magna
830 820 886 856 vis
918 823 978 856 est
1008 820 1047 856 111
1080 820 1135 856 eis
1168 819 1294 870 malis,
1333 820 1415 868 qui-

83 874 157 913 bus
195 877 267 914 iste
306 882 466 914 naturae
505 877 673 914 vincitur
712 888 870 928 sensus,
911 888 987 926 quo
1027 889 1133 914 mors
1166 878 1269 914 0111111
1302 877 1415 914 1110ᾶο

85 934 266 972 omnibus
305 934 452 972 viribus
485 934 765 984 conatibusque
797 936 958 985 vitatur,
990 941 1028 973 et
1060 936 1112 973 ita
1144 936 1329 986 vincitur,
1362 940 1416 986 ut,

83 1004 181 1042 quae
214 992 406 1030 vitabatur
437 998 594 1043 optetur
637 998 841 1043 appetatur
879 998 934 1044 et,
975 995 1006 1031 si
1039 1006 1116 1031 non
1147 994 1319 1043 potuerit
1351 993 1415 1030 ali-

83 1051 185 1089 unde
213 1052 452 1102 contingere,
484 1050 529 1089 ab
556 1050 711 1088 homine
739 1052 822 1101 ipso
849 1050 1004 1089 sibimet
1035 1052 1236 1089 inferatur.
1281 1051 1416 1101 Magna

83 1110 140 1147 vis
172 1114 231 1147 est
256 1110 295 1146 in
322 1110 377 1147 eis
404 1109 524 1160 malis,
557 1121 654 1159 quae
688 1109 956 1148 fortitudinem
989 1110 1135 1148 faciunt
1166 1109 1416 1160 homicidam3

84 1168 117 1204 si
148 1172 277 1205 tamen
310 1167 435 1205 adhuc
467 1167 630 1205 dicenda
669 1173 728 1205 est
759 1167 963 1215 fortitudo,
1003 1180 1100 1219 quae
1132 1169 1184 1206 ita
1216 1168 1276 1206 his
1308 1168 1416 1206 malis

84 1226 269 1276 vincitur,
301 1230 345 1264 ut
376 1225 590 1277 hominem,
622 1237 738 1276 quein
770 1227 871 1264 sicut
904 1227 1026 1264 virtus
1058 1227 1272 1276 regendum
1305 1232 1415 1265 tuen-

84 1284 253 1333 dumque
299 1285 489 1335 suscepit,
533 1296 609 1321 non
654 1283 767 1321 modo
806 1296 882 1322 non
920 1286 1044 1335 possit
1081 1297 1152 1335 per
1192 1286 1416 1335 patientiam

83 1341 292 1392 custodire,
325 1342 390 1380 sed
423 1343 506 1392 ipsa
538 1344 699 1393 insuper
731 1348 892 1392 cogatur
924 1343 1114 1381 occidere.
1176 1342 1298 1381 Debet
1330 1344 1413 1394 qui-

1444 768 1485 798 10

1445 1059 1486 1089 15

1442 1350 1486 1381 20

84 1400 170 1438 dem
204 1401 319 1438 etiam
350 1406 516 1438 mortem
548 1402 700 1451 sapiens
740 1401 842 1438 serre
875 1403 1086 1453 patienter,
1125 1402 1192 1439 sed
1226 1414 1323 1451 quae
1357 1414 1416 1439 ac-
1475 1417 1477 1419 ·

84 1458 178 1496 cidit
205 1458 379 1503 aliunde.-
434 1458 657 1497 Secundum
683 1460 778 1497 istos
805 1466 933 1497 autem
961 1461 993 1497 si
1024 1472 1108 1498 eam
1140 1459 1213 1498 sibi
1245 1462 1327 1510 ipse
1360 1462 1416 1498 in-

85 1517 187 1554 ferre
227 1516 491 1568 compellitur,
528 1518 704 1567 profecto
744 1517 941 1556 fatendum
980 1523 1039 1556 est
1077 1519 1132 1556 eis
1170 1530 1248 1556 non
1292 1518 1416 1556 solum

84 1575 199 1626 mala,
238 1575 304 1613 sed
345 1575 599 1613 intolerabilia
639 1577 752 1613 etiam
797 1576 894 1614 mala
932 1588 1035 1627 esse,
1079 1588 1176 1626 quae
1215 1576 1288 1614 hoc
1327 1588 1416 1614 eum

84 1638 311 1684 perpetrare
357 1633 604 1683 compellunt.
679 1633 760 1672 Vita
804 1635 945 1686 igitur,
989 1646 1086 1684 quae
1131 1636 1294 1672 istorum
1339 1640 1416 1672 tam

85 1703 314 1741 magnorum
346 1697 500 1741 tamque
538 1693 711 1742 gravium
750 1690 938 1730 malorum
971 1698 1037 1731 aut
1066 1694 1258 1743 premitur
1290 1694 1415 1730 oneri-

84 1748 157 1787 bus
196 1754 262 1787 aut
294 1749 468 1788 subiacet
499 1749 670 1801 casibus,
712 1750 821 1788 nullo
854 1750 967 1788 modo
1000 1750 1111 1789 beata
1143 1750 1352 1803 diceretur,
1384 1752 1417 1789 si

84 1807 278 1859 homines,
317 1809 381 1858 qui
414 1807 486 1846 hoc
519 1808 670 1860 dicunt,
708 1809 809 1847 sicut
845 1810 936 1847 victi
975 1809 1083 1847 malis
1115 1810 1415 1859 ingravescenti—

84 1864 177 1918 hus,
221 1878 309 1904 cum
351 1865 424 1904 sibi
462 1867 646 1916 ingerunt
682 1872 866 1918 mortem,
910 1867 1054 1905 cedunt
1091 1867 1325 1919 infelicitati,
1364 1869 1416 1905 ita

84 1925 178 1962 victi
203 1925 322 1962 certis
348 1924 575 1976 rationibus,
607 1936 696 1963 cum
724 1931 916 1975 quaerunt
942 1924 1093 1963 beatam
1125 1927 1267 1977 vitam,v
1285 1926 1413 1976 digna-

85 1987 223 2021 rentur
261 1982 400 2020 cedere
439 1984 591 2021 veritati
630 1988 669 2021 et
710 1995 786 2021 non
820 1982 892 2021 sibi
924 1989 1108 2034 putarent
1139 1985 1177 2021 in
1210 1985 1282 2022 ista
1314 1995 1414 2021 mor-

85 2039 231 2078 talitate
275 2041 350 2078 fine
390 2042 531 2078 summi
569 2040 660 2079 boni
703 2053 789 2079 esse
834 2042 1097 2093 gaudendum,
1142 2041 1208 2080 ubi
1252 2043 1415 2080 virtutes

85 2098 203 2149 ipsae,
230 2098 371 2148 quibus
391 2098 454 2136 hic
475 2104 580 2137 certe
608 2099 702 2137 nihil
729 2099 867 2138 melius
893 2106 1007 2150 atque
1034 2100 1167 2138 utilius
1194 2101 1233 2138 in
1259 2099 1414 2138 homine

84 2157 299 2208 reperitur,
343 2162 486 2206 quanto
520 2159 664 2195 maiora
696 2164 787 2196 sunt
818 2158 1007 2197 adiutoria
1040 2163 1173 2197 contra
1206 2159 1282 2196 vim
1314 2160 1415 2209 peri-

1387 2284 1406 2295 e

181 2308 223 2338 10
248 2303 329 2337 ueh.
357 2305 466 2347 atque
492 2314 580 2345 mss;
605 2304 911 2348 vehementerque
937 2316 956 2339 v

1443 1641 1486 1672 25

1441 1934 1485 1964 30
