1495 2489
58 754 98 784 10

57 1046 97 1076 15

54 1337 98 1367 20

57 1768 99 1798 25

125 122 181 163 34
658 130 682 154 8.
702 127 919 154 Anoos'rmi

125 220 281 270 sufficit,
313 218 453 256 deficit.
516 217 612 255 illud
645 218 775 267 itaque
807 216 961 268 malum,
994 229 1082 269 quo,
1114 230 1202 256 cum
1235 218 1308 257 sibi
1339 219 1454 258 homo

123 277 262 329 placet,
295 283 489 327 tamquam
517 277 565 314 sit
591 281 630 313 et
655 277 737 325 ipse
764 275 907 326 lumen,
939 277 1126 314 avertitur
1152 276 1199 314 ab
1226 289 1271 315 eo
1297 277 1454 330 lumine,

125 335 227 386 quod
256 337 289 373 ei
316 337 347 373 si
374 335 521 385 placeat
541 340 579 371 et
598 335 680 384 ipse
701 333 742 371 fit
762 331 893 371 lumen
916 355 964 360 —
987 334 1092 385 illud,
1118 336 1285 387 inquam,
1311 336 1454 375 malum

124 396 339 445 praecessit
370 395 409 431 in
442 392 583 444 abdito,
615 397 658 430 ut
690 398 922 442 sequeretur
953 391 1026 430 hoc
1059 393 1200 431 malum
1233 394 1336 444 quod
1366 407 1453 445 per-

125 458 319 503 petratum
352 457 411 489 est
449 453 488 489 in
527 455 672 501 apert0.
734 449 874 489 Verum
907 456 966 489 est
997 452 1099 489 euim
1132 452 1234 502 quod
1266 454 1454 503 scriptum

124 516 204 564 estq
234 513 334 549 Ante
359 511 520 548 ruinam
545 511 751 548 exaltatur
777 521 848 548 eor
879 513 917 547 et
947 514 1040 547 ante
1068 512 1240 558 „Gloriam
1271 512 1453 550 humilia·

124 574 201 607 tur.
263 568 330 606 llla
367 579 529 618 prorsus
571 568 700 618 ruina,
745 579 841 617 quae
880 567 922 605 fit
958 569 998 605 in
1043 568 1213 620 occulto,
1255 569 1455 620 praecedit

124 629 293 679 ruinam,
338 638 435 677 quae
473 626 515 664 fit
551 627 589 663 in
632 626 854 676 manifesto,
898 625 990 664 dum
1022 626 1082 663 illa
1116 628 1227 665 ruina
1260 639 1345 666 esse
1378 631 1453 665 non

124 691 295 736 putatur.
358 684 454 730 Quis
486 686 588 722 enim
621 683 891 722 exaltationem
922 685 1076 722 ruinam
1107 691 1227 736 putat,
1259 697 1347 724 cum
1380 687 1455 724 iam

125 744 178 782 ibi
210 745 260 782 sit
298 743 491 794 defectus,
529 754 605 793 quo
645 748 705 780 est
735 742 896 780 relictus
927 740 1144 781 Excelsus?
1194 743 1289 788 Quis
1326 750 1455 783 autem

124 804 275 840 ruInam
304 813 388 840 esse
415 813 490 839 non
523 801 661 852 videat,
694 801 845 850 quando
877 800 920 838 fit
951 801 1118 839 mandati
1150 801 1307 840 evidens
1340 808 1454 853 atque

123 860 339 899 indubitata
365 857 654 910 transgressio?
692 858 857 909 Propter
888 859 960 897 hoc
987 858 1089 909 Deus
1121 859 1212 898 illud
1246 860 1455 913 prohibuit,

124 919 227 969 quod
260 932 348 957 cum
381 923 484 957 esset
516 917 744 968 admissum,
782 917 884 955 nulla
923 917 1077 955 defendi
1109 925 1241 968 posset
1271 920 1453 970 imagina-

124 980 228 1016 tione
265 979 447 1015 iustitiae.
508 976 557 1014 Et
594 976 716 1014 audeo
755 975 885 1014 dicere
924 975 1104 1026 superbis
1143 988 1228 1015 esse
1268 977 1361 1015 utile
1395 989 1453 1016 ca-

123 1036 214 1074 dere
252 1037 292 1074 in
333 1035 487 1086 aliquod
528 1040 705 1085 apertum
738 1035 1063 1084 manifestumque
1095 1040 1318 1087 peccatum,
1351 1035 1454 1074 unde

125 1094 198 1132 sihi
230 1093 475 1145 displiceant,
513 1094 579 1143 qui
616 1085 692 1130 iarn
730 1092 801 1130 sibi
833 1092 1019 1143 placendo
1053 1093 1283 1132 ceciderant.
1347 1093 1454 1132 Salu-

123 1152 232 1191 brius
259 1154 361 1191 enim
388 1152 528 1190 Petrus
555 1150 628 1189 sibi
661 1151 869 1202 displicuit,
901 1151 1053 1201 quando
1086 1152 1201 1203 flevit,
1234 1164 1348 1202 quam
1381 1152 1454 1191 sibi

122 1211 279 1263 placuit,
311 1210 463 1261 quando
491 1211 762 1260 praesumpsit.
814 1209 894 1248 Hoc
927 1209 1020 1247 dicit
1051 1215 1089 1248 et
1120 1222 1228 1248 sacer
1260 1210 1454 1261 psalmus:

126 1271 249 1319 Imple
276 1269 406 1318 facies
439 1280 575 1307 eorum
608 1270 837 1316 ἱρηοφηὶηῑα,
869 1273 907 1306 et
937 1273 1133 1316 quaerent
1163 1280 1301 1307 nomen
1334 1273 1455 1321 tuum,

124 1329 310 1375 Domine,
354 1327 392 1365 id
437 1332 513 1378 est,
557 1332 600 1364 ut
638 1331 678 1364 tu
717 1328 772 1364 eis
809 1326 960 1377 placeas
1004 1326 1281 1376 quaerentibus
1313 1339 1454 1366 nomen

124 1393 248 1438 tuum,
281 1387 346 1436 qui
379 1385 451 1423 sibi
482 1384 709 1435 placuerant
742 1384 963 1435 quaerendo
997 1397 1121 1423 suum,

640 1531 793 1574 CAPUT
825 1532 939 1574 XIV.

125 1621 184 1658 De
209 1620 398 1668 superbia
426 1619 748 1666 transgressori&
780 1629 884 1665 quae
914 1620 1000 1666 ipsa
1023 1617 1103 1665 suit
1135 1620 1455 1666 transyressione

697 1677 883 1714 deterior.

247 1758 322 1796 Sed
355 1764 413 1796 est
444 1759 554 1808 peior
580 1756 910 1807 damnabiliorque
944 1756 1136 1808 superbia,
1168 1769 1241 1807 qua
1268 1758 1382 1795 etiam
1414 1759 1454 1795 in

125 1819 294 1868 peccatis
320 1817 533 1854 manifestis
560 1816 769 1864 suffugium
803 1817 1062 1852 excusationis
1094 1816 1321 1866 inquiritur,
1353 1817 1455 1854 sicut

126 1876 179 1914 illi
210 1877 326 1926 primi
358 1875 546 1925 homines,
578 1872 745 1924 quorum
777 1879 816 1910 et
846 1872 907 1910 illa
941 1872 1053 1910 dixit:
1093 1873 1264 1922 Serpens
1294 1875 1457 1912 seduxit

125 1946 195 1982 me,
240 1939 277 1972 et
316 1934 573 1978 manducavi,
619 1938 656 1969 et
693 1931 755 1968 ille
795 1930 907 1969 dixit:
951 1931 1116 1979 Mulier,
1161 1942 1279 1978 quam
1312 1933 1458 1970 dedisti

125 2004 293 2039 meeum,
331 1993 431 2030 haec
468 1992 566 2029 mihi
597 1991 704 2028 dedit
736 2001 760 2027 α
792 1991 916 2037 liquo,
957 1994 994 2027 et
1025 1991 1098 2027 edi.
1160 1988 1360 2040 Nusquam
1392 1990 1455 2028 hic

222 2095 254 2135 τ)
281 2093 384 2127 Prov.
408 2095 461 2135 18,
490 2096 542 2126 12.
596 2093 650 2134 18)
676 2090 739 2124 Mt.
766 2094 821 2133 26,
848 2094 909 2132 33;
937 2093 990 2124 75.
1041 2091 1100 2133 20)
1124 2090 1179 2124 Ps.
1206 2093 1262 2134 82,
1289 2095 1343 2124 17.

221 2201 262 2232 16
291 2197 498 2231 ceciderunt
524 2196 562 2229 F
589 2198 600 2240 ΙΙ
633 2200 674 2229 19
701 2195 878 2238 quaerant
902 2195 937 2228 A
967 2196 978 2238 ΙΙ
1009 2198 1051 2228 21
1078 2195 1296 2239 placuerunt
1319 2206 1339 2229 v
1370 2197 1396 2240 ΙΙ.
1411 2199 1454 2230 23

124 2243 404 2289 transgressoris
439 2243 472 2277 V
492 2245 570 2285 (32,
597 2246 675 2285 1693
719 2241 1016 2286 transgressionis
1042 2252 1062 2276 v
1099 2242 1112 2285 ΙΙ
1147 2245 1190 2275 29
1228 2252 1371 2276 mecum
1403 2241 1456 2276 Vv

124 2294 200 2334 (30,
225 2294 310 2334 25ss
334 2290 424 2324 mihi
450 2289 526 2323 AF
