<?xml version="1.0" encoding="UTF-8"?>
<!DOCTYPE html PUBLIC "-//W3C//DTD XHTML 1.0 Transitional//EN"
    "http://www.w3.org/TR/xhtml1/DTD/xhtml1-transitional.dtd">
<html xmlns="http://www.w3.org/1999/xhtml" xml:lang="en" lang="en">
 <head>
  <title>
</title>
<meta http-equiv="Content-Type" content="text/html;charset=utf-8" />
  <meta name='ocr-system' content='tesseract 3.04.00' />
  <meta name='ocr-capabilities' content='ocr_page ocr_carea ocr_par ocr_line ocrx_word'/>
</head>
<body>
  <div class='ocr_page' id='page_1' title='image "./sanctiaureliiaug02auguuoft_0254.png"; bbox 0 0 1611 2465; ppageno 0'>
   <div class='ocr_carea' id='block_1_1' title="bbox 129 51 942 92">
    <p class='ocr_par' dir='ltr' id='par_1_1' title="bbox 129 51 942 92">
     <span class='ocr_line' id='line_1_1' title="bbox 129 51 942 92; baseline -0.011 0"><span class='ocrx_word' id='word_1_1' title='bbox 129 51 214 92; x_wconf 75' lang='lat'>248</span> <span class='ocrx_word' id='word_1_2' title='bbox 671 60 697 84; x_wconf 86' lang='lat' dir='ltr'>s.</span> <span class='ocrx_word' id='word_1_3' title='bbox 723 58 942 85; x_wconf 70' lang='lat' dir='ltr'>AUGUSTINI</span> 
     </span>
    </p>
   </div>
   <div class='ocr_carea' id='block_1_2' title="bbox 61 150 1474 2016">
    <p class='ocr_par' dir='ltr' id='par_1_2' title="bbox 61 150 1474 2016">
     <span class='ocr_line' id='line_1_2' title="bbox 130 150 1469 197; baseline -0.001 -8"><span class='ocrx_word' id='word_1_4' title='bbox 130 152 439 190; x_wconf 75' lang='lat' dir='ltr'>conlrariorum.</span> <span class='ocrx_word' id='word_1_5' title='bbox 533 150 775 188; x_wconf 74' lang='lat' dir='ltr'><em>Contumelia</em></span> <span class='ocrx_word' id='word_1_6' title='bbox 835 153 873 187; x_wconf 75' lang='lat' dir='ltr'>et</span> <span class='ocrx_word' id='word_1_7' title='bbox 929 153 1122 188; x_wconf 80' lang='lat' dir='ltr'>tormento</span> <span class='ocrx_word' id='word_1_8' title='bbox 1180 151 1469 197; x_wconf 72' lang='lat' dir='ltr'>irelerroqemus</span> 
     </span>
     <span class='ocr_line' id='line_1_3' title="bbox 131 209 1467 257; baseline -0.001 -9"><span class='ocrx_word' id='word_1_9' title='bbox 131 212 255 256; x_wconf 81' lang='lat' dir='ltr'>illum,</span> <span class='ocrx_word' id='word_1_10' title='bbox 297 211 538 247; x_wconf 76' lang='lat' dir='ltr'>eutseiamus</span> <span class='ocrx_word' id='word_1_11' title='bbox 571 209 838 245; x_wconf 73' lang='lat' dir='ltr'>reverentiam</span> <span class='ocrx_word' id='word_1_12' title='bbox 870 209 975 245; x_wconf 84' lang='lat' dir='ltr'>illius</span> <span class='ocrx_word' id='word_1_13' title='bbox 1008 212 1045 246; x_wconf 86' lang='lat' dir='ltr'>et</span> <span class='ocrx_word' id='word_1_14' title='bbox 1071 209 1284 256; x_wconf 83' lang='lat' dir='ltr'>probemus</span> <span class='ocrx_word' id='word_1_15' title='bbox 1311 210 1467 257; x_wconf 81' lang='lat' dir='ltr'>patien-</span> 
     </span>
     <span class='ocr_line' id='line_1_4' title="bbox 130 267 1470 315; baseline -0.001 -9"><span class='ocrx_word' id='word_1_16' title='bbox 130 271 225 307; x_wconf 75' lang='lat' dir='ltr'>tiam</span> <span class='ocrx_word' id='word_1_17' title='bbox 287 270 358 306; x_wconf 83' lang='lat' dir='ltr'>ius.</span> <span class='ocrx_word' id='word_1_18' title='bbox 423 267 555 305; x_wconf 83' lang='lat' dir='ltr'>Morte</span> <span class='ocrx_word' id='word_1_19' title='bbox 607 268 836 315; x_wconf 79' lang='lat' dir='ltr'>turpissima</span> <span class='ocrx_word' id='word_1_20' title='bbox 880 267 1182 305; x_wconf 79' lang='lat' dir='ltr'><em>condemnemus</em></span> <span class='ocrx_word' id='word_1_21' title='bbox 1221 269 1349 311; x_wconf 87' lang='lat' dir='ltr'>illum;</span> <span class='ocrx_word' id='word_1_22' title='bbox 1393 268 1470 305; x_wconf 81' lang='lat' dir='ltr'>erit</span> 
     </span>
     <span class='ocr_line' id='line_1_5' title="bbox 130 325 1469 374; baseline -0.001 -9"><span class='ocrx_word' id='word_1_23' title='bbox 130 329 233 365; x_wconf 81' lang='lat' dir='ltr'>enim</span> <span class='ocrx_word' id='word_1_24' title='bbox 278 328 316 364; x_wconf 85' lang='lat' dir='ltr'>ei</span> <span class='ocrx_word' id='word_1_25' title='bbox 357 330 562 374; x_wconf 80' lang='lat' dir='ltr'>respectus</span> <span class='ocrx_word' id='word_1_26' title='bbox 607 336 658 362; x_wconf 74' lang='lat' dir='ltr'>ex</span> <span class='ocrx_word' id='word_1_27' title='bbox 700 325 948 363; x_wconf 73' lang='lat' dir='ltr'><em>sermonibus</em></span> <span class='ocrx_word' id='word_1_28' title='bbox 988 327 1102 364; x_wconf 85' lang='lat' dir='ltr'>illius.</span> <span class='ocrx_word' id='word_1_29' title='bbox 1164 326 1277 364; x_wconf 79' lang='lat' dir='ltr'>Haec</span> <span class='ocrx_word' id='word_1_30' title='bbox 1319 327 1469 373; x_wconf 73' lang='lat' dir='ltr'>coqita-</span> 
     </span>
     <span class='ocr_line' id='line_1_6' title="bbox 83 385 1469 429; baseline -0.001 -6"><span class='ocrx_word' id='word_1_31' title='bbox 83 393 103 423; x_wconf 82' lang='lat'>5</span> <span class='ocrx_word' id='word_1_32' title='bbox 132 390 272 424; x_wconf 67' lang='lat' dir='ltr'>rerunt</span> <span class='ocrx_word' id='word_1_33' title='bbox 317 390 354 423; x_wconf 85' lang='lat' dir='ltr'>et</span> <span class='ocrx_word' id='word_1_34' title='bbox 398 388 668 429; x_wconf 80' lang='lat' dir='ltr'>erraverunt;</span> <span class='ocrx_word' id='word_1_35' title='bbox 730 385 966 422; x_wconf 75' lang='lat' dir='ltr'>eaeeaecave&#39;t</span> <span class='ocrx_word' id='word_1_36' title='bbox 1018 386 1121 423; x_wconf 77' lang='lat' dir='ltr'>euim</span> <span class='ocrx_word' id='word_1_37' title='bbox 1176 386 1260 422; x_wconf 84' lang='lat' dir='ltr'>illos</span> <span class='ocrx_word' id='word_1_38' title='bbox 1314 386 1469 422; x_wconf 81' lang='lat' dir='ltr'>malitia</span> 
     </span>
     <span class='ocr_line' id='line_1_7' title="bbox 131 441 1469 493; baseline -0.001 -12"><span class='ocrx_word' id='word_1_39' title='bbox 131 447 316 493; x_wconf 71' lang='lat' dir='ltr'>ipsorum.</span> <span class='ocrx_word' id='word_1_40' title='bbox 382 441 425 480; x_wconf 89' lang='lat' dir='ltr'>In</span> <span class='ocrx_word' id='word_1_41' title='bbox 447 441 711 480; x_wconf 79' lang='lat' dir='ltr'>ecclesiastico</span> <span class='ocrx_word' id='word_1_42' title='bbox 739 447 869 480; x_wconf 83' lang='lat' dir='ltr'>autem</span> <span class='ocrx_word' id='word_1_43' title='bbox 897 441 992 480; x_wconf 81' lang='lat' dir='ltr'>fides</span> <span class='ocrx_word' id='word_1_44' title='bbox 1012 443 1186 492; x_wconf 86' lang='lat' dir='ltr'>gentium</span> <span class='ocrx_word' id='word_1_45' title='bbox 1208 442 1339 481; x_wconf 82' lang='lat' dir='ltr'>sutura</span> <span class='ocrx_word' id='word_1_46' title='bbox 1359 454 1469 493; x_wconf 85' lang='lat' dir='ltr'>prae·</span> 
     </span>
     <span class='ocr_line' id='line_1_8' title="bbox 131 500 1468 548; baseline -0.001 -8"><span class='ocrx_word' id='word_1_47' title='bbox 131 502 274 540; x_wconf 75' lang='lat' dir='ltr'>dieitur</span> <span class='ocrx_word' id='word_1_48' title='bbox 306 503 380 539; x_wconf 89' lang='lat' dir='ltr'>isto</span> <span class='ocrx_word' id='word_1_49' title='bbox 415 500 545 539; x_wconf 87' lang='lat' dir='ltr'>modo:</span> <span class='ocrx_word' id='word_1_50' title='bbox 585 501 782 539; x_wconf 74' lang='lat' dir='ltr'><em>Miserere</em></span> <span class='ocrx_word' id='word_1_51' title='bbox 813 503 960 548; x_wconf 80' lang='lat' dir='ltr'>nostri,</span> <span class='ocrx_word' id='word_1_52' title='bbox 994 502 1219 539; x_wconf 82' lang='lat' dir='ltr'>dominator</span> <span class='ocrx_word' id='word_1_53' title='bbox 1252 501 1359 539; x_wconf 85' lang='lat' dir='ltr'>Deus</span> <span class='ocrx_word' id='word_1_54' title='bbox 1391 512 1468 540; x_wconf 81' lang='lat' dir='ltr'>om-</span> 
     </span>
     <span class='ocr_line' id='line_1_9' title="bbox 97 555 1468 607; baseline 0 -9"><span class='ocrx_word' id='word_1_55' title='bbox 97 555 108 566; x_wconf 72' lang='lat'><em>⁶</em></span> <span class='ocrx_word' id='word_1_56' title='bbox 130 563 255 607; x_wconf 70' lang='lat' dir='ltr'>nium,</span> <span class='ocrx_word' id='word_1_57' title='bbox 289 565 327 598; x_wconf 78' lang='lat' dir='ltr'>et</span> <span class='ocrx_word' id='word_1_58' title='bbox 357 562 510 598; x_wconf 77' lang='lat' dir='ltr'>inmilte</span> <span class='ocrx_word' id='word_1_59' title='bbox 542 561 719 598; x_wconf 78' lang='lat' dir='ltr'>timorem</span> <span class='ocrx_word' id='word_1_60' title='bbox 752 564 861 597; x_wconf 84' lang='lat' dir='ltr'>tuum</span> <span class='ocrx_word' id='word_1_61' title='bbox 891 571 1013 607; x_wconf 78' lang='lat' dir='ltr'>super</span> <span class='ocrx_word' id='word_1_62' title='bbox 1046 571 1177 598; x_wconf 78' lang='lat' dir='ltr'>omnes</span> <span class='ocrx_word' id='word_1_63' title='bbox 1206 565 1368 607; x_wconf 45' lang='lat' dir='ltr'>aerae&amp;</span> <span class='ocrx_word' id='word_1_64' title='bbox 1401 571 1468 598; x_wconf 73' lang='lat' dir='ltr'>ex-</span> 
     </span>
     <span class='ocr_line' id='line_1_10' title="bbox 131 620 1470 667; baseline -0.001 -10"><span class='ocrx_word' id='word_1_65' title='bbox 131 621 220 657; x_wconf 72' lang='lat' dir='ltr'>tolle</span> <span class='ocrx_word' id='word_1_66' title='bbox 246 630 405 656; x_wconf 79' lang='lat' dir='ltr'>manum</span> <span class='ocrx_word' id='word_1_67' title='bbox 433 623 541 657; x_wconf 78' lang='lat' dir='ltr'>tuam</span> <span class='ocrx_word' id='word_1_68' title='bbox 572 629 694 666; x_wconf 81' lang='lat' dir='ltr'>super</span> <span class='ocrx_word' id='word_1_69' title='bbox 722 622 860 666; x_wconf 60' lang='lat' dir='ltr'>,aetites</span> <span class='ocrx_word' id='word_1_70' title='bbox 892 620 1044 656; x_wconf 81' lang='lat' dir='ltr'>alienas</span> <span class='ocrx_word' id='word_1_71' title='bbox 1077 623 1114 656; x_wconf 86' lang='lat' dir='ltr'>et</span> <span class='ocrx_word' id='word_1_72' title='bbox 1145 620 1307 657; x_wconf 78' lang='lat' dir='ltr'>videant</span> <span class='ocrx_word' id='word_1_73' title='bbox 1332 623 1470 667; x_wconf 82' lang='lat' dir='ltr'>poten-</span> 
     </span>
     <span class='ocr_line' id='line_1_11' title="bbox 63 677 1472 724; baseline 0 -9"><span class='ocrx_word' id='word_1_74' title='bbox 63 686 105 715; x_wconf 72' lang='lat'>10</span> <span class='ocrx_word' id='word_1_75' title='bbox 133 680 227 715; x_wconf 83' lang='lat' dir='ltr'>tiam</span> <span class='ocrx_word' id='word_1_76' title='bbox 268 682 387 716; x_wconf 80' lang='lat' dir='ltr'>tuam.</span> <span class='ocrx_word' id='word_1_77' title='bbox 450 677 564 716; x_wconf 82' lang='lat' dir='ltr'>Siout</span> <span class='ocrx_word' id='word_1_78' title='bbox 602 687 739 715; x_wconf 86' lang='lat' dir='ltr'>eoram</span> <span class='ocrx_word' id='word_1_79' title='bbox 779 678 855 715; x_wconf 84' lang='lat' dir='ltr'>illis</span> <span class='ocrx_word' id='word_1_80' title='bbox 895 678 1171 723; x_wconf 72' lang='lat' dir='ltr'>sanctificatus</span> <span class='ocrx_word' id='word_1_81' title='bbox 1203 689 1243 715; x_wconf 86' lang='lat' dir='ltr'>es</span> <span class='ocrx_word' id='word_1_82' title='bbox 1276 679 1316 715; x_wconf 79' lang='lat' dir='ltr'>in</span> <span class='ocrx_word' id='word_1_83' title='bbox 1348 678 1472 724; x_wconf 79' lang='lat' dir='ltr'>nobis,</span> 
     </span>
     <span class='ocr_line' id='line_1_12' title="bbox 132 737 1470 783; baseline 0 -9"><span class='ocrx_word' id='word_1_84' title='bbox 132 738 188 774; x_wconf 76' lang='lat' dir='ltr'>ila</span> <span class='ocrx_word' id='word_1_85' title='bbox 220 747 358 774; x_wconf 81' lang='lat' dir='ltr'>eoram</span> <span class='ocrx_word' id='word_1_86' title='bbox 385 737 498 774; x_wconf 80' lang='lat' dir='ltr'>nobis</span> <span class='ocrx_word' id='word_1_87' title='bbox 523 737 796 783; x_wconf 58' lang='lat' dir='ltr'>magnificeris</span> <span class='ocrx_word' id='word_1_88' title='bbox 830 737 869 773; x_wconf 78' lang='lat' dir='ltr'>in</span> <span class='ocrx_word' id='word_1_89' title='bbox 903 737 989 783; x_wconf 82' lang='lat' dir='ltr'>illis,</span> <span class='ocrx_word' id='word_1_90' title='bbox 1022 741 1059 773; x_wconf 77' lang='lat' dir='ltr'>et</span> <span class='ocrx_word' id='word_1_91' title='bbox 1091 740 1314 783; x_wconf 57' lang='lat' dir='ltr'>agnoscant</span> <span class='ocrx_word' id='word_1_92' title='bbox 1344 740 1381 774; x_wconf 87' lang='lat' dir='ltr'>te</span> <span class='ocrx_word' id='word_1_93' title='bbox 1412 747 1470 774; x_wconf 86' lang='lat' dir='ltr'>se-</span> 
     </span>
     <span class='ocr_line' id='line_1_13' title="bbox 131 794 1471 843; baseline -0.001 -10"><span class='ocrx_word' id='word_1_94' title='bbox 131 796 304 833; x_wconf 81' lang='lat' dir='ltr'>cundum</span> <span class='ocrx_word' id='word_1_95' title='bbox 345 796 453 843; x_wconf 80' lang='lat' dir='ltr'>quod</span> <span class='ocrx_word' id='word_1_96' title='bbox 495 799 532 832; x_wconf 87' lang='lat' dir='ltr'>et</span> <span class='ocrx_word' id='word_1_97' title='bbox 569 806 639 832; x_wconf 81' lang='lat' dir='ltr'>nos</span> <span class='ocrx_word' id='word_1_98' title='bbox 678 796 910 842; x_wconf 72' lang='lat' dir='ltr'>aqnovimus</span> <span class='ocrx_word' id='word_1_99' title='bbox 943 799 995 840; x_wconf 82' lang='lat' dir='ltr'>te,</span> <span class='ocrx_word' id='word_1_100' title='bbox 1035 796 1130 842; x_wconf 80' lang='lat' dir='ltr'>quia</span> <span class='ocrx_word' id='word_1_101' title='bbox 1162 806 1240 832; x_wconf 77' lang='lat' dir='ltr'>non</span> <span class='ocrx_word' id='word_1_102' title='bbox 1273 798 1331 833; x_wconf 85' lang='lat' dir='ltr'>est</span> <span class='ocrx_word' id='word_1_103' title='bbox 1362 794 1471 832; x_wconf 84' lang='lat' dir='ltr'>Deus</span> 
     </span>
     <span class='ocr_line' id='line_1_14' title="bbox 127 851 1470 903; baseline 0 -13"><span class='ocrx_word' id='word_1_104' title='bbox 127 858 294 902; x_wconf 77' lang='lat' dir='ltr'>praeter</span> <span class='ocrx_word' id='word_1_105' title='bbox 339 858 395 901; x_wconf 81' lang='lat' dir='ltr'>te,</span> <span class='ocrx_word' id='word_1_106' title='bbox 440 854 617 891; x_wconf 80' lang='lat' dir='ltr'>Domine.</span> <span class='ocrx_word' id='word_1_107' title='bbox 687 851 794 890; x_wconf 81' lang='lat' dir='ltr'>Hanc</span> <span class='ocrx_word' id='word_1_108' title='bbox 836 851 994 903; x_wconf 81' lang='lat' dir='ltr'>optandi</span> <span class='ocrx_word' id='word_1_109' title='bbox 1035 858 1074 891; x_wconf 88' lang='lat' dir='ltr'>et</span> <span class='ocrx_word' id='word_1_110' title='bbox 1114 852 1299 903; x_wconf 81' lang='lat' dir='ltr'>precandi</span> <span class='ocrx_word' id='word_1_111' title='bbox 1341 854 1470 903; x_wconf 85' lang='lat' dir='ltr'>specie</span> 
     </span>
     <span class='ocr_line' id='line_1_15' title="bbox 131 910 1471 962; baseline 0.001 -14"><span class='ocrx_word' id='word_1_112' title='bbox 131 911 376 962; x_wconf 77' lang='lat' dir='ltr'>prophetiam</span> <span class='ocrx_word' id='word_1_113' title='bbox 414 923 483 962; x_wconf 84' lang='lat' dir='ltr'>per</span> <span class='ocrx_word' id='word_1_114' title='bbox 516 911 644 949; x_wconf 86' lang='lat' dir='ltr'>lesum</span> <span class='ocrx_word' id='word_1_115' title='bbox 678 910 876 949; x_wconf 83' lang='lat' dir='ltr'>Christum</span> <span class='ocrx_word' id='word_1_116' title='bbox 915 911 1090 949; x_wconf 88' lang='lat' dir='ltr'>videmus</span> <span class='ocrx_word' id='word_1_117' title='bbox 1124 910 1330 962; x_wconf 73' lang='lat' dir='ltr'>impletam.</span> <span class='ocrx_word' id='word_1_118' title='bbox 1395 910 1471 949; x_wconf 85' lang='lat' dir='ltr'>Sed</span> 
     </span>
     <span class='ocr_line' id='line_1_16' title="bbox 61 969 1473 1022; baseline -0.001 -14"><span class='ocrx_word' id='word_1_119' title='bbox 61 978 104 1008; x_wconf 86' lang='lat'>15</span> <span class='ocrx_word' id='word_1_120' title='bbox 133 970 320 1009; x_wconf 76' lang='lat' dir='ltr'>adversus</span> <span class='ocrx_word' id='word_1_121' title='bbox 362 969 671 1008; x_wconf 74' lang='lat' dir='ltr'>contradictores</span> <span class='ocrx_word' id='word_1_122' title='bbox 713 981 790 1008; x_wconf 88' lang='lat' dir='ltr'>non</span> <span class='ocrx_word' id='word_1_123' title='bbox 833 975 937 1008; x_wconf 80' lang='lat' dir='ltr'>tanta</span> <span class='ocrx_word' id='word_1_124' title='bbox 979 970 1159 1007; x_wconf 81' lang='lat' dir='ltr'>firmitate</span> <span class='ocrx_word' id='word_1_125' title='bbox 1200 970 1473 1022; x_wconf 83' lang='lat' dir='ltr'>proferuntur,</span> 
     </span>
     <span class='ocr_line' id='line_1_17' title="bbox 134 1027 1170 1079; baseline -0.002 -12"><span class='ocrx_word' id='word_1_126' title='bbox 134 1040 231 1079; x_wconf 76' lang='lat' dir='ltr'>quae</span> <span class='ocrx_word' id='word_1_127' title='bbox 265 1030 409 1079; x_wconf 84' lang='lat' dir='ltr'>scripta</span> <span class='ocrx_word' id='word_1_128' title='bbox 441 1041 519 1066; x_wconf 89' lang='lat' dir='ltr'>non</span> <span class='ocrx_word' id='word_1_129' title='bbox 552 1034 643 1066; x_wconf 89' lang='lat' dir='ltr'>sunt</span> <span class='ocrx_word' id='word_1_130' title='bbox 674 1030 713 1066; x_wconf 90' lang='lat' dir='ltr'>in</span> <span class='ocrx_word' id='word_1_131' title='bbox 748 1040 893 1066; x_wconf 81' lang='lat' dir='ltr'>canone</span> <span class='ocrx_word' id='word_1_132' title='bbox 928 1027 1170 1067; x_wconf 84' lang='lat' dir='ltr'>Iudaeorum.</span> 
     </span>
     <span class='ocr_line' id='line_1_18' title="bbox 252 1086 1473 1138; baseline 0 -13"><span class='ocrx_word' id='word_1_133' title='bbox 252 1086 293 1125; x_wconf 90' lang='lat' dir='ltr'>In</span> <span class='ocrx_word' id='word_1_134' title='bbox 328 1087 454 1126; x_wconf 87' lang='lat' dir='ltr'>tribus</span> <span class='ocrx_word' id='word_1_135' title='bbox 494 1098 585 1125; x_wconf 82' lang='lat' dir='ltr'>vero</span> <span class='ocrx_word' id='word_1_136' title='bbox 618 1086 709 1138; x_wconf 82' lang='lat' dir='ltr'>illis,</span> <span class='ocrx_word' id='word_1_137' title='bbox 748 1099 845 1137; x_wconf 82' lang='lat' dir='ltr'>quos</span> <span class='ocrx_word' id='word_1_138' title='bbox 879 1086 1096 1124; x_wconf 76' lang='lat' dir='ltr'>Salomonis</span> <span class='ocrx_word' id='word_1_139' title='bbox 1129 1098 1214 1125; x_wconf 85' lang='lat' dir='ltr'>esse</span> <span class='ocrx_word' id='word_1_140' title='bbox 1248 1092 1400 1125; x_wconf 81' lang='lat' dir='ltr'>constat</span> <span class='ocrx_word' id='word_1_141' title='bbox 1433 1093 1473 1125; x_wconf 87' lang='lat' dir='ltr'>et</span> 
     </span>
     <span class='ocr_line' id='line_1_19' title="bbox 132 1144 1472 1196; baseline 0 -13"><span class='ocrx_word' id='word_1_142' title='bbox 132 1145 265 1184; x_wconf 80' lang='lat' dir='ltr'>Iudaei</span> <span class='ocrx_word' id='word_1_143' title='bbox 306 1147 514 1184; x_wconf 82' lang='lat' dir='ltr'>canonicos</span> <span class='ocrx_word' id='word_1_144' title='bbox 556 1144 721 1196; x_wconf 83' lang='lat' dir='ltr'>habent,</span> <span class='ocrx_word' id='word_1_145' title='bbox 765 1151 806 1183; x_wconf 87' lang='lat' dir='ltr'>ut</span> <span class='ocrx_word' id='word_1_146' title='bbox 847 1146 1075 1184; x_wconf 63' lang='lat' dir='ltr'>ostendatur</span> <span class='ocrx_word' id='word_1_147' title='bbox 1115 1145 1160 1183; x_wconf 82' lang='lat' dir='ltr'>ad</span> <span class='ocrx_word' id='word_1_148' title='bbox 1194 1144 1393 1184; x_wconf 79' lang='lat' dir='ltr'>Christum</span> <span class='ocrx_word' id='word_1_149' title='bbox 1432 1152 1472 1183; x_wconf 89' lang='lat' dir='ltr'>et</span> 
     </span>
     <span class='ocr_line' id='line_1_20' title="bbox 135 1203 1473 1255; baseline -0.001 -13"><span class='ocrx_word' id='word_1_150' title='bbox 135 1204 338 1242; x_wconf 76' lang='lat' dir='ltr'>eeclesiam</span> <span class='ocrx_word' id='word_1_151' title='bbox 389 1205 587 1255; x_wconf 90' lang='lat' dir='ltr'>pertinere</span> <span class='ocrx_word' id='word_1_152' title='bbox 639 1204 741 1254; x_wconf 87' lang='lat' dir='ltr'>quod</span> <span class='ocrx_word' id='word_1_153' title='bbox 791 1205 830 1242; x_wconf 91' lang='lat' dir='ltr'>in</span> <span class='ocrx_word' id='word_1_154' title='bbox 881 1205 937 1242; x_wconf 85' lang='lat' dir='ltr'>eis</span> <span class='ocrx_word' id='word_1_155' title='bbox 987 1205 1072 1242; x_wconf 90' lang='lat' dir='ltr'>eins</span> <span class='ocrx_word' id='word_1_156' title='bbox 1114 1203 1217 1242; x_wconf 88' lang='lat' dir='ltr'>modi</span> <span class='ocrx_word' id='word_1_157' title='bbox 1262 1206 1473 1255; x_wconf 82' lang='lat' dir='ltr'>reperitur,</span> 
     </span>
     <span class='ocr_line' id='line_1_21' title="bbox 63 1262 1471 1313; baseline -0.001 -12"><span class='ocrx_word' id='word_1_158' title='bbox 63 1271 107 1302; x_wconf 80' lang='lat'>‘20</span> <span class='ocrx_word' id='word_1_159' title='bbox 134 1274 297 1313; x_wconf 81' lang='lat' dir='ltr'>operosa</span> <span class='ocrx_word' id='word_1_160' title='bbox 338 1262 547 1313; x_wconf 80' lang='lat' dir='ltr'>disputatio</span> <span class='ocrx_word' id='word_1_161' title='bbox 589 1264 809 1300; x_wconf 79' lang='lat' dir='ltr'>necessaria</span> <span class='ocrx_word' id='word_1_162' title='bbox 848 1268 926 1313; x_wconf 82' lang='lat' dir='ltr'>est,</span> <span class='ocrx_word' id='word_1_163' title='bbox 967 1274 1065 1313; x_wconf 79' lang='lat' dir='ltr'>quae</span> <span class='ocrx_word' id='word_1_164' title='bbox 1105 1274 1176 1300; x_wconf 87' lang='lat' dir='ltr'>nos</span> <span class='ocrx_word' id='word_1_165' title='bbox 1215 1262 1314 1300; x_wconf 80' lang='lat' dir='ltr'>ultra</span> <span class='ocrx_word' id='word_1_166' title='bbox 1357 1274 1471 1312; x_wconf 72' lang='lat' dir='ltr'>(piam</span> 
     </span>
     <span class='ocr_line' id='line_1_22' title="bbox 135 1320 1470 1372; baseline 0 -14"><span class='ocrx_word' id='word_1_167' title='bbox 135 1327 309 1372; x_wconf 76' lang='lat' dir='ltr'>oportet,</span> <span class='ocrx_word' id='word_1_168' title='bbox 353 1323 386 1360; x_wconf 89' lang='lat' dir='ltr'>si</span> <span class='ocrx_word' id='word_1_169' title='bbox 430 1333 534 1359; x_wconf 81' lang='lat' dir='ltr'>nune</span> <span class='ocrx_word' id='word_1_170' title='bbox 572 1320 799 1372; x_wconf 75' lang='lat' dir='ltr'>adhibetur,</span> <span class='ocrx_word' id='word_1_171' title='bbox 843 1320 1026 1359; x_wconf 84' lang='lat' dir='ltr'>extendit.</span> <span class='ocrx_word' id='word_1_172' title='bbox 1098 1320 1242 1359; x_wconf 79' lang='lat' dir='ltr'>Tamen</span> <span class='ocrx_word' id='word_1_173' title='bbox 1285 1320 1388 1371; x_wconf 89' lang='lat' dir='ltr'>quod</span> <span class='ocrx_word' id='word_1_174' title='bbox 1432 1322 1470 1359; x_wconf 92' lang='lat' dir='ltr'>in</span> 
     </span>
     <span class='ocr_line' id='line_1_23' title="bbox 132 1379 1472 1430; baseline 0 -13"><span class='ocrx_word' id='word_1_175' title='bbox 132 1379 351 1430; x_wconf 80' lang='lat' dir='ltr'>proverbiiS</span> <span class='ocrx_word' id='word_1_176' title='bbox 389 1379 548 1430; x_wconf 80' lang='lat' dir='ltr'>legitur,</span> <span class='ocrx_word' id='word_1_177' title='bbox 588 1380 690 1417; x_wconf 88' lang='lat' dir='ltr'>viros</span> <span class='ocrx_word' id='word_1_178' title='bbox 729 1381 868 1429; x_wconf 88' lang='lat' dir='ltr'>impios</span> <span class='ocrx_word' id='word_1_179' title='bbox 906 1379 1054 1418; x_wconf 85' lang='lat' dir='ltr'>dicere:</span> <span class='ocrx_word' id='word_1_180' title='bbox 1100 1381 1400 1418; x_wconf 79' lang='lat' dir='ltr'>Abscondamus</span> <span class='ocrx_word' id='word_1_181' title='bbox 1433 1381 1472 1417; x_wconf 74' lang='lat' dir='ltr'>in</span> 
     </span>
     <span class='ocr_line' id='line_1_24' title="bbox 135 1439 1472 1485; baseline 0 -9"><span class='ocrx_word' id='word_1_182' title='bbox 135 1443 248 1476; x_wconf 80' lang='lat' dir='ltr'>terra</span> <span class='ocrx_word' id='word_1_183' title='bbox 282 1442 409 1476; x_wconf 72' lang='lat' dir='ltr'>cirum</span> <span class='ocrx_word' id='word_1_184' title='bbox 443 1441 586 1476; x_wconf 82' lang='lat' dir='ltr'>iustum</span> <span class='ocrx_word' id='word_1_185' title='bbox 620 1440 780 1485; x_wconf 79' lang='lat' dir='ltr'>iniuste,</span> <span class='ocrx_word' id='word_1_186' title='bbox 814 1439 1097 1476; x_wconf 80' lang='lat' dir='ltr'>absorbeamus</span> <span class='ocrx_word' id='word_1_187' title='bbox 1129 1450 1222 1476; x_wconf 76' lang='lat' dir='ltr'>vero</span> <span class='ocrx_word' id='word_1_188' title='bbox 1255 1450 1341 1476; x_wconf 91' lang='lat' dir='ltr'>eum</span> <span class='ocrx_word' id='word_1_189' title='bbox 1375 1443 1472 1476; x_wconf 86' lang='lat' dir='ltr'>tam—</span> 
     </span>
     <span class='ocr_line' id='line_1_25' title="bbox 135 1496 1474 1545; baseline 0 -11"><span class='ocrx_word' id='word_1_190' title='bbox 135 1508 253 1544; x_wconf 78' lang='lat' dir='ltr'>quam</span> <span class='ocrx_word' id='word_1_191' title='bbox 280 1496 463 1544; x_wconf 80' lang='lat' dir='ltr'>infernus</span> <span class='ocrx_word' id='word_1_192' title='bbox 489 1500 677 1535; x_wconf 74' lang='lat' dir='ltr'>viventem</span> <span class='ocrx_word' id='word_1_193' title='bbox 711 1501 749 1535; x_wconf 84' lang='lat' dir='ltr'>et</span> <span class='ocrx_word' id='word_1_194' title='bbox 780 1496 1013 1545; x_wconf 76' lang='lat' dir='ltr'>auferamus</span> <span class='ocrx_word' id='word_1_195' title='bbox 1045 1499 1130 1536; x_wconf 82' lang='lat' dir='ltr'>eius</span> <span class='ocrx_word' id='word_1_196' title='bbox 1161 1499 1391 1535; x_wconf 76' lang='lat' dir='ltr'>memoriam</span> <span class='ocrx_word' id='word_1_197' title='bbox 1424 1497 1474 1535; x_wconf 82' lang='lat' dir='ltr'>de</span> 
     </span>
     <span class='ocr_line' id='line_1_26' title="bbox 65 1556 1472 1604; baseline -0.001 -10"><span class='ocrx_word' id='word_1_198' title='bbox 65 1564 108 1594; x_wconf 81' lang='lat'>25</span> <span class='ocrx_word' id='word_1_199' title='bbox 136 1561 270 1602; x_wconf 69' lang='lat' dir='ltr'>ferra,</span> <span class='ocrx_word' id='word_1_200' title='bbox 307 1558 593 1604; x_wconf 78' lang='lat' dir='ltr'>possessionem</span> <span class='ocrx_word' id='word_1_201' title='bbox 626 1557 711 1593; x_wconf 72' lang='lat' dir='ltr'>eius</span> <span class='ocrx_word' id='word_1_202' title='bbox 738 1558 956 1604; x_wconf 72' lang='lat' dir='ltr'>pretiosam</span> <span class='ocrx_word' id='word_1_203' title='bbox 990 1556 1353 1604; x_wconf 74' lang='lat' dir='ltr'>adprehendamus‚</span> <span class='ocrx_word' id='word_1_204' title='bbox 1394 1566 1472 1592; x_wconf 92' lang='lat' dir='ltr'>non</span> 
     </span>
     <span class='ocr_line' id='line_1_27' title="bbox 134 1612 1472 1665; baseline -0.001 -13"><span class='ocrx_word' id='word_1_205' title='bbox 134 1615 187 1652; x_wconf 82' lang='lat' dir='ltr'>ita</span> <span class='ocrx_word' id='word_1_206' title='bbox 225 1613 437 1652; x_wconf 87' lang='lat' dir='ltr'>obscurum</span> <span class='ocrx_word' id='word_1_207' title='bbox 476 1620 555 1665; x_wconf 89' lang='lat' dir='ltr'>est,</span> <span class='ocrx_word' id='word_1_208' title='bbox 596 1619 639 1652; x_wconf 89' lang='lat' dir='ltr'>ut</span> <span class='ocrx_word' id='word_1_209' title='bbox 677 1613 723 1651; x_wconf 85' lang='lat' dir='ltr'>de</span> <span class='ocrx_word' id='word_1_210' title='bbox 757 1612 911 1652; x_wconf 85' lang='lat' dir='ltr'>Christo</span> <span class='ocrx_word' id='word_1_211' title='bbox 945 1619 983 1651; x_wconf 89' lang='lat' dir='ltr'>et</span> <span class='ocrx_word' id='word_1_212' title='bbox 1014 1615 1261 1664; x_wconf 88' lang='lat' dir='ltr'>possessione</span> <span class='ocrx_word' id='word_1_213' title='bbox 1294 1615 1378 1652; x_wconf 88' lang='lat' dir='ltr'>eius</span> <span class='ocrx_word' id='word_1_214' title='bbox 1411 1625 1472 1651; x_wconf 89' lang='lat' dir='ltr'>ec-</span> 
     </span>
     <span class='ocr_line' id='line_1_28' title="bbox 137 1670 1474 1724; baseline 0 -14"><span class='ocrx_word' id='word_1_215' title='bbox 137 1672 254 1710; x_wconf 84' lang='lat' dir='ltr'>clesia</span> <span class='ocrx_word' id='word_1_216' title='bbox 279 1675 362 1710; x_wconf 84' lang='lat' dir='ltr'>sine</span> <span class='ocrx_word' id='word_1_217' title='bbox 390 1671 581 1710; x_wconf 82' lang='lat' dir='ltr'>laboriosa</span> <span class='ocrx_word' id='word_1_218' title='bbox 608 1673 849 1722; x_wconf 84' lang='lat' dir='ltr'>expositione</span> <span class='ocrx_word' id='word_1_219' title='bbox 883 1684 959 1710; x_wconf 89' lang='lat' dir='ltr'>non</span> <span class='ocrx_word' id='word_1_220' title='bbox 994 1674 1117 1724; x_wconf 87' lang='lat' dir='ltr'>possit</span> <span class='ocrx_word' id='word_1_221' title='bbox 1148 1671 1330 1722; x_wconf 85' lang='lat' dir='ltr'>intellegi.</span> <span class='ocrx_word' id='word_1_222' title='bbox 1380 1670 1474 1709; x_wconf 84' lang='lat' dir='ltr'>Tale</span> 
     </span>
     <span class='ocr_line' id='line_1_29' title="bbox 138 1729 1472 1781; baseline -0.001 -12"><span class='ocrx_word' id='word_1_223' title='bbox 138 1732 281 1781; x_wconf 85' lang='lat' dir='ltr'>quippe</span> <span class='ocrx_word' id='word_1_224' title='bbox 314 1730 457 1780; x_wconf 81' lang='lat' dir='ltr'>ahquid</span> <span class='ocrx_word' id='word_1_225' title='bbox 492 1732 607 1768; x_wconf 79' lang='lat' dir='ltr'>etiam</span> <span class='ocrx_word' id='word_1_226' title='bbox 634 1730 820 1769; x_wconf 90' lang='lat' dir='ltr'>Dominus</span> <span class='ocrx_word' id='word_1_227' title='bbox 853 1731 935 1781; x_wconf 85' lang='lat' dir='ltr'>ipse</span> <span class='ocrx_word' id='word_1_228' title='bbox 968 1730 1078 1769; x_wconf 87' lang='lat' dir='ltr'>Iesus</span> <span class='ocrx_word' id='word_1_229' title='bbox 1110 1742 1180 1781; x_wconf 87' lang='lat' dir='ltr'>per</span> <span class='ocrx_word' id='word_1_230' title='bbox 1213 1729 1472 1780; x_wconf 80' lang='lat' dir='ltr'>evangelicam</span> 
     </span>
     <span class='ocr_line' id='line_1_30' title="bbox 136 1788 1472 1840; baseline 0 -14"><span class='ocrx_word' id='word_1_231' title='bbox 136 1789 356 1840; x_wconf 78' lang='lat' dir='ltr'>parabolam</span> <span class='ocrx_word' id='word_1_232' title='bbox 395 1789 565 1827; x_wconf 83' lang='lat' dir='ltr'>ostendit</span> <span class='ocrx_word' id='word_1_233' title='bbox 602 1788 744 1827; x_wconf 86' lang='lat' dir='ltr'>dixisse</span> <span class='ocrx_word' id='word_1_234' title='bbox 779 1788 898 1826; x_wconf 77' lang='lat' dir='ltr'>malos</span> <span class='ocrx_word' id='word_1_235' title='bbox 931 1789 1106 1827; x_wconf 84' lang='lat' dir='ltr'>colonos:</span> <span class='ocrx_word' id='word_1_236' title='bbox 1147 1788 1224 1827; x_wconf 79' lang='lat' dir='ltr'>Hie</span> <span class='ocrx_word' id='word_1_237' title='bbox 1256 1793 1313 1827; x_wconf 86' lang='lat' dir='ltr'>est</span> <span class='ocrx_word' id='word_1_238' title='bbox 1343 1789 1472 1835; x_wconf 79' lang='lat' dir='ltr'>heres,</span> 
     </span>
     <span class='ocr_line' id='line_1_31' title="bbox 66 1845 1471 1898; baseline -0.003 -10"><span class='ocrx_word' id='word_1_239' title='bbox 66 1858 111 1888; x_wconf 86' lang='lat'>30</span> <span class='ocrx_word' id='word_1_240' title='bbox 139 1851 282 1895; x_wconf 67' lang='lat' dir='ltr'>venile,</span> <span class='ocrx_word' id='word_1_241' title='bbox 323 1848 554 1886; x_wconf 71' lang='lat' dir='ltr'>occidamus</span> <span class='ocrx_word' id='word_1_242' title='bbox 595 1859 699 1898; x_wconf 86' lang='lat' dir='ltr'>eum,</span> <span class='ocrx_word' id='word_1_243' title='bbox 738 1852 775 1884; x_wconf 79' lang='lat' dir='ltr'>el</span> <span class='ocrx_word' id='word_1_244' title='bbox 803 1852 942 1885; x_wconf 77' lang='lat' dir='ltr'>nostra</span> <span class='ocrx_word' id='word_1_245' title='bbox 973 1849 1050 1886; x_wconf 76' lang='lat' dir='ltr'>eric</span> <span class='ocrx_word' id='word_1_246' title='bbox 1081 1848 1295 1885; x_wconf 77' lang='lat' dir='ltr'>hereditas.</span> <span class='ocrx_word' id='word_1_247' title='bbox 1358 1845 1471 1884; x_wconf 90' lang='lat' dir='ltr'>Item-</span> 
     </span>
     <span class='ocr_line' id='line_1_32' title="bbox 138 1905 1474 1956; baseline -0.001 -12"><span class='ocrx_word' id='word_1_248' title='bbox 138 1918 212 1956; x_wconf 86' lang='lat' dir='ltr'>que</span> <span class='ocrx_word' id='word_1_249' title='bbox 251 1906 344 1944; x_wconf 91' lang='lat' dir='ltr'>illud</span> <span class='ocrx_word' id='word_1_250' title='bbox 384 1907 422 1944; x_wconf 94' lang='lat' dir='ltr'>in</span> <span class='ocrx_word' id='word_1_251' title='bbox 462 1905 597 1943; x_wconf 89' lang='lat' dir='ltr'>eodem</span> <span class='ocrx_word' id='word_1_252' title='bbox 640 1905 756 1956; x_wconf 83' lang='lat' dir='ltr'>hhro,</span> <span class='ocrx_word' id='word_1_253' title='bbox 796 1905 897 1954; x_wconf 82' lang='lat' dir='ltr'>quod</span> <span class='ocrx_word' id='word_1_254' title='bbox 931 1906 1005 1943; x_wconf 81' lang='lat' dir='ltr'>iam</span> <span class='ocrx_word' id='word_1_255' title='bbox 1038 1910 1125 1943; x_wconf 83' lang='lat' dir='ltr'>ante</span> <span class='ocrx_word' id='word_1_256' title='bbox 1160 1905 1474 1955; x_wconf 78' lang='lat' dir='ltr'>perstrinximus,</span> 
     </span>
     <span class='ocr_line' id='line_1_33' title="bbox 137 1963 1472 2016; baseline -0.002 -13"><span class='ocrx_word' id='word_1_257' title='bbox 137 1976 226 2003; x_wconf 88' lang='lat' dir='ltr'>cum</span> <span class='ocrx_word' id='word_1_258' title='bbox 265 1976 469 2015; x_wconf 82' lang='lat' dir='ltr'>ageremus</span> <span class='ocrx_word' id='word_1_259' title='bbox 507 1963 555 2002; x_wconf 86' lang='lat' dir='ltr'>de</span> <span class='ocrx_word' id='word_1_260' title='bbox 588 1963 727 2016; x_wconf 85' lang='lat' dir='ltr'>sterili,</span> <span class='ocrx_word' id='word_1_261' title='bbox 767 1975 864 2014; x_wconf 75' lang='lat' dir='ltr'>quae</span> <span class='ocrx_word' id='word_1_262' title='bbox 897 1965 1049 2014; x_wconf 85' lang='lat' dir='ltr'>peperit</span> <span class='ocrx_word' id='word_1_263' title='bbox 1081 1969 1248 2014; x_wconf 83' lang='lat' dir='ltr'>septem,</span> <span class='ocrx_word' id='word_1_264' title='bbox 1287 1974 1364 2001; x_wconf 88' lang='lat' dir='ltr'>non</span> <span class='ocrx_word' id='word_1_265' title='bbox 1398 1963 1472 2001; x_wconf 88' lang='lat' dir='ltr'>nisi</span> 
     </span>
    </p>
   </div>
   <div class='ocr_carea' id='block_1_3' title="bbox 139 2051 1474 2144">
    <p class='ocr_par' dir='ltr' id='par_1_3' title="bbox 139 2051 1474 2144">
     <span class='ocr_line' id='line_1_34' title="bbox 231 2051 1474 2097; baseline -0.003 -9"><span class='ocrx_word' id='word_1_266' title='bbox 231 2055 266 2097; x_wconf 88' lang='grc'>6)</span> <span class='ocrx_word' id='word_1_267' title='bbox 294 2053 375 2097; x_wconf 76' lang='lat' dir='ltr'>Sap,</span> <span class='ocrx_word' id='word_1_268' title='bbox 411 2058 447 2096; x_wconf 78' lang='lat'>2,</span> <span class='ocrx_word' id='word_1_269' title='bbox 489 2057 530 2088; x_wconf 78' lang='lat'>12</span> <span class='ocrx_word' id='word_1_270' title='bbox 563 2065 639 2097; x_wconf 89' lang='lat' dir='ltr'>sqq.</span> <span class='ocrx_word' id='word_1_271' title='bbox 700 2055 758 2097; x_wconf 90' lang='lat'>13)</span> <span class='ocrx_word' id='word_1_272' title='bbox 789 2052 900 2087; x_wconf 87' lang='lat' dir='ltr'>Eccli.</span> <span class='ocrx_word' id='word_1_273' title='bbox 935 2056 996 2095; x_wconf 85' lang='lat'>36,</span> <span class='ocrx_word' id='word_1_274' title='bbox 1031 2057 1046 2086; x_wconf 92' lang='lat'>1</span> <span class='ocrx_word' id='word_1_275' title='bbox 1083 2064 1158 2095; x_wconf 88' lang='lat' dir='ltr'>sqq.</span> <span class='ocrx_word' id='word_1_276' title='bbox 1211 2054 1269 2095; x_wconf 81' lang='lat'>25)</span> <span class='ocrx_word' id='word_1_277' title='bbox 1301 2051 1405 2086; x_wconf 85' lang='lat' dir='ltr'>Prov.</span> <span class='ocrx_word' id='word_1_278' title='bbox 1442 2055 1474 2093; x_wconf 85' lang='lat'>1,</span> 
     </span>
     <span class='ocr_line' id='line_1_35' title="bbox 139 2099 883 2144; baseline -0.001 -9"><span class='ocrx_word' id='word_1_279' title='bbox 139 2105 178 2135; x_wconf 85' lang='lat'>11</span> <span class='ocrx_word' id='word_1_280' title='bbox 208 2112 283 2144; x_wconf 81' lang='lat' dir='ltr'>sqq.</span> <span class='ocrx_word' id='word_1_281' title='bbox 335 2101 393 2143; x_wconf 89' lang='lat'>30)</span> <span class='ocrx_word' id='word_1_282' title='bbox 419 2100 482 2135; x_wconf 73' lang='lat' dir='ltr'>Mt.</span> <span class='ocrx_word' id='word_1_283' title='bbox 510 2105 566 2143; x_wconf 76' lang='lat'>21,</span> <span class='ocrx_word' id='word_1_284' title='bbox 595 2103 648 2135; x_wconf 87' lang='lat'>38.</span> <span class='ocrx_word' id='word_1_285' title='bbox 701 2102 760 2142; x_wconf 87' lang='lat'>31)</span> <span class='ocrx_word' id='word_1_286' title='bbox 788 2099 823 2134; x_wconf 87' lang='lat' dir='ltr'>C.</span> <span class='ocrx_word' id='word_1_287' title='bbox 852 2103 883 2134; x_wconf 85' lang='lat'>4.</span> 
     </span>
    </p>
   </div>
   <div class='ocr_carea' id='block_1_4' title="bbox 135 2186 229 2190">
    <p class='ocr_par' dir='ltr' id='par_1_4' title="bbox 135 2186 229 2190">
     <span class='ocr_line' id='line_1_36' title="bbox 135 2186 229 2190; baseline 0 0"><span class='ocrx_word' id='word_1_288' title='bbox 135 2186 229 2190; x_wconf 95' lang='lat' dir='ltr'> </span> 
     </span>
    </p>
   </div>
   <div class='ocr_carea' id='block_1_5' title="bbox 273 2185 415 2189">
    <p class='ocr_par' dir='ltr' id='par_1_5' title="bbox 273 2185 415 2189">
     <span class='ocr_line' id='line_1_37' title="bbox 273 2185 415 2189; baseline 0 0"><span class='ocrx_word' id='word_1_289' title='bbox 273 2185 415 2189; x_wconf 95' lang='lat' dir='ltr'> </span> 
     </span>
    </p>
   </div>
   <div class='ocr_carea' id='block_1_6' title="bbox 231 2229 619 2273">
    <p class='ocr_par' dir='ltr' id='par_1_6' title="bbox 231 2229 619 2273">
     <span class='ocr_line' id='line_1_38' title="bbox 231 2229 619 2273; baseline -0.005 -9"><span class='ocrx_word' id='word_1_290' title='bbox 231 2234 249 2264; x_wconf 89' lang='grc'><strong>3</strong></span> <span class='ocrx_word' id='word_1_291' title='bbox 277 2230 354 2264; x_wconf 85' lang='lat' dir='ltr'>eius</span> <span class='ocrx_word' id='word_1_292' title='bbox 379 2229 433 2271; x_wconf 89' lang='lat' dir='ltr'>R;</span> <span class='ocrx_word' id='word_1_293' title='bbox 460 2230 573 2273; x_wconf 79' lang='lat' dir='ltr'>ipsius</span> <span class='ocrx_word' id='word_1_294' title='bbox 599 2240 619 2263; x_wconf 85' lang='lat' dir='ltr'><strong><em>v</em></strong></span> 
     </span>
    </p>
   </div>
  </div>
 </body>
</html>
