1548 2562
388 153 440 178 DE
461 153 650 178 CIVITATE
668 153 737 178 Dm
756 153 789 178 L.
809 152 891 178 xix.
911 152 941 178 o.
963 153 986 177 7.
1006 154 1031 178 8.
1291 141 1376 182 367

49 254 165 292 quam
208 254 455 292 nequaquam
498 243 600 281 sicut
642 255 706 280 res
754 241 924 292 postulat
966 241 1129 291 possim:
1173 241 1259 290 quis
1303 240 1378 278 erit

5 323 8 326 <
46 300 219 352 prolixae
245 300 518 351 disputationis
544 298 710 338 modus?
761 300 837 338 Sed
863 300 1028 350 sapienS,
1053 299 1247 349 inquiunt,
1277 299 1378 336 iusta

46 358 144 397 bella
182 364 365 409 gesturus
404 363 474 396 est.
536 358 655 403 Quasi
691 371 787 410 non,
826 359 858 396 si
890 369 932 396 se
963 357 1160 395 hominem
1191 356 1379 407 meminit,

46 416 167 455 multo
206 418 328 468 magis
366 416 511 455 dolebit
547 418 742 455 iustorum
779 417 1053 454 necessitatem
1091 414 1164 453 sibi
1204 415 1376 453 extitisse

46 475 256 527 bellorum,
293 470 384 526 quia
420 476 495 513 nisi
532 476 634 513 iusta
672 480 820 526 essent,
858 476 895 512 ei
926 473 1095 524 gerenda
1127 485 1204 511 non
1235 477 1378 523 essent,

46 546 90 572 ac
130 545 201 584 per
237 533 312 572 hoc
353 535 518 584 sapienti
560 533 663 571 nulla
703 532 803 571 bella
844 537 993 570 essent.-
1046 531 1234 581 Iniquitas
1276 532 1380 569 enim

46 593 168 643 partis
200 591 383 630 adversae
421 593 521 630 iusta
554 591 653 630 bella
679 592 826 641 ‘ingerit
857 589 1029 640 gerenda
1061 591 1242 641 sapienti,
1281 601 1379 639 quae

46 652 231 701 iniquitas
269 652 406 701 utique
443 649 590 688 homini
628 655 687 688 est
725 649 905 699 dolenda,
944 650 1033 698 quia
1069 648 1270 686 hominum
1309 653 1380 698 est,

46 710 121 747 etsi
152 708 257 747 nulla
283 721 330 747 ex
355 720 400 747 ea
431 707 599 746 bellandi
630 709 844 746 necessitas
875 712 1115 745 nasceretur.
1176 705 1279 744 Haec
1311 706 1378 744 ita-

46 779 121 817 que
154 766 252 805 mala
283 773 362 805 tam
394 779 547 816 magna,
586 772 665 805 tam
696 765 908 816 horrenda,
948 770 1027 803 tam
1060 776 1171 802 saeva
1203 765 1380 814 quisquis

47 837 136 863 cum
168 825 302 863 dolore
334 825 566 876 considerat,
597 826 794 863 miseriam
826 824 1010 874 fateatur3
1043 824 1219 873 quisquis
1251 828 1381 860 autem

46 883 106 921 vel
136 880 284 934 patitur
316 895 360 922 ea
387 885 469 921 sine
502 884 619 921 animi
651 882 783 921 dolore
815 881 875 920 vel
906 883 1060 932 cogitat,
1092 880 1213 919 multo
1244 881 1380 930 utique

46 943 229 980 miserius
265 941 352 980 ideo
390 953 432 980 se
475 947 586 992 putat
628 940 802 991 beatum,
840 941 929 989 quia
973 944 1012 977 et
1048 938 1262 977 humanum
1293 950 1379 989 per-

46 999 143 1038 didit
174 1011 343 1045 sensum.

561 1135 717 1178 CAPUT
750 1135 866 1176 VIII.

54 1223 169 1268 Quod
205 1223 383 1260 amicitia
421 1223 613 1260 bonorum
649 1232 795 1259 secura
834 1231 918 1258 esse
948 1231 1027 1257 non
1054 1220 1196 1268 possit,
1235 1220 1325 1257 dum
1359 1231 1383 1257 a

73 1282 278 1329 periculis,
310 1292 414 1328 quae
445 1280 486 1318 in
517 1281 596 1318 hac
628 1281 708 1317 vita
738 1283 840 1325 sunt,
873 1279 1075 1326 trepidari
1104 1288 1263 1316 necesse
1293 1279 1354 1316 sit.

171 1361 212 1399 Si
249 1367 379 1400 autem
418 1373 497 1399 non
537 1361 736 1410 contingat
772 1358 961 1409 quaedam
999 1360 1216 1408 ignorantia
1249 1357 1384 1396 similis

49 1420 284 1471 dementiae,
323 1431 420 1469 quae
458 1425 587 1457 tamen
624 1420 664 1457 in
702 1418 818 1456 huius
851 1419 949 1455 vitae
982 1419 1124 1455 misera
1156 1416 1383 1454 condicione

47 1490 163 1529 saepe
195 1479 397 1529 contingit,
429 1477 680 1516 ut‘credatur
705 1476 765 1514 vel
796 1477 943 1513 amicus
974 1487 1073 1526 esse,
1105 1476 1172 1525 qui
1203 1476 1384 1512 inimicus

48 1541 120 1588 est,
151 1527 211 1574 vel
243 1537 443 1587 inimicus,
475 1537 542 1586 qui
574 1537 721 1573 amicus
753 1539 831 1572 est:
863 1533 955 1584 quid
988 1545 1060 1571 nos
1091 1532 1313 1571 consolatur
1344 1534 1385 1570 in

49 1595 119 1633 hac
159 1594 327 1633 humana
370 1595 555 1633 societate
601 1592 802 1632 erroribus
843 1593 1120 1641 aerumnisque
1160 1590 1385 1641 plenissima

49 1654 124 1691 nisi
161 1653 257 1691 fides
297 1665 375 1691 non
413 1653 501 1691 ficta
526 1658 578 1692 ,et
616 1657 751 1690 mutua
792 1650 948 1688 dilectio
980 1661 1162 1687 verorum
1196 1655 1234 1687 et
1264 1648 1384 1686 bono·

49 1723 136 1750 rum
175 1708 417 1749 amicorum?
479 1710 585 1755 Quos
623 1715 767 1760 quanto
805 1708 940 1759 plures
979 1713 1017 1745 et
1054 1708 1093 1745 in
1131 1707 1226 1745 locis
1264 1706 1383 1757 pluri-

48 1769 121 1808 bus
152 1769 359 1821 habemus,
396 1774 504 1808 tanto
535 1768 688 1819 longius
720 1768 914 1817 latiusque
947 1767 1177 1816 metuimus,
1209 1777 1258 1803 ne
1292 1764 1383 1815 quid

50 1829 105 1866 eis
149 1829 347 1878 contingat
389 1827 479 1866 mali
523 1826 570 1865 de
619 1827 735 1865 tantis
778 1825 973 1864 malorum
1018 1823 1223 1874 aggeribus
1267 1822 1384 1861 huius

50 1886 205 1925 saeculi.
266 1886 352 1924 Non
387 1888 491 1924 enim
523 1884 790 1923 tantummodo
824 1883 979 1922 solliciti
1012 1894 1159 1933 sumus,
1191 1893 1239 1919 ne
1272 1881 1384 1933 fame,

49 1957 98 1983 ne
129 1944 262 1997 bellis,
300 1956 348 1983 ne
387 1944 551 1996 morbis,
591 1955 639 1982 ne
672 1941 960 1993 captivitatibus
992 1940 1231 1991 affligantur,
1263 1950 1312 1977 ne
1343 1940 1384 1977 in

51 2003 186 2041 eadem
224 2004 410 2041 servitute
449 2002 539 2041 talia
577 2003 791 2053 patiantur,
830 1999 956 2050 qualia
997 2011 1069 2037 nec
1102 2000 1272 2048 cogitare
1306 1997 1383 2036 sus-

50 2062 220 2112 ficimus3
251 2072 387 2099 verum
414 2062 541 2111 etiam,
571 2060 639 2098 ubi
665 2061 782 2098 timor
808 2064 868 2097 est
898 2057 1020 2096 multo
1052 2058 1231 2107 amarior,
1264 2067 1311 2093 ne
1344 2056 1384 2093 in

51 2119 252 2169 perfidiam
292 2119 477 2157 malitiam
521 2119 812 2168 nequitiamque
857 2120 1070 2154 mutentur.
1137 2113 1186 2151 Et
1229 2113 1383 2163 quando

52 2179 124 2215 ista
146 2178 377 2227 contingunt
397 2172 524 2229 (tanto
550 2178 686 2226 utique
714 2175 838 2227 plura,
864 2179 1008 2223 quanto
1035 2172 1089 2210 illi
1116 2176 1207 2210 sunt
1232 2167 1384 2223 plures)

145 2317 189 2347 32
215 2312 338 2356 plures
363 2322 453 2353 ‘mss;
479 2311 601 2356 plures
628 2312 665 2345 et
689 2310 728 2344 in
753 2309 920 2354 pluribus
945 2307 1035 2343 locis
1060 2318 1080 2342 v

1408 772 1449 801 10

1411 1144 1451 1174 15

1410 1482 1453 1513 20

1409 1772 1453 1803 25

1410 2063 1454 2094 30
