1611 2465
67 811 108 842 10

68 1129 108 1158 15

65 1421 109 1451 20

65 1712 108 1743 25

66 2005 110 2035 30

132 70 218 111 266
667 79 694 105 s
717 78 933 106 AUGUS'HNI

135 171 201 221 qui
227 171 362 220 utique
390 169 670 220 praecedentes
697 168 846 218 aliquos
872 169 1081 207 historicos
1113 171 1152 208 in
1185 169 1255 208 hac
1289 171 1471 221 opinione

134 230 259 267 secuti
292 235 400 279 sunt,
438 234 525 278 post
565 239 686 265 annos
724 227 888 278 amplius
928 239 1044 278 quam
1075 233 1273 266 trecentos
1305 230 1380 266 iam
1413 240 1470 267 se-

134 286 261 326 cundo
288 287 518 335 Argivorum
552 285 758 324 Phoroneo
791 298 883 336 rege
915 292 1101 337 regnante
1130 286 1251 338 Ogygi
1283 286 1471 325 diluvium

134 346 253 384 fuisse
296 350 613 383 connnemorant.
676 344 752 382 Sed
794 344 969 395 quolibet
1006 351 1181 396 tempore
1214 346 1352 397 suerit,
1396 347 1472 383 iam

133 410 263 442 tamen
289 403 461 441 Minerva
492 408 688 453 tamquam
715 403 785 441 dea
817 402 1017 442 colebatur
1048 410 1235 455 regnante
1262 404 1470 442 Athenien-

135 462 242 500 sibus
284 461 479 514 Cecrope,
523 461 595 500 sub
634 473 711 512 quo
749 474 842 512 rege
881 463 996 501 etiam
1034 464 1158 514 ipsam
1189 462 1249 501 vel
1280 464 1470 501 instaura-

134 527 211 566 tam
244 521 376 559 ferunt
407 520 466 558 vel
498 520 693 559 conditam
725 522 931 559 civitatem.

670 657 821 700 CAPUT
854 658 926 700 IX.

141 745 308 791 Quando
328 744 628 782 Atheniensium
656 745 796 781 civitas
821 745 873 781 sit
898 745 1073 791 condita,
1100 750 1137 782 et
1162 756 1281 792 quam
1307 756 1472 783 causam

454 803 623 840 nominis
654 803 739 839 elus
781 801 910 840 Varro
937 803 1161 851 perhibeat.

251 884 347 922 Nam
391 889 435 922 ut
472 883 644 921 Athenae
689 888 945 935 vocarentur,
990 884 1093 934 quod
1131 890 1237 923 certe
1279 896 1420 922 nomen
1452 896 1473 922 a

134 943 304 981 Minerva
344 948 426 994 est,
471 954 569 993 quae
610 941 755 980 Graece
783 938 935 993 Ἀθηνᾶ
973 942 1135 991 dicitur,
1180 943 1278 981 hanc
1317 954 1472 981 causam

134 1001 255 1039 Varro
281 1001 436 1039 indicat.
501 1000 597 1038 Cum
624 1002 866 1051 apparuisset
899 1001 976 1040 illic
1009 1007 1171 1052 repente
1203 1001 1323 1039 olivae
1357 1000 1473 1039 arbor

136 1066 175 1099 et
205 1060 277 1098 alio
304 1060 389 1098 loco
416 1071 514 1110 aqua
541 1061 746 1110 erupisset,
779 1071 910 1109 regem
943 1059 1119 1110 prodIgia
1150 1062 1223 1098 ista
1255 1065 1473 1111 moverunt,

137 1124 174 1157 et
212 1120 316 1156 misit
353 1118 398 1156 ad
443 1117 658 1168 Apollinem
698 1117 925 1168 Delphicum
965 1120 1203 1157 sciscitatum
1237 1118 1329 1169 quid
1361 1118 1471 1156 intel-

135 1177 342 1227 legendum
367 1182 471 1214 esset
498 1176 637 1226 quidve
658 1176 889 1214 faciendum.
928 1176 992 1215 Ille
1021 1177 1234 1228 respondit,
1260 1177 1363 1227 quod
1389 1176 1472 1215 olea

137 1236 348 1274 lllinervam
380 1235 635 1286 significaret,
676 1235 777 1272 unda
809 1234 1053 1287 Neptunum,
1092 1241 1131 1274 et
1162 1236 1264 1286 quod
1298 1240 1402 1273 esset
1432 1236 1471 1273 in

136 1295 276 1333 civium
304 1299 508 1345 potestate,
540 1305 587 1331 ex
614 1295 725 1331 cuius
757 1295 887 1344 potius
914 1295 1070 1332 nomine
1097 1294 1265 1333 duorum
1298 1294 1472 1345 deorum,

136 1365 303 1404 quorum
334 1352 398 1390 illa
431 1353 538 1402 signa
571 1357 713 1402 essent,
746 1353 880 1390 civitas
912 1358 1129 1391 vocaretur.
1191 1352 1269 1391 Isto
1302 1351 1472 1403 Cecrops

136 1411 292 1450 oraculo
332 1416 491 1461 accepto
530 1412 633 1448 cives
671 1422 805 1448 ornnes
843 1413 1050 1461 utriusque
1083 1423 1199 1450 sexus
1233 1407 1336 1464 (mos
1368 1412 1472 1449 enim

135 1476 228 1508 tunc
260 1471 299 1507 in
332 1469 479 1507 eisdem
510 1468 606 1507 locis
638 1474 732 1519 erat,
765 1474 808 1507 ut
838 1471 955 1508 etiam
986 1470 1150 1508 feminae
1182 1469 1349 1521 publicis
1382 1481 1471 1508 con-

135 1527 409 1567 sultationibus
455 1523 713 1579 interessent)
764 1527 809 1566 ad
853 1528 1059 1567 ferendum
1109 1528 1336 1579 suffragium
1380 1539 1470 1566 con-

136 1588 295 1625 vocavit.
359 1585 542 1624 Consulta
574 1587 694 1636 igitur
735 1585 983 1625 multitudine
1016 1598 1143 1625 mares
1175 1599 1246 1638 pro
1279 1586 1471 1638 Neptuno,

135 1646 301 1684 feminae
340 1657 410 1696 pro
444 1644 615 1683 Minerva
652 1644 777 1683 tulere
817 1647 1051 1697 sententias,
1085 1651 1123 1684 et
1155 1647 1243 1695 quia
1276 1657 1351 1684 una
1383 1644 1470 1696 plus

135 1706 291 1742 inventa
335 1709 394 1741 est
439 1704 694 1754 feminarum,
738 1702 909 1741 Minerva
952 1705 1055 1742 vicit.
1117 1703 1228 1742 Tunc
1266 1703 1471 1754 Neptunus

134 1764 258 1801 iratus
302 1763 461 1800 marinis
505 1761 689 1800 fluctibus
733 1761 1050 1800 exaestuantibus
1094 1768 1219 1800 terras
1263 1761 1470 1800 Athenien-

136 1823 236 1859 sium
281 1820 488 1871 populatus
534 1826 612 1870 est3
664 1822 846 1870 quoniam
892 1832 1075 1871 spargere
1120 1820 1234 1858 latius
1279 1819 1472 1870 quaslibet

136 1892 253 1929 aquas
292 1878 448 1917 difficile
487 1877 742 1916 daemonibus
780 1890 858 1916 non
897 1884 967 1916 est.
1030 1878 1150 1917 Cuius
1188 1884 1231 1916 ut
1271 1878 1470 1917 iracundia

135 1938 373 1989 placaretur,
412 1936 555 1987 triplici
594 1935 784 1987 supplicio
822 1936 915 1974 dicit
954 1936 1057 1974 idem
1095 1942 1232 1975 auctor
1270 1935 1316 1974 ab
1355 1936 1470 1975 Athe-

136 1995 338 2034 niensibus
371 1996 527 2033 affectas
560 2006 646 2033 esse
680 1994 882 2045 mulieres,
914 2000 957 2033 ut
989 1995 1093 2033 nulla
1125 1995 1290 2033 ulterius
1322 1994 1472 2033 ferrent

136 2056 341 2105 suffragia,
386 2059 429 2092 ut
472 2053 601 2092 nullus
641 2054 883 2091 nascentium
927 2059 1145 2092 maternum
1190 2065 1331 2091 nomen
1373 2055 1470 2092 acci-

134 2119 258 2164 peret,
290 2118 333 2150 ut
364 2124 412 2150 ne
446 2113 533 2162 quis
567 2123 629 2150 cas
663 2110 880 2149 Athenaeas
912 2117 1078 2150 vocaret.
1142 2112 1198 2150 Ita
1230 2111 1292 2149 illa
1325 2113 1471 2162 civitas,

230 2252 271 2282 18
298 2259 341 2282 ex
361 2259 425 2282 om.
447 2247 522 2289 R¹;
548 2248 593 2290 cf.
614 2250 700 2290 263,
726 2250 770 2288 s‚·
795 2250 882 2289 264,
907 2250 978 2288 25,·
1002 2250 1091 2290 20:5¹,
1118 2250 1184 2288 13,·
1209 2250 1300 2289 232,
1326 2249 1395 2288 24;
1421 2249 1472 2281 27
