1548 2562
440 147 492 172 DE
512 146 699 172 CIVITATE
718 147 788 172 DEI
807 147 842 172 L.
862 147 958 172 xvn.
979 147 1007 173 c.
1029 148 1070 173 20.
1331 139 1415 179 247

85 237 157 287 sit,
197 236 243 274 de
276 235 416 286 quibus
446 236 529 286 ipse
562 236 631 272 ait:
669 236 785 274 Beati
815 247 982 284 quorum
1014 238 1205 275 remissae
1235 241 1327 275 sunt
1357 239 1415 276 in-

86 296 272 343 iquitates
298 298 335 332 et
359 304 526 341 quorum
552 298 656 332 tecta
681 299 773 331 sunt
794 299 975 343 peccata.
1025 293 1117 333 Post
1145 294 1248 332 hunc
1281 307 1415 345 regna-

87 354 141 391 vit
182 352 306 390 eidem
347 350 489 402 populo
529 352 710 390 universo
750 352 932 390 Salomon
969 352 1069 390 filius
1109 354 1210 404 eius,
1249 354 1332 404 qui,
1373 359 1417 391 ut

85 422 204 462 supra
245 410 391 449 dictum
429 414 504 461 est,
548 414 658 460 patre
700 421 770 448 suo
815 412 899 448 vivo
940 412 1068 461 coepit
1108 422 1282 462 regnare.
1345 410 1415 449 Hic

86 468 198 507 honis
237 469 356 506 initiis
395 467 514 506 malos
553 468 679 506 exitus
716 467 859 506 habuit.
923 468 1073 520 Quippe
1114 469 1306 507 secundae
1339 481 1415 519 res,
1443 477 1461 508 5

86 539 183 577 quae
225 527 456 577 sapientium
497 527 644 564 animos
685 526 864 576 fatigant,
915 529 1034 575 magis
1076 527 1166 566 huic
1207 528 1416 579 offuerunt‚

87 597 201 635 quam
232 585 379 635 profuit
409 586 492 635 ipsa
523 585 727 635 sapientia,
769 586 883 623 etiam
916 597 1019 623 nunc
1051 592 1089 624 et
1121 585 1305 636 deinceps
1337 598 1414 624 me-
1443 626 1457 640 ἢ

86 642 294 694 morabilis,
320 648 358 681 et
383 647 476 681 tunc
502 642 614 692 louge
634 642 787 692 lateque
809 642 970 681 laudata.
1014 643 1273 694 Prophetasse
1300 646 1415 682 etiam

86 702 168 752 ipse
212 702 408 751 reperitur
450 702 489 739 in
534 702 614 739 suis
660 700 789 752 libris,
833 702 899 751 qui
940 707 1019 739 tres
1058 704 1206 753 recepti
1245 708 1336 740 sunt
1375 704 1415 740 in

85 760 355 798 auctoritatem
397 760 638 797 canonicam:
682 759 910 811 Proverbia‚
948 759 1192 798 ecclesiastes
1225 766 1263 798 et
1295 761 1414 798 canti·
1443 769 1485 799 10

86 829 174 856 cum
212 818 463 856 canticorum.
525 817 598 855 Alii
629 829 720 855 vero
753 817 850 868 dim,
882 829 1049 868 quorum
1082 830 1182 856 unus
1216 819 1415 870 sapiensta,

84 875 182 914 alter
220 875 506 914 ecclesiasticus
538 875 696 926 dicitur,
735 881 894 926 propter
933 876 1075 925 eloquii
1108 875 1333 915 nonnullam
1365 878 1414 915 si—

87 933 361 984 militudinem,
402 939 445 972 ut
478 933 693 971 Salomonis
725 933 920 985 dicantur,
953 933 1120 972 obtinuit
1154 934 1414 985 consuetud03

87 1004 163 1030 non
196 998 324 1030 autem
357 1003 440 1029 esse
468 993 590 1042 ipsius
622 1003 698 1029 non
731 991 908 1030 dubitant
939 991 1151 1043 doctiores3
1185 1004 1252 1030 eos
1285 998 1413 1031 tamen

85 1052 124 1088 in
157 1051 425 1088 auctoritatem
451 1051 613 1087 maxime
646 1050 895 1088 occidentalis
927 1051 1141 1100 antiquitus
1172 1052 1321 1101 recepit
1353 1063 1412 1089 ec·
1443 1059 1483 1089 15

84 1108 212 1146 clesia.
275 1107 448 1152 Quorum
492 1109 530 1145 in
570 1120 664 1159 uno,
708 1109 774 1158 qui
817 1108 1032 1159 appellatur
1076 1110 1263 1160 sapientia
1308 1108 1412 1146 Salo—

85 1167 221 1214 monis,
247 1167 374 1216 passio
396 1166 539 1204 Christi
559 1167 800 1216 apertissime
822 1166 1087 1217 prophetatur.
1138 1167 1249 1217 lmpii
1270 1168 1412 1217 quippe

84 1224 357 1263 interfectores
389 1225 472 1263 eius
504 1230 857 1263 commemorantur
889 1225 1082 1265 dicentes:
1119 1226 1412 1264 Circum-venias

84 1294 169 1321 mus
206 1285 368 1330 iustum,
413 1284 508 1330 quia
553 1285 727 1321 insuavis
770 1288 827 1321 est
866 1284 977 1322 nobis
1014 1288 1051 1322 et
1088 1286 1320 1322 contrarius
1358 1289 1415 1322 est

84 1341 270 1390 operibus
302 1343 447 1379 nostris
479 1345 515 1379 et
548 1343 781 1390 improperat
813 1343 923 1379 nobis
950 1346 1123 1390 peccata
1156 1344 1253 1389 leqe's
1286 1347 1323 1379 et
1356 1344 1412 1379 in·
1441 1350 1483 1379 20

79 1399 212 1447 famat
259 1401 299 1437 z'n
349 1411 418 1437 nos
463 1406 635 1448 peecata
685 1401 920 1448 disciplinae
969 1405 1139 1439 nostrae.
1216 1400 1417 1438 Promitte}

84 1459 292 1496 scientiam
319 1458 396 1496 Dei
418 1470 459 1495 se
483 1458 633 1496 habere
659 1462 697 1496 et
716 1460 843 1504 filium
872 1459 950 1497 Dei
973 1470 1014 1497 se
1040 1461 1227 1497 nominat.
1266 1459 1416 1496 Faetus

86 1520 143 1554 est
174 1517 285 1554 nobis
318 1518 357 1554 in
384 1517 675 1554 traductionem
706 1519 992 1564 coqitationum
1023 1521 1264 1555 nostrarum.
1313 1517 1413 1554 Gra-

85 1575 142 1612 vis
174 1579 231 1612 est
261 1575 371 1612 nobis
403 1576 520 1612 etiam
559 1576 614 1612 ad
643 1575 870 1620 videndum,
909 1577 1094 1622 quoniam
1127 1575 1327 1612 dissimilis
1358 1578 1417 1612 est

84 1633 175 1669 aliis
200 1634 280 1669 vila
307 1634 411 1670 illius
436 1637 474 1670 et
499 1634 717 1670 immutatae
742 1634 830 1670 viae
855 1634 950 1670 eius.
1000 1632 1213 1680 Tamquam
1239 1643 1416 1679 πηρασες
1441 1640 1484 1669 223

84 1691 286 1728 aestimati
308 1701 441 1728 sumus
467 1691 516 1728 ab
544 1692 619 1736 illo,
652 1694 690 1728 et
715 1691 885 1728 abstinet
909 1702 950 1729 se
975 1702 1000 1728 a
1026 1693 1098 1728 viis
1124 1692 1270 1728 nostris
1300 1691 1418 1737 quase·

84 1748 136 1785 ab
169 1749 414 1786 inmunditiis
422 1761 436 1793 ;
462 1747 650 1796 praefert
681 1750 890 1786 novissima
923 1750 1115 1787 iustorum
1147 1753 1185 1786 et
1212 1749 1416 1795 Moriatur

79 1810 239 1854 palrem
279 1806 405 1844 Deum
447 1818 489 1844 se
531 1807 689 1844 habere.
762 1806 971 1844 Videamus
1008 1818 1105 1854 erqo
1141 1808 1177 1844 si
1215 1816 1416 1844 sermones

84 1865 190 1901 illius
222 1866 309 1902 veri
337 1868 439 1911 sunt,
472 1868 511 1902 et
541 1868 768 1912 temptemus
799 1876 902 1912 quae
934 1870 1124 1903 eventura
1155 1869 1246 1902 sunt
1279 1866 1345 1910 illi,
1378 1868 1417 1902 et

82 1923 251 1960 sciemus
282 1933 385 1969 quae
421 1927 539 1960 erunt
569 1924 779 1960 novissima
812 1924 926 1961 illius.
988 1923 1034 1961 Sc*
1064 1925 1165 1960 enim
1198 1927 1254 1960 est
1288 1924 1412 1960 iustus
1439 1930 1483 1961 30

78 1981 189 2025 filius
230 1980 322 2027 Dei,
366 1982 555 2028 suscipiet
592 1982 698 2018 illum
737 1985 773 2018 et
811 1982 997 2019 liberabit
1034 1992 1121 2019 eum
1154 1980 1203 2018 de
1234 1981 1416 2018 manibus

178 2057 214 2099 2)
240 2056 296 2090 Ps.
323 2060 379 2100 31,
408 2061 435 2091 1.
486 2059 520 2099 4)
550 2060 578 2091 1.
606 2056 694 2101 fleg.
725 2061 759 2099 13
787 2061 817 2091 2.

178 2163 198 2193 4
224 2159 310 2194 uiuo
330 2159 385 2201 Ε,-
410 2160 556 2195 vivente
580 2171 601 2195 v
627 2162 639 2204 ΙΙ
667 2164 687 2195 9
713 2161 750 2195 in
774 2161 996 2196 auctoritate
1023 2160 1200 2195 canonica
1223 2172 1265 2205 y‚·
1291 2162 1327 2195 in
1353 2173 1415 2196 au-

83 2205 254 2239 ctoritate
276 2205 490 2240 eanonicam
511 2207 582 2247 A¹‚·
602 2208 646 2249 cf.
668 2210 713 2242 15
733 2209 744 2251 Η
766 2212 806 2242 19
834 2208 918 2250 quia
938 2207 993 2248 R,·
1019 2207 1193 2251 quoniam
1212 2218 1232 2241 v
1252 2209 1263 2251 ΙΙ
1282 2212 1326 2242 26
1353 2219 1413 2242 ex·

81 2251 159 2285 tim.
187 2251 351 2295 ΕΑ1129
378 2254 554 2286 euentura
578 2253 614 2286 R
645 2257 686 2287 ut
713 2254 909 2299 Cyprian.;
938 2255 1093 2288 ventura
1117 2265 1137 2288 v
1157 2255 1168 2297 ΙΙ
1188 2257 1232 2288 30
1258 2254 1334 2288 eius
1359 2265 1379 2289 v
1404 2255 1415 2299 ll

83 2301 125 2330 31
153 2296 197 2331 de
222 2297 390 2332 manibus
417 2298 472 2339 R‚·
497 2309 608 2333 manu
632 2309 653 2333 v
