1495 2489
47 759 89 788 10

47 1049 88 1079 15

48 1339 91 1370 20

50 1630 91 1660 25

51 1920 94 1951 30

116 125 199 166 130
649 133 676 158 s.
698 132 913 159 AUGUSTINJ

113 225 260 274 civitas,
293 234 389 273 quae
417 222 605 273 appellata
631 228 691 259 est
717 222 907 272 confusio,
933 222 1015 272 ipsa
1036 227 1095 259 est
1120 220 1303 272 Babylon,
1334 222 1446 259 cuius

114 281 330 320 mirabilem
345 282 677 318 constructionem
693 281 807 318 etiam
821 281 995 330 gentium
1010 279 1255 318 commendat
1274 278 1445 317 historia.

115 340 284 390 Babylon
324 340 466 389 quippe
506 340 788 388 interpretatur
833 338 1022 376 confusio.
1092 337 1202 376 Unde
1241 337 1447 388 colligitur,

113 400 307 449 gigantem
351 397 459 434 illum
503 396 676 434 Nebroth
718 397 837 434 fuisse
889 396 991 434 illius
1036 396 1301 447 conditorem,
1344 395 1447 446 quod

115 458 296 507 superius
329 455 499 493 breviter
525 455 651 493 fuerat
683 456 914 505 intimatum,
946 453 1023 501 ubi⁷
1056 466 1144 492 cum
1178 454 1224 492 de
1257 454 1320 491 illo
1354 455 1447 491 scri-

114 522 228 566 ptura
260 514 500 564 loqueretur,
532 514 584 550 ait
613 514 765 551 initium
798 514 908 563 regni
940 514 1023 550 eius
1057 513 1175 550 fuisse
1202 511 1449 562 Babylonem,

113 574 151 611 id
185 578 244 610 est
276 583 373 622 quae
407 573 606 609 civitatum
639 577 859 609 ceterarum
891 577 1046 621 gereret
1077 571 1350 621 principatum,
1383 569 1449 608 ubi

115 637 219 669 esset
256 636 452 680 tamquam
484 631 523 667 in
563 629 768 680 metropoli
799 628 1062 666 habitaculum
1102 630 1228 679 regni3
1274 629 1448 678 quamvis

114 689 287 740 perfecta
328 700 405 726 non
445 687 563 726 fuerit
606 699 731 738 usque
774 688 814 725 in
855 693 1005 725 tantum
1043 686 1220 738 modum,
1261 692 1450 737 quantum

117 746 285 798 superba
312 745 504 796 cogitabat
529 747 719 797 impietas.
780 745 875 783 Nam
908 746 1025 782 nimia
1057 744 1336 795 disponebatur
1368 744 1449 782 alti-

115 806 228 857 tudo,
267 816 364 855 quae
403 804 503 842 dicta
542 810 601 842 est
632 816 756 854 usque
788 805 828 841 in
860 802 1027 854 caelum,
1068 804 1148 840 sive
1180 804 1296 841 unius
1327 804 1450 841 turris

116 866 219 916 eius,
257 875 371 914 quam
404 864 654 913 praecipuam
687 861 946 900 moliebantur
978 863 1081 899 inter
1113 860 1224 912 alias,
1257 863 1336 899 sive
1369 873 1449 898 om-

116 925 224 961 nium
256 923 442 968 turrium,
485 933 582 971 quae
614 933 685 972 per
717 931 924 958 numerum
958 918 1192 969 singularem
1223 921 1276 957 ita
1307 920 1450 970 signifi-

116 987 223 1019 catae
256 986 365 1031 sunt,
404 985 446 1017 ut
483 979 626 1017 dicitur
665 978 775 1016 miles
819 984 857 1016 et
894 977 1174 1028 intelleguntur
1219 977 1321 1015 milia
1352 977 1450 1015 mili-

115 1046 216 1090 tum3
248 1044 292 1076 ut
318 1050 422 1088 rana,
454 1044 496 1075 ut
522 1037 692 1088 lucusta,
725 1038 779 1074 sic
806 1038 908 1074 enim
936 1036 1123 1086 appellata
1150 1042 1209 1074 est
1242 1035 1448 1074 multitudo

116 1109 298 1135 ranarum
331 1108 373 1134 ac
400 1096 641 1134 lucustarum
668 1097 707 1133 in
733 1094 867 1146 plagiS,
899 1094 1040 1144 quibus
1067 1095 1242 1144 Aegyptii
1274 1095 1451 1144 percussi

117 1161 208 1194 sunt
238 1167 309 1206 per
340 1154 509 1205 Moysen.
573 1153 673 1198 Quid
713 1159 843 1191 autem
875 1152 1023 1190 factura
1057 1153 1183 1190 fuerat
1215 1152 1382 1190 humana
1415 1157 1453 1190 et

117 1226 211 1252 vana
250 1214 537 1264 praesumptio,
582 1211 791 1249 cuiuslibet
829 1216 867 1249 et
905 1210 1189 1260 quantumlibet
1230 1211 1269 1247 in
1302 1210 1450 1248 caelum

117 1273 303 1310 adversus
336 1270 457 1308 Deum
492 1270 734 1308 altitudinem
768 1269 879 1306 molis
912 1268 1126 1319 extolleret,
1159 1269 1311 1318 quando
1344 1280 1450 1306 mon-

118 1337 176 1369 tes
226 1329 523 1367 transcenderet
572 1329 794 1374 universos‚
845 1326 998 1377 quando
1050 1328 1216 1376 spatium
1274 1326 1452 1364 nebulosi

117 1390 218 1427 aeris
251 1387 366 1425 huius
400 1384 610 1424 evaderet?
655 1385 754 1430 Quid
788 1385 956 1434 denique
989 1390 1150 1422 noceret
1183 1384 1260 1422 Deo
1294 1390 1451 1434 quanta-

117 1458 285 1496 cumque
319 1445 376 1482 vel
408 1444 592 1495 spiritalis
624 1443 682 1481 vel
715 1443 926 1493 corporalis
959 1440 1102 1480 elatio?
1134 1442 1273 1480 Tutam
1304 1454 1451 1480 veram-

117 1518 192 1556 que
225 1506 264 1542 in
298 1503 446 1541 caelum
473 1504 571 1540 viam
605 1501 762 1540 molitur
794 1500 1002 1552 humilitas,
1035 1513 1191 1538 sursum
1223 1501 1353 1538 levans
1386 1512 1454 1538 cor

118 1563 163 1601 ad
191 1562 410 1613 Dominum,
442 1572 519 1598 non
546 1566 681 1598 contra
703 1559 920 1610 Dominum,
953 1560 1054 1596 sicut
1080 1558 1208 1597 dictus
1235 1565 1294 1596 est
1320 1560 1454 1609 gigans

120 1623 193 1660 iste
232 1625 400 1659 venator
444 1624 587 1658 contra
626 1619 846 1656 Domhzum.
918 1616 1028 1662 Quod
1068 1629 1145 1655 non
1183 1616 1454 1667 intellegentes

118 1678 295 1718 nonnulli
327 1677 506 1727 ambiguo
533 1676 680 1715 Graeco
714 1676 799 1714 salsi
832 1681 934 1726 sunt,
966 1681 1009 1713 ut
1040 1687 1117 1713 non
1149 1677 1453 1725 interpretaren-

118 1744 184 1776 tur
210 1741 353 1776 comra
381 1736 601 1786 Dominum,
633 1735 700 1773 sed
727 1739 820 1772 ante
845 1734 1055 1772 Dominum
1063 1747 1078 1778 ,·
1109 1732 1285 1771 ἐναντίον
1311 1735 1453 1784 quippe

119 1801 159 1834 et
201 1800 336 1833 contra
377 1800 416 1831 et
456 1799 544 1831 ante
584 1794 784 1843 significat.
853 1791 935 1829 Hoc
973 1793 1076 1829 enim
1114 1791 1275 1829 verbnm
1315 1797 1374 1829 est
1414 1792 1454 1828 in

119 1853 285 1904 psalmo:
330 1853 382 1890 Et
414 1854 616 1900 ploremus
655 1856 747 1889 ante
788 1851 998 1887 Dominum
1039 1851 1110 1897 qui
1147 1861 1217 1887 nos
1251 1848 1373 1896 feci&
1416 1855 1455 1887 et

120 1912 194 1950 hoc
235 1910 397 1949 verbum
440 1915 500 1947 est
538 1910 653 1946 etiam
692 1910 729 1945 in
775 1907 874 1945 libro
913 1906 999 1952 lob,
1042 1906 1108 1944 ubi
1149 1908 1336 1957 scriptum
1379 1913 1454 1945 est:

122 1970 171 2008 In
199 1969 383 2017 furorem
421 1970 590 2016 erupisti
625 1972 767 2005 contra
800 1967 1020 2003 Dominum.
1085 1964 1147 2002 Sic
1180 1976 1272 2015 ergo
1304 1964 1453 2003 intelle-

219 2051 274 2089 17)
301 2045 412 2079 Exod.
435 2048 489 2086 10,
510 2048 541 2078 4.
593 2046 651 2086 25>
678 2043 765 2079 Gen.
794 2046 848 2085 10,
877 2045 908 2076 9.
959 2044 1017 2084 29)
1045 2041 1099 2075 Ps.
1128 2045 1183 2083 94,
1211 2045 1242 2076 6.
1293 2044 1352 2085 31)
1378 2041 1453 2076 Iob.

125 2098 178 2136 15,
207 2098 259 2127 13.

219 2202 234 2231 1
262 2196 359 2241 ipsa]
386 2195 458 2230 ista
491 2195 524 2228 V
546 2196 557 2239 ΙΙ
584 2199 602 2228 5
628 2194 788 2228 breuiter
813 2205 877 2229 om.
905 2192 941 2227 R
971 2194 983 2236 ΙΙ
1017 2196 1058 2226 15
1085 2192 1226 2226 locusta
1250 2203 1270 2226 v
1307 2194 1319 2236 ΙΙ
1358 2196 1398 2227 18
1425 2192 1455 2226 si

124 2243 249 2279 cuiusl.
287 2244 317 2275 V
333 2244 344 2286 ΙΙ
364 2243 543 2286 quantum
568 2241 671 2275 ualet
702 2241 736 2273 V
756 2241 955 2284 (vulyarem
980 2239 1167 2274 verborum
1192 2239 1455 2274 distinctionem

122 2291 275 2333 mutavi)
293 2291 305 2333 11
325 2294 368 2323 26
393 2288 478 2323 falsi
512 2287 673 2328 VRAR-
699 2286 844 2331 decepti
867 2297 888 2321 v
