1611 2465
129 422 149 452 5

108 716 149 745 10

109 1008 150 1038 15

107 1302 151 1332 ‘20

109 1594 151 1624 *25

107 1886 151 1916 30

178 79 259 120 182
708 90 734 114 S.
755 88 971 115 AUGUSTLNI

174 192 279 227 qaae
304 182 423 228 prius
456 179 572 227 facta
605 185 662 216 est
700 181 741 215 e'n
773 183 946 226 tempore
978 180 1177 217 Abrahae.
1239 180 1347 217 Abiit
1378 184 1508 218 autem

176 239 297 276 Isaac
318 240 374 276 ad
391 238 617 275 Ablmeleclz
649 248 783 283 reqem
810 237 1108 275 Phili-§tinorum
1141 240 1179 276 in
1217 238 1386 276 Gerara.
1430 240 1507 287 Ap-

171 299 314 346 paruit
349 302 481 334 autem
519 297 577 333 illl
608 295 798 333 Dominus
836 301 875 333 et
906 297 1027 333 dixit:
1073 297 1162 334 Noli
1192 298 1437 335 descendere
1468 299 1507 336 in

176 357 419 404 Aeyyptum;
456 355 594 392 habita
627 359 759 391 autem
790 356 830 391 ‘ln
863 359 992 400 terra,
1025 366 1142 402 quam
1175 356 1248 392 tibi
1277 356 1439 402 dixero,
1472 362 1509 394 el

176 417 304 452 incole
336 416 376 451 in
408 418 521 451 terra
541 414 641 457 ltac;
672 418 711 450 et
740 424 809 451 ero
842 418 970 451 tecum
1001 418 1040 451 et
1070 414 1302 451 benedicam
1333 418 1381 452 te.
1425 413 1511 452 Tibi

175 475 278 511 enim
310 478 348 510 et
377 473 519 510 semini
548 476 614 509 tuo
647 471 749 509 dabo
782 483 932 509 omnem
958 476 1110 509 terram
1129 473 1246 519 hanc,
1279 477 1318 509 et
1335 477 1509 511 statuam

175 535 441 569 iuramentum
479 541 623 576 meum,
666 531 774 577 quod
809 532 944 567 iuravi
974 531 1163 568 Abrahae
1196 533 1311 579 patri
1340 536 1429 576 tuo;
1472 537 1512 570 et

175 590 444 638 multiplicabo
474 600 606 627 semen
638 593 747 626 tuam
779 593 978 635 tamquam
1009 591 1143 627 stellas
1175 591 1294 636 caeli,
1337 594 1375 627 et
1406 591 1509 628 dabo

175 650 317 686 semini
342 653 408 686 tuo
434 658 584 686 omnem
610 652 761 685 terram
787 648 903 693 hanc,
928 653 966 685 et
985 648 1272 686 benedicentur
1298 650 1338 685 in
1363 651 1510 687 semine

177 713 242 745 tao
274 718 406 745 omnes
429 712 567 754 oentes
593 711 740 751 terrae,
767 717 845 753 pro
871 717 916 743 eo
941 707 1050 753 qaod
1074 707 1278 744 obaudivit
1304 707 1508 745 Abraham

171 772 292 814 paler
330 771 421 803 tuus
458 776 591 803 vocem
628 775 753 801 meam
791 769 828 801 el
860 765 1073 802 cuslode‘ve't
1099 770 1321 813 praecepta
1352 776 1440 803 mea
1472 772 1511 804 et

175 825 367 862 mandata
411 835 498 862 mea
543 828 581 861 et
623 825 926 869 iustificationes
967 834 1074 861 meas
1115 828 1154 860 et
1195 825 1370 870 leyite'ma
1410 835 1508 862 mea.

176 883 253 921 Iste
284 882 503 933 patriarcha
535 893 607 919 nec
640 893 801 919 uxorem
828 880 963 919 habuit
989 880 1101 918 aliam
1128 893 1199 918 nec
1225 881 1392 931 aliquam
1418 894 1508 920 con-

178 941 370 992 cubinam,
403 940 471 978 sed
502 941 731 991 posteritate
765 939 933 977 duorum
965 941 1209 990 geminorum
1241 952 1288 978 ex
1315 952 1392 978 uno
1419 953 1508 979 con-

178 999 313 1038 cubitu
351 1004 646 1050 procreatorum
685 1004 893 1036 contentus
934 998 1018 1036 fuit.
1079 998 1227 1036 Timuit
1264 1010 1354 1036 sane
1393 1001 1508 1038 etiam

176 1061 259 1109 ipse
291 1058 510 1109 periculum
549 1057 595 1095 de
627 1056 917 1107 pulchritudine
951 1058 1146 1108 coniugiS,
1191 1069 1280 1095 cum
1318 1056 1509 1097 habitaret

176 1119 279 1155 inter
305 1116 462 1167 alienos,
489 1116 658 1165 fecitque
687 1115 789 1165 quod
816 1120 936 1166 pater,
969 1121 1012 1153 ut
1038 1127 1122 1153 eam
1149 1127 1322 1153 sororem
1350 1115 1509 1168 diceret,

176 1181 324 1214 taceret
361 1187 542 1225 uxorem3
588 1180 671 1211 erat
708 1175 810 1211 enim
853 1175 888 1211 ei
928 1175 1147 1224 propinqua
1188 1180 1227 1212 et
1266 1180 1429 1224 paterno
1471 1181 1510 1214 et

177 1240 353 1272 materno
386 1235 590 1284 sanguine3
623 1232 689 1270 sed
717 1234 832 1270 etiam
858 1233 940 1282 ipsa
967 1231 1013 1269 ab
1041 1232 1187 1283 alienis,
1219 1234 1373 1282 cognito
1405 1233 1508 1283 quod

177 1305 275 1331 uxor
314 1299 434 1343 esset,
471 1293 612 1329 mansit
650 1293 804 1328 intacta.
866 1290 946 1328 Nec
978 1290 1064 1328 ideo
1097 1297 1226 1328 tamen
1258 1292 1376 1328 istum
1407 1294 1509 1342 patri

180 1353 263 1390 eius
296 1351 494 1402 praeferre
528 1349 727 1400 dehemus,
760 1350 849 1397 quia
875 1350 948 1387 iste
976 1349 1119 1386 nnllam
1146 1350 1327 1387 feminam
1353 1356 1509 1400 praeter

179 1422 295 1448 unam
321 1411 527 1459 coniugem
553 1414 723 1445 noverat.
767 1406 887 1445 Erant
908 1409 1011 1445 enim
1032 1407 1168 1458 procul
1188 1406 1306 1446 dubio
1325 1414 1508 1458 paternae

182 1468 272 1506 fidei
303 1475 342 1506 et
367 1467 634 1505 oboedientiae
664 1467 799 1503 merita
825 1467 987 1517 potiora,
1020 1467 1059 1503 in
1085 1472 1247 1516 tantum,
1280 1472 1323 1504 ut
1348 1474 1509 1517 propter

180 1527 291 1565 illum
329 1526 431 1564 dicat
462 1525 566 1564 Deus
603 1525 693 1563 huic
727 1537 767 1562 se
801 1525 927 1562 facere
959 1524 1059 1562 bona
1091 1536 1189 1574 quae
1221 1524 1324 1562 facit.
1385 1525 1506 1564 Bene-

180 1588 377 1632 ᾱὶεεηίαν,
408 1586 547 1634 inquit,
579 1586 619 1622 ‘ln
652 1585 799 1621 semine
831 1589 896 1621 ταο
928 1595 1060 1621 omnes
1088 1589 1226 1631 centes
1257 1588 1404 1630 terrae,
1430 1596 1509 1633 pro

177 1656 221 1683 eo
259 1646 367 1692 quod
403 1645 608 1682 obaudivit
639 1643 845 1680 Abraham
878 1648 999 1690 pater
1030 1647 1121 1680 tuus
1152 1653 1282 1680 vocem
1315 1653 1441 1680 meam
1472 1648 1511 1681 et

177 1704 389 1741 custodivit
414 1706 636 1750 praecepta
667 1712 754 1739 mea
775 1706 812 1739 et
831 1702 1023 1738 mandata
1043 1712 1130 1739 mea
1151 1706 1189 1738 et
1207 1702 1510 1747 iustificationes

176 1773 284 1799 meas
316 1766 354 1799 et
383 1762 560 1808 leqe'te'ma
592 1771 679 1797 mea
688 1773 702 1804 ,·
740 1765 779 1796 et
811 1758 883 1796 alio
916 1770 1055 1797 rursus
1087 1758 1263 1796 oraculo:
1297 1759 1382 1806 qu
1412 1771 1508 1806 sum,

177 1821 315 1871 inquit,
346 1820 454 1857 Deus
474 1819 679 1856 Abrabam
699 1819 832 1866 patris
858 1819 926 1862 lai,
959 1819 1041 1855 noll
1064 1819 1204 1855 timere
1210 1831 1225 1862 ,·
1257 1822 1386 1855 tecum
1406 1820 1509 1855 enlm

177 1890 263 1916 sum
300 1883 338 1916 et
375 1879 565 1916 benedixi
601 1882 638 1914 te
675 1881 714 1914 et
743 1876 1012 1924 multiplicabo
1043 1887 1174 1914 semen
1206 1880 1315 1913 tuum
1342 1881 1510 1924 propter

178 1938 382 1974 Abraham
409 1941 568 1985 patrem
597 1940 728 1979 taum;
759 1939 801 1971 ut
827 1933 1096 1983 intellegamus
1123 1945 1238 1983 quam
1265 1940 1369 1971 caste
1391 1933 1509 1972 Abra-

177 1994 265 2032 ham
298 1995 451 2045 fecerit,
490 1993 591 2044 quod
631 1991 852 2030 hominibus
890 1992 1086 2042 inpudicis
1118 1998 1157 2029 et
1188 1993 1383 2041 nequitiae
1417 2003 1509 2030 suae

274 2085 329 2125 12)
357 2083 443 2117 Gen.
471 2087 527 2126 26,
555 2088 572 2116 1
599 2093 676 2126 sqq.
728 2083 784 2121 31)
812 2081 900 2115 Gen.
928 2085 983 2123 26,
1009 2085 1064 2115 24.

273 2215 315 2245 18
341 2215 379 2245 et
410 2211 502 2255 pah]
535 2212 573 2244 et
597 2221 662 2245 om.
687 2221 708 2243 v
738 2212 751 2253 u
791 2213 830 2244 19
858 2209 988 2243 alienis
1021 2209 1262 2251 VAFPa2-r.;
1295 2209 1511 2254 alienigenis

176 2258 233 2292 Rv
252 2260 264 2302 fl
283 2261 327 2291 ⁶20
352 2269 442 2292 uxor
468 2258 545 2291 eius
569 2268 590 2291 v
