1495 2489
20 854 60 883 10

21 1145 62 1176 15

20 1438 63 1468 20

22 1730 65 1760 25

23 2022 67 2052 30

84 93 105 133 7
112 93 137 133 6
626 99 891 127 S.AUGUST1N1

84 192 124 229 Si
145 203 237 242 ergo
263 191 521 229 humanarum
547 191 713 227 vitarum
734 189 1023 240 diuturnitates,
1057 201 1151 239 quas
1173 189 1324 239 experti
1344 200 1423 227 non

83 262 236 296 sumus,
269 249 383 287 hodie
416 248 559 286 habere
593 247 811 286 creduntur
843 249 1038 297 incognita
1071 247 1183 285 nobis
1215 247 1319 298 loca,
1351 259 1424 285 cur

83 320 162 346 non
199 308 380 346 habuisse
424 306 634 345 credantur
673 311 712 344 et
750 304 953 357 tempora?
1014 306 1071 344 An
1111 318 1203 344 vero
1237 304 1422 344 credibile

85 373 145 405 est
177 366 319 404 alicubi
358 377 443 403 esse
478 365 581 414 quod
613 364 676 402 hic
708 376 787 402 non
819 371 894 415 est,
933 370 972 403 et
1004 363 1233 402 incredibile
1268 370 1328 403 est
1359 363 1424 402 ali-

87 424 240 476 quando
274 425 394 462 fuisse
427 423 530 474 quod
563 435 666 461 nunc
699 435 777 461 non
809 421 897 461 est?

636 559 791 602 CAPUT
815 559 866 602 X.

116 647 176 685 De
208 646 459 693 differentia,
498 657 578 693 qua
610 647 715 683 inter
746 645 953 683 Hebraeos
984 649 1023 683 et
1052 650 1207 683 nostros
1239 647 1398 684 codices

328 706 515 743 videntur
547 715 745 742 annorum
776 705 934 741 numeri
965 705 1184 742 dissonare.

206 786 398 831 Quocirca
436 786 510 824 etsi
547 786 650 823 inter
682 784 880 823 Hebraeos
919 790 957 823 et
995 791 1151 823 nostros
1192 785 1346 823 codices
1379 785 1426 823 de

87 846 172 896 ipso
220 856 384 883 numero
429 855 620 882 annorum
670 843 853 882 nonnulla
907 843 1062 881 videtur
1105 855 1190 881 esse
1235 843 1428 895 distantia,

87 903 191 954 quod
222 905 360 954 ignoro
387 914 463 952 qua
494 904 643 940 ratione
670 903 720 940 sit
751 902 913 940 factum:
947 914 1024 940 non
1056 907 1184 940 tamen
1218 908 1323 941 tanta
1356 908 1428 954 est,

87 967 131 1001 ut
167 961 252 1000 illos
291 961 468 999 homines
507 966 585 999 tam
625 960 831 1011 longaevos
869 961 990 998 fuisse
1024 960 1266 999 dissentiant.
1330 960 1427 999 Nam

87 1022 171 1071 ipse
209 1020 324 1058 homo
363 1021 514 1070 primus
546 1019 686 1070 Adam,
731 1024 937 1069 antequam
970 1020 1149 1069 gigneret
1180 1019 1322 1071 filium,
1362 1020 1428 1070 qui

89 1084 148 1118 est
174 1078 389 1129 appellatus
418 1078 524 1129 Seth,
556 1077 745 1116 ducentos
772 1079 929 1127 triginta
956 1079 1097 1115 vixisse
1125 1089 1247 1115 annos
1280 1079 1427 1128 reperi-

88 1143 153 1176 tur
191 1139 230 1175 in
269 1136 470 1175 codicibus
507 1138 669 1187 nostris,
706 1137 745 1173 in
778 1135 966 1174 Hebraeis
1007 1141 1137 1174 autem
1169 1142 1329 1174 centum
1360 1137 1427 1174 tri-

88 1198 193 1246 ginta
218 1195 465 1246 perhibetur3
498 1194 563 1233 sed
591 1200 727 1245 postea
759 1207 872 1245 quam
906 1206 995 1232 eum
1028 1196 1173 1246 gennit,
1205 1196 1427 1245 septingen-

89 1260 149 1293 tos
187 1255 327 1292 vixisse
366 1253 508 1303 legitur
546 1254 586 1291 in
624 1254 786 1304 nostris,
827 1254 1071 1303 octingentos
1115 1264 1206 1290 vero
1247 1255 1287 1291 in
1331 1252 1428 1304 illis3

89 1318 205 1363 atque
237 1314 290 1350 ita
320 1314 360 1350 in
394 1313 572 1361 utrisque
610 1313 873 1350 universitatis
906 1323 1056 1349 summa
1089 1311 1310 1349 concordat.
1373 1312 1427 1350 Ac

89 1370 229 1409 deinde
262 1383 332 1421 per
365 1376 651 1420 consequentes
693 1371 964 1420 generationes
996 1376 1203 1420 antequam
1235 1371 1428 1422 gignatur,

91 1431 157 1480 qui
198 1431 303 1480 gigni
347 1435 694 1480 commemoratur,
737 1430 866 1467 minus
908 1429 1047 1466 vixisse
1086 1428 1187 1478 apud
1228 1427 1429 1467 Hebraeos

90 1494 202 1539 pater
234 1489 318 1526 eius
356 1488 554 1525 invenitur
586 1493 743 1525 centum
776 1499 916 1538 annos3
954 1486 1022 1524 sed
1054 1492 1189 1537 postea
1222 1498 1338 1537 quam
1370 1492 1430 1525 est

91 1548 246 1597 genitus
285 1545 388 1584 idem
425 1547 530 1597 ipse,
568 1551 725 1583 centum
765 1547 894 1583 minus
933 1556 1049 1595 quain
1080 1547 1119 1583 in
1152 1544 1340 1583 Hebraeis
1372 1546 1428 1583 in-

91 1607 302 1643 veniuntur
343 1606 384 1642 in
425 1605 588 1655 nostris3
626 1609 740 1654 atque
780 1605 832 1642 ita
876 1609 915 1642 et
954 1603 1044 1641 hinc
1085 1609 1123 1642 et
1154 1603 1243 1641 inde
1277 1605 1430 1642 numeri

92 1665 326 1702 universitas
354 1668 553 1701 consonat.
603 1662 645 1700 In
673 1668 779 1700 sexta
805 1668 936 1700 autem
961 1663 1210 1712 generatione
1238 1674 1429 1713 nusquam

93 1723 251 1772 utrique
284 1721 439 1759 codices
466 1721 700 1771 discrepant.
762 1720 805 1758 In
838 1722 1001 1771 septima
1034 1732 1138 1772 vero,
1169 1720 1236 1758 ubi
1269 1720 1331 1759 ille
1364 1722 1432 1771 qui

93 1786 206 1819 natus
244 1786 304 1818 est
340 1779 476 1818 Enoch
519 1791 596 1817 non
637 1784 836 1830 mortuus,
879 1778 947 1817 sed
987 1779 1089 1828 quod
1121 1778 1201 1817 Deo
1240 1778 1432 1829 placuerit

92 1838 303 1877 translatus
343 1849 428 1876 esse
461 1843 663 1889 narratur,
707 1837 841 1875 eadem
873 1837 1110 1874 dissonantia
1143 1842 1219 1888 est,
1261 1849 1358 1887 quae
1390 1839 1431 1875 in

93 1896 364 1947 superioribus
397 1897 569 1947 quinque
602 1895 648 1933 (le
682 1901 838 1933 centum
871 1896 982 1932 annis
1014 1900 1222 1944 antequam
1254 1897 1433 1945 gigneret

94 1968 201 2007 eum,
240 1956 307 2005 qui
339 1954 392 1992 ibi
425 1959 750 1992 commemoratus
784 1959 859 2004 est,
892 1953 1031 2004 filium,
1063 1959 1178 2003 atque
1210 1955 1249 1991 in
1283 1965 1432 1992 summa

95 2013 230 2052 similis
270 2014 534 2051 consonantia.
596 2011 698 2050 Vixit
741 2013 845 2049 enim
877 2023 1019 2063 annos,
1059 2017 1265 2061 antequam
1307 2018 1431 2050 trans-

192 2115 247 2157 16)
274 2113 362 2148 Gen.
391 2117 422 2156 5,
449 2118 469 2148 3
497 2114 565 2148 etc.

192 2270 235 2299 23
263 2266 300 2299 et
324 2264 409 2299 hinc
435 2264 526 2306 RF3
553 2265 589 2298 et
614 2274 679 2300 om.
714 2264 802 2298 VAv
822 2265 834 2308 ΙΙ
854 2268 897 2298 29
925 2265 1034 2308 atque
1060 2264 1112 2298 ita
1138 2264 1176 2298 in
1201 2275 1221 2299 v
