1548 2562
377 164 429 188 DE
449 162 639 189 CIVITATE
660 163 729 188 DEI
747 163 780 188 1,.
800 164 881 188 XVI.
901 163 929 188 c.
950 165 991 188 14.
1012 164 1053 189 15.
1304 153 1385 193 149

56 252 214 290 ducenti
253 253 444 302 quinque,
481 251 534 289 ibi
567 252 822 303 conpleverit3
860 252 1030 302 alioquin
1062 253 1260 290 nescietur
1293 257 1387 302 quot

55 322 176 348 annos
221 311 360 348 vixerit
403 309 549 361 Thara,
594 312 775 360 quoniam
820 322 897 359 non
941 310 1082 360 legitur
1127 315 1245 360 quoto
1287 322 1386 347 311110

57 370 153 407 vitae
181 380 272 406 suae
299 370 339 406 in
367 367 539 406 Chai-ran
566 369 732 419 venerit3
766 374 803 406 et
830 368 1041 406 absurdum
1074 374 1132 406 est
1165 369 1386 406 existimare

54 428 93 464 in
125 427 198 464 ista
236 427 336 464 serie
375 427 687 476 generationum,
727 426 791 465 ubi
823 426 1029 476 diligenter
1061 431 1388 464 commemoratur

55 490 151 534 quot
183 496 303 522 annos
336 486 502 534 quisque
534 485 690 536 vixerit,
731 484 847 522 huius
879 485 998 522 solius
1030 497 1238 523 numerum
1270 497 1386 523 anno-

54 555 141 581 rum
167 544 266 581 vitae
293 554 370 580 non
398 542 710 580 commendatum
737 555 822 581 esse
856 544 1077 581 memoriae.
1141 543 1252 588 Quod
1285 545 1389 581 enim

54 600 316 652 quorundam,
356 613 454 650 quos
487 601 621 639 eadem
652 602 845 651 scriptura
877 607 1171 652 commemorat,
1210 607 1389 640 tacentur
1442 645 1446 649 ,

54 660 155 710 anni,
188 670 265 696 11011
298 664 389 697 sunt
420 660 460 697 in
491 659 565 697 hoc
597 658 746 710 ordine,
778 661 817 697 in
851 671 926 709 quo
960 665 1179 709 temporum
1212 659 1387 698 dinume-

54 718 152 754 ratio
180 716 406 754 decessione
432 718 672 767 gignentium
701 722 738 755 et
763 719 984 767 genitorum
1017 719 1265 756 successione
1299 730 1387 756 con-

54 776 209 813 texitur.
271 774 347 813 Iste
386 781 516 813 autem
553 775 667 826 ordo,
705 777 771 825 qui
815 775 996 825 dirigitur
1035 775 1080 813 ab
1113 776 1232 813 Adam
1263 788 1388 826 usque

54 833 100 870 ad
126 832 208 870 Noe
241 838 279 871 et
305 833 394 870 inde
420 845 545 883 usque
578 833 624 871 ad
650 833 853 885 Abraham,
885 835 967 871 sine
1000 845 1164 871 numero
1198 846 1388 872 annorum

55 892 153 929 vitae
187 902 278 929 suae
311 893 506 930 neminem
540 893 725 930 continet.

585 1051 739 1093 CAPUT
767 1052 859 1093 XV.

56 1137 115 1174 De
153 1140 327 1184 tempore
358 1135 624 1184 profectionis
657 1138 862 1183 Abrahae,
901 1148 980 1184 qua
1018 1139 1235 1175 secundnm
1268 1150 1388 1186 prae-

383 1199 535 1243 ceptum
568 1195 646 1233 Dee·
675 1197 774 1232 exiit
805 1197 854 1233 de
890 1196 1060 1233 Charra.

173 1275 284 1320 Quod
317 1287 407 1313 vero
441 1281 740 1313 commemorata
774 1282 897 1314 morte
924 1276 1085 1328 Tharae,
1117 1278 1238 1327 patris
1270 1277 1387 1315 Abra-

54 1333 159 1384 ham,
198 1332 336 1371 deinde
369 1333 528 1383 legitur:
568 1334 619 1371 Et
656 1336 759 1372 discit
790 1335 898 1373 Deus
936 1336 992 1373 ad
1022 1335 1190 1373 Abram:
1228 1336 1311 1373 Exi
1341 1338 1389 1374 de

55 1396 168 1430 terra
207 1396 276 1430 tua
314 1396 353 1430 et
389 1393 437 1430 de
474 1394 712 1440 comatione
749 1398 819 1431 tua
858 1398 896 1431 et
933 1395 981 1431 de
1020 1395 1132 1431 domo
1165 1396 1298 1442 patris
1331 1396 1392 1432 tui

55 1455 94 1488 et
126 1455 273 1500 cetera,
311 1462 405 1501 non,
447 1451 535 1500 quia
569 1450 641 1488 1100
674 1452 852 1500 sequitur
883 1452 923 1489 in
955 1463 1135 1489 sermone
1168 1451 1275 1503 libri,
1314 1451 1388 1490 hoc

55 1509 170 1546 etiam
215 1509 254 1545 in
299 1520 431 1546 rerum
472 1514 670 1558 gestarum
713 1514 889 1560 tempore
938 1511 1048 1560 sequi
1089 1510 1388 1548 existimandum

56 1571 125 1604 est.
187 1565 272 1604 Erit
310 1568 472 1618 quippe,
516 1568 548 1604 si
586 1568 637 1605 ita
676 1572 751 1618 est,
788 1567 1006 1606 insolubilis
1046 1570 1234 1617 quaestio
1295 1568 1390 1607 Post

54 1624 149 1662 haec
181 1625 284 1663 0111111
315 1624 432 1662 verba
464 1624 551 1676 Dei,
584 1637 681 1675 quae
715 1625 759 1662 ad
793 1625 985 1663 Abraham
1018 1626 1116 1664 sacta
1150 1631 1261 1677 sunt,
1294 1628 1387 1664 scri-

54 1688 168 1733 ptura
201 1684 255 1720 sic
288 1682 477 1733 loquitur:
510 1683 561 1720 Et
592 1686 691 1721 exiit
722 1684 883 1731 Abram,
916 1695 1030 1731 quem
1062 1685 1118 1722 ad
1147 1685 1303 1723 modum
1335 1687 1387 1722 lo-

55 1746 170 1780 culus
214 1745 271 1779 est
308 1743 347 1779 ei
382 1742 592 1788 Dominus,
637 1746 674 1779 ec
711 1742 810 1779 abiit
853 1753 943 1780 eum
982 1754 1025 1780 eo
1066 1742 1176 1780 Loth.
1239 1744 1389 1781 Abram

55 1804 187 1837 autem
225 1804 315 1837 erat
351 1802 525 1847 quinque
563 1804 601 1837 et
630 1802 884 1848 septuceyz'nta
917 1812 1130 1847 annorum,
1170 1812 1259 1839 cum
1291 1803 1391 1839 exiit

54 1870 106 1896 ex
142 1857 312 1895 Charra.
375 1857 460 1902 Quo
498 1857 613 1895 modo
652 1863 780 1907 potest
818 1858 891 1896 hoc
925 1870 1009 1896 esse
1042 1870 1196 1909 verum,
1237 1860 1269 1897 si
1300 1865 1389 1910 post

55 1920 220 1954 mortem
264 1916 387 1966 patris
431 1917 490 1953 sui
535 1917 627 1953 exiit
672 1916 718 1953 de
764 1914 937 1954 Charra?
996 1916 1091 1955 Cum
1137 1918 1240 1954 enim
1285 1923 1390 1955 essct

54 1973 179 2012 Thara
217 1976 459 2024 septuaginta
499 1985 707 2025 annorum,
752 1976 852 2012 sicut
895 1987 1012 2025 supra
1054 1976 1274 2013 intimatum
1318 1981 1388 2027 est,

147 2076 206 2118 26)
233 2074 320 2108 Ge'n.
351 2078 403 2117 12,
433 2078 449 2108 1
478 2085 548 2117 sq.;
576 2078 609 2109 4.

149 2183 166 2213 1
205 2178 408 2213 nesciretur
444 2189 464 2212 v
495 2179 507 2221 fl
538 2182 557 2212 3
597 2178 751 2213 charran
785 2180 940 2223 (carran)
980 2178 1163 2222 VRWOE
1184 2182 1283 2222 (147,
1309 2184 1385 2222 14st

53 2225 229 2260 Charram
253 2236 273 2259 v
298 2226 310 2269 ΙΙ
335 2229 355 2259 9
381 2224 600 2259 discessione
626 2225 662 2259 R
686 2227 698 2268 ΙΙ
727 2229 766 2258 17
796 2225 884 2260 deus
918 2225 1002 2267 VL,·
1028 2226 1196 2260 dominus
1223 2227 1279 2261 Ην
1304 2228 1316 2270 Η
1341 2228 1387 2260 ad

52 2283 117 2363 ἐξῇ.
141 2271 184 2352 ἐξ
203 2272 284 2352 11324
311 2271 344 2306 ei
377 2271 461 2313 VL;
491 2271 547 2304 illi
571 2271 628 2305 Rv
653 2273 665 2315 ΙΙ
691 2272 770 2306 loth
795 2271 831 2306 R
851 2273 1077 2317 plerumque,
1111 2273 1144 2306 V
1165 2284 1268 2318 saepe
1294 2275 1306 2317 Η
1343 2278 1386 2307 26

1417 784 1458 814 10

1415 1519 1459 1549 20

1415 1808 1458 1839 25
