1611 2465
70 764 110 792 10

70 1055 110 1084 15

69 1638 88 1668 [Φ

93 1638 111 1669 ει

70 2046 114 2077 30

142 129 188 136 ..r-

139 129 223 170 008
686 135 712 161 s.
732 135 949 161 AUGUSTINI

139 239 233 266 rena
272 225 449 265 animalia
486 225 728 263 nesciremus
769 223 959 275 nobisque
1001 225 1177 264 futurum
1209 237 1295 264 esse
1328 225 1478 265 dicere-

139 292 224 337 tur,
268 291 312 324 ut
355 284 522 322 terrenis
568 282 799 334 corporibus
847 282 1062 321 animandis
1111 284 1277 334 quodam
1320 285 1476 324 vinculo

140 343 305 382 mirabili
332 348 598 381 necteremur:
631 353 760 380 nonne
787 341 908 380 multo
942 342 1083 380 fortius
1114 348 1477 393 argumentaremur

139 403 177 441 id
211 402 371 440 credere
405 405 634 439 recusantes
667 405 706 438 et
738 399 958 439 diceremus
991 406 1169 439 naturam
1201 413 1278 439 non
1311 403 1402 454 pati,
1433 407 1479 440 ut

139 473 202 499 res
234 462 467 510 incorporea
498 458 707 509 ligamento
740 470 930 510 corporeo
963 456 1206 498 vinciretur?
1268 459 1316 498 Et
1347 466 1476 499 tamen

138 519 250 570 plena
283 523 342 556 est
374 523 478 557 terra
511 516 781 568 vegetantibus
807 519 945 556 animis
978 517 1072 556 haec
1104 517 1278 556 membra
1311 524 1478 570 terrena,

139 579 236 616 miro
279 576 352 615 sibi
394 576 507 615 modo
549 588 695 614 conexa
737 581 775 614 et
815 575 1013 627 implicita.
1085 575 1164 615 Cur
1205 588 1298 627 ergo
1341 577 1477 615 eodem

138 636 290 674 volente
329 634 427 686 Deo,
466 636 532 685 qui
564 635 657 673 fecit
688 633 761 672 hoc
794 634 951 686 animal,
990 646 1067 673 non
1099 636 1244 685 poterit
1274 640 1478 674 terrenum

138 706 282 746 corpus
314 695 353 732 in
387 693 553 732 caeleste
587 705 729 744 corpus
762 693 901 744 attolli,
947 694 979 731 si
1011 694 1162 731 animus
1194 695 1300 732 omni
1332 705 1376 732 ac
1407 705 1479 745 per

137 754 211 791 hoc
249 754 362 791 etiam
404 752 562 790 caelesti
607 763 770 802 corpore
809 751 1082 802 praestabilior
1119 757 1277 790 terreno
1323 753 1479 803 corpori

137 813 264 863 potuit
302 808 484 861 inligari?
545 811 603 848 An
641 815 798 848 terrena
835 809 1026 861 particula
1064 815 1141 849 tam
1182 812 1320 861 exigua
1350 812 1480 862 potuit

138 870 282 921 aliquid
310 869 467 908 caelesti
493 880 658 920 corpore
686 868 824 907 melius
857 868 957 919 apud
991 881 1032 906 se
1064 874 1212 921 tenere,
1245 874 1288 907 ut
1319 881 1480 907 sensum

138 928 301 967 haberet
333 933 371 966 et
402 929 536 979 vitam,
578 933 617 966 et
655 938 740 965 eam
772 928 1007 966 sentientem
1039 932 1154 978 atque
1187 929 1381 966 viventem
1413 927 1477 966 de-

139 986 362 1038 dignabitur
406 986 556 1024 caelum
595 987 796 1036 suscipere
841 991 907 1024 aut
953 992 1173 1036 susceptam
1216 998 1293 1024 non
1334 987 1480 1037 poterit

139 1047 354 1096 sustinere,
393 1056 481 1083 cum
514 1044 561 1082 de
596 1056 637 1082 re
671 1045 813 1082 sentiat
845 1049 883 1082 et
914 1045 1015 1082 vivat
1046 1045 1119 1082 ista
1150 1044 1330 1095 meliore,
1363 1056 1479 1095 quam

139 1110 198 1143 est
230 1115 373 1154 corpus
406 1114 520 1140 omne
560 1100 756 1141 caeleste?
819 1101 895 1140 Sed
927 1102 1013 1140 ideo
1048 1114 1151 1140 nunc
1184 1114 1262 1140 non
1295 1103 1356 1154 fit,
1390 1103 1480 1153 quia

138 1161 313 1201 nondum
340 1167 399 1200 est
424 1167 580 1212 tempus
613 1173 689 1211 quo
721 1160 760 1198 id
792 1161 877 1198 fieri
911 1160 1040 1212 voluit,
1073 1162 1140 1210 qui
1171 1160 1257 1213 hoc,
1290 1161 1392 1211 quod
1426 1162 1478 1199 vi-

139 1220 265 1259 dendo
303 1221 378 1258 iam
416 1219 543 1271 viluit,
581 1218 704 1257 multo
741 1217 958 1257 mirabilius
997 1231 1112 1269 quam
1143 1218 1256 1271 illud,
1295 1219 1398 1270 quod
1433 1218 1479 1257 ab

138 1281 224 1318 istis
256 1290 335 1316 non
368 1278 560 1327 creditur,
592 1278 695 1315 fecit.
758 1276 837 1316 Cur
868 1278 972 1315 enim
1004 1289 1082 1315 non
1115 1277 1385 1316 vehementius
1416 1277 1480 1315 ad-

139 1339 327 1375 miramur
373 1337 627 1387 incorporeos
675 1337 844 1387 animos,
885 1334 1043 1373 caelesti
1087 1347 1251 1386 corpore
1293 1337 1478 1388 potiores,

139 1396 308 1434 terrenis
349 1394 502 1445 inligari
549 1393 780 1445 corporibus
822 1405 938 1444 quain
982 1405 1147 1444 corpora
1187 1393 1279 1433 licet
1321 1399 1478 1433 terrena

139 1453 297 1493 sedibus
342 1453 516 1503 quamvis
561 1451 811 1504 caelestibus,
853 1458 982 1490 tamen
1024 1453 1224 1503 corporeis
1266 1451 1479 1503 sublimari,

139 1513 215 1551 nisi
256 1512 345 1562 quia
385 1511 459 1549 hoc
500 1510 631 1549 videre
677 1511 950 1549 consuevimus
992 1515 1032 1548 et
1069 1510 1143 1548 hoc
1185 1523 1340 1563 sumus,
1383 1511 1479 1549 illud

139 1583 230 1609 vero
264 1569 438 1608 nondum
471 1581 606 1608 sumus
639 1581 711 1607 nec
743 1567 949 1619 aliquando
983 1567 1107 1606 adhuc
1140 1567 1334 1608 vidiinus?
1382 1569 1479 1608 Nam

138 1629 316 1680 profecto
356 1627 485 1666 sobria
524 1629 674 1666 ratione
715 1627 893 1666 consulta
939 1626 1190 1665 mirabilioris
1232 1639 1318 1666 esse
1359 1627 1480 1666 divini

140 1688 269 1738 operis
307 1688 505 1737 reperitur
543 1685 855 1737 incorporalibus
897 1684 1114 1736 corporalia
1155 1687 1322 1736 quodam
1364 1686 1478 1724 modo

140 1751 312 1784 attexere
352 1756 466 1795 quam
505 1744 596 1792 licet
634 1744 803 1796 diversa,
841 1745 931 1794 quia
963 1743 1025 1781 illa
1058 1743 1255 1796 caelestia,
1297 1746 1371 1783 ista
1402 1750 1478 1783 ter-

140 1805 292 1854 restria,
324 1808 453 1841 tamen
486 1814 650 1853 corpora
682 1807 720 1840 et
752 1814 916 1852 corpora
949 1801 1142 1852 copulare.

690 1949 844 1992 CAPUT
870 1950 921 1992 V.

142 2038 201 2075 De
233 2038 533 2076 resurrectione
571 2037 720 2081 carnis,
761 2046 879 2082 quam
913 2036 1074 2082 quidam
1111 2036 1257 2073 mundo
1292 2037 1480 2075 credente

665 2105 742 2131 non
775 2094 956 2131 credunt.

261 2175 363 2213 Sedli
397 2186 442 2213 oc
468 2174 695 2213 incredibile
722 2174 841 2212 suerit
869 2173 1093 2224 aliquando:
1125 2185 1215 2212 ecce
1248 2175 1323 2212 iam
1356 2175 1479 2213 credi-

142 2234 198 2272 (lit
229 2233 398 2271 mundus
432 2232 627 2271 sublatum
659 2238 862 2271 terrenum
888 2231 1032 2270 Christi
1065 2244 1208 2282 corpus
1240 2233 1280 2270 in
1313 2233 1479 2285 caelum;

143 2292 475 2330 resurrectionem
514 2292 642 2329 carnis
681 2295 720 2328 et
760 2291 1029 2328 ascensionem
1061 2291 1100 2328 in
1134 2302 1323 2340 supernas
1355 2291 1480 2343 sedes,
