1611 2465
100 832 143 862 10

100 1172 143 1204 15

98 1468 144 1498 20

99 1762 142 1794 25

100 2055 144 2086 30

171 103 259 143 444
705 112 733 138 s.
753 111 971 139 Anensnm

170 214 284 241 mare
325 204 493 240 vitreum
537 204 664 240 simile
708 204 910 251 crystallo.
974 202 1049 241 Sed
1093 209 1185 242 tunc
1227 216 1304 242 non
1346 204 1394 243 de
1435 206 1511 244 isto

171 262 246 299 fine
280 260 426 299 saeculi
458 259 703 312 loquebatur,
736 273 808 299 nee
840 263 998 312 proprie
1035 261 1179 301 dixisse
1206 263 1361 302 videtur
1393 275 1511 316 mare,

171 320 238 358 sed
279 325 481 367 tamquam
519 330 643 358 mare.
706 319 890 365 Quamvis
922 326 961 358 et
992 333 1114 372 nune,
1154 323 1256 360 sicut
1289 327 1390 360 amat
1420 334 1509 373 pro-

170 378 326 430 phetica
368 377 513 416 locutio
558 379 728 429 propriis
774 378 902 417 verbis
941 380 1126 418 translata
1165 382 1331 419 miseere
1371 393 1414 419 ac
1456 382 1512 420 sic

170 436 337 488 quodam
370 436 485 475 modo
511 436 639 475 velare
667 437 771 488 quod
803 437 959 491 dieitur,
990 440 1119 490 potuit
1150 439 1196 477 de
1229 439 1293 477 illo
1326 442 1423 478 mari
1456 440 1512 478 di-

171 508 279 534 cere:
319 496 372 533 Et
407 507 520 534 mare
561 498 641 534 iam
679 508 757 535 non
789 501 863 548 est,
907 497 953 535 de
988 499 1064 548 quo
1098 510 1216 549 supra
1248 498 1416 537 dixerat:
1460 499 1514 537 Et

170 556 355 594 exhibuit
378 559 554 594 mortuos
579 566 703 603 mare,
736 557 807 603 que·
831 557 871 594 in
903 567 948 595 eo
980 562 1108 595 erant.
1171 557 1251 595 lam
1283 559 1386 595 enim
1419 563 1512 596 tunc

169 625 247 652 non
296 615 372 651 erit
415 613 489 651 hoe
533 613 733 652 saeculum
777 615 853 652 vita
896 615 1119 653 mortalium
1164 615 1436 655 turbulentum
1475 622 1513 655 et

168 672 447 723 procellosum,
480 672 583 723 quod
616 674 735 711 maris
767 674 923 711 nomine
956 674 1145 724 figuravit.

678 821 834 865 CAPUT
866 823 1004 866 XVII.

282 909 343 947 De
375 910 570 948 eeclesiae
599 911 897 957 qlorifieatz'one
927 911 1013 948 sine
1040 911 1124 957 fine
1149 915 1241 959 post
1267 913 1399 958 finem.

289 991 342 1028 Et
367 993 579 1038 civitatem,
605 992 744 1042 inquit,
770 984 957 1039 maenam
983 992 1237 1031 Hierusalem
1263 1005 1404 1032 novam
1431 996 1515 1033 vz'dz'

171 1051 475 1088 descendentem
522 1051 571 1088 de
615 1052 725 1088 eaelo
770 1061 795 1087 a
834 1050 938 1097 Deo,
983 1056 1178 1100 afflatam,
1217 1054 1336 1100 quasi
1371 1064 1512 1092 novam

170 1113 336 1157 nuptam
368 1113 554 1147 ornatam
586 1111 731 1146 marito
763 1120 845 1146 suo⁴
908 1109 960 1147 Et
991 1111 1132 1148 andivi
1162 1122 1294 1150 vocem
1326 1122 1512 1160 maynam

171 1169 220 1205 de
252 1169 394 1206 throno
427 1168 641 1206 dicentem:
683 1167 790 1205 Eece
823 1168 1128 1206 tabernaculum
1161 1170 1239 1208 Dei
1269 1181 1358 1208 omn
1389 1171 1510 1209 horni-

169 1227 303 1272 nibus,
343 1230 382 1264 et
411 1227 610 1264 habitabit
647 1237 737 1264 cum
769 1228 842 1272 eis,
882 1231 920 1264 et
957 1232 1077 1266 erunt
1107 1229 1186 1276 ipsi
1209 1231 1382 1277 populus
1414 1231 1511 1277 eius,

170 1289 208 1323 et
245 1286 328 1333 ipse
360 1285 468 1323 Deus
506 1287 584 1323 erit
623 1296 712 1323 eum
753 1286 821 1323 eis.
883 1285 935 1323 Et
973 1286 1175 1334 abslerqet
1205 1298 1357 1326 omnem
1388 1289 1510 1327 lacri-

169 1355 273 1381 mam
318 1344 368 1381 ab
413 1345 539 1382 oeulis
583 1355 741 1388 eorum,·
786 1347 824 1382 et
865 1355 972 1382 mors
1017 1346 1095 1382 iam
1140 1356 1219 1383 non
1263 1348 1342 1383 erit
1384 1358 1512 1395 neque

169 1404 300 1441 luctus
337 1414 467 1450 neque
505 1405 676 1449 elamor,
714 1403 787 1441 sed
821 1414 895 1441 nee
934 1404 1047 1441 dolor
1084 1406 1205 1455 ullus,
1242 1406 1338 1452 quia
1365 1407 1511 1453 priora

170 1462 358 1499 abierunl
432 1461 485 1499 Et
522 1463 627 1499 dixit
662 1462 804 1499 sedens
843 1463 883 1499 in
922 1462 1083 1500 throno:
1122 1463 1229 1501 Eece
1266 1475 1369 1501 nova
1397 1463 1510 1512 facio

169 1522 313 1558 omnia.
377 1518 431 1558 De
458 1519 564 1558 eaelo
597 1519 837 1558 descendere
870 1521 942 1558 ista
974 1521 1108 1559 civitas
1140 1520 1294 1573 dicitur,
1327 1524 1510 1572 quoniam

170 1578 350 1617 caelestis
388 1584 448 1617 est
486 1580 626 1630 gratia,
667 1590 741 1629 qua
781 1578 883 1616 Deus
923 1591 1007 1617 eam
1039 1580 1142 1618 feeit.
1204 1579 1372 1631 Propter
1404 1581 1508 1632 quod

170 1638 206 1675 ei
239 1636 332 1675 dicit
365 1639 481 1676 etiam
513 1649 584 1689 per
616 1636 786 1676 Esaiam:
818 1638 904 1685 qu
935 1649 1021 1676 sum
1047 1639 1241 1677 Dominus
1269 1638 1429 1687 faciens
1461 1645 1508 1679 te.

169 1695 219 1733 Et
251 1695 297 1734 de
338 1695 444 1734 eaelo
483 1695 643 1747 quidem
675 1695 721 1734 ab
753 1697 863 1734 initio
897 1697 958 1734 sui
991 1696 1211 1749 descendit,
1250 1709 1297 1735 ex
1330 1710 1406 1749 quo
1438 1711 1510 1749 per

169 1754 288 1792 huius
321 1754 466 1793 saeculi
498 1760 653 1806 tempus
685 1757 807 1806 gratia
839 1754 908 1793 Dei
941 1755 1111 1807 desuper
1142 1757 1321 1794 veniente
1353 1769 1425 1807 per
1456 1757 1507 1795 la-

168 1825 329 1851 vacrum
369 1815 679 1864 regenerationis
716 1815 757 1852 in
798 1813 946 1864 Spiritu
985 1820 1118 1853 sancto
1157 1816 1276 1853 misso
1315 1814 1361 1853 de
1402 1815 1508 1854 caelo

170 1871 335 1910 subinde
382 1874 485 1910 cives
527 1874 610 1910 eius
649 1872 893 1911 adcrescunt.
967 1872 1043 1911 Sed
1087 1885 1159 1923 per
1198 1873 1387 1911 iudicium
1427 1873 1510 1926 Dei,

170 1930 274 1981 quod
313 1932 388 1968 erit
427 1932 682 1969 novissimum
725 1943 796 1981 per
841 1932 925 1969 eius
964 1931 1086 1969 filium
1127 1931 1255 1969 Iesum
1298 1931 1509 1984 Christum,

170 1994 276 2027 tanta
309 1990 394 2028 eius
426 1995 465 2027 et
498 1995 576 2028 tam
608 2001 704 2028 nova
737 1989 784 2028 de
818 1989 886 2027 Dei
913 2001 1075 2028 munere
1109 1989 1263 2028 claritas
1295 1991 1509 2043 apparebit,

170 2052 214 2086 ut
247 2047 350 2086 nulla
382 2054 610 2087 remaneant
641 2049 801 2098 vestigia
835 2049 1054 2099 vetustatis3
1093 2048 1247 2098 quando
1280 2049 1437 2099 quidem
1470 2055 1509 2088 et

267 2152 298 2192 1)
319 2150 433 2193 Apoc.
454 2153 487 2193 4,
509 2155 547 2192 63
578 2154 630 2191 15,
651 2153 683 2184 2.
734 2150 792 2192 21)
812 2149 924 2193 Apoe.
949 2153 1003 2193 21,
1031 2154 1050 2184 2
1072 2160 1150 2193 sqq.
1201 2151 1259 2194 23)
1280 2149 1375 2185 Esai.
1398 2153 1454 2194 45,
1474 2152 1506 2185 8.

266 2294 305 2324 17
334 2294 365 2324 et
390 2302 425 2334 p.
451 2294 532 2333 445,
560 2293 580 2324 5
607 2289 797 2335 absterget
815 2290 887 2324 RA
914 2293 955 2324 ut
974 2290 1129 2332 Sinait.;
1155 2289 1344 2334 absterget
1364 2289 1462 2324 Deus
1486 2300 1507 2324 v
