1611 2465
60 1331 103 1362 '20

62 1623 105 1655 25

65 1917 110 1947 30

118 110 201 151 358
652 117 679 142 s.
701 115 916 143 AUGUSTINI
969 136 975 141 .

118 211 313 249 habitatio
351 219 508 247 sensum
545 209 670 245 multa
708 207 975 253 coqe‘tantem?
1036 205 1209 256 Impetus
1247 218 1365 257 porro
1397 206 1458 245 vel

118 269 314 320 appetitus
353 267 533 317 actionis,
577 266 611 303 si
650 264 722 302 hoc
763 264 877 302 modo
917 270 1024 303 recte
1063 264 1198 303 Latine
1242 264 1458 316 appellatur

120 339 181 378 ea,
225 338 341 376 quam
386 324 525 362 Graeci
567 329 707 362 vocant
732 318 894 377 ’,ῥρμήη
939 325 1028 373 quia
1073 329 1111 362 et
1154 325 1278 375 ipsam
1320 324 1459 374 primis

120 391 281 424 naturae
326 383 515 434 deputant
552 381 690 434 bonis,
733 378 983 432 nonne'ipse
1028 387 1107 434 est,
1152 395 1228 432 quo
1267 387 1460 433 geruntur

122 445 238 483 etiam
264 444 492 481 insanorum
518 440 572 479 illi
598 439 839 478 miserabiles
866 446 995 479 motus
1028 446 1067 479 et
1098 441 1209 492 facta,
1241 452 1339 492 quae
1370 440 1460 479 hor-

122 513 267 552 remuS,
300 500 454 551 quando
487 501 727 551 pervertitur
759 511 898 538 sensus
930 500 1109 549 ratioque
1141 497 1321 550 sopitur?

206 563 212 572 ²
239 559 363 598 Porro
390 561 473 610 ipsa
499 560 636 610 virtus,
668 569 765 608 quae
798 570 876 595 non
908 564 967 596 est
998 559 1101 596 inter
1133 559 1257 609 prima
1289 564 1462 609 naturae,

123 620 306 670 quoniam
337 619 393 656 eis
425 622 560 668 postea
592 616 770 655 doctrina
802 616 1077 655 introducente
1105 619 1342 669 supervenit,
1374 628 1464 655 cum

124 677 199 716 sibi
229 677 425 715 bonorum
457 676 612 714 culmen
651 674 820 713 vindicet
850 675 1128 726 humanorum,
1166 675 1258 726 quid
1291 675 1354 714 hic
1387 676 1464 726 agit

124 737 200 775 nisi
231 741 422 787 perpetua
455 734 555 773 bella
587 746 676 772 cum
708 735 822 785 vitiis,
854 746 926 772 nec
959 733 1234 786 exterioribus,
1266 734 1334 773 sed
1365 735 1463 772 inte-

126 793 329 860 rioribus&
342 806 414 832 nec
441 793 588 844 alienis,
620 791 687 830 sed
713 792 825 843 plane
853 794 998 831 nostris
1024 799 1063 831 et
1086 794 1269 845 propriIS,
1300 794 1464 831 maxime

124 853 206 905 illa,
237 864 335 904 quae
368 851 515 890 Graece
548 847 804 903 σωφροσύνη,
835 850 970 889 Latine
1003 853 1259 902 temperantia
1292 853 1465 890 nomina-

125 918 208 963 tur,
247 923 322 962 qua
354 910 529 949 carnales
562 911 766 948 frenantur
804 909 1002 962 libidines,
1040 922 1087 948 ne
1120 911 1160 948 in
1192 922 1369 961 quaeque
1401 910 1466 948 ssa-

126 972 217 1021 gitia
251 975 421 1008 mentem
454 971 765 1007 consentientem
796 967 979 1007 trahant?
1011 968 1145 1019 Neque
1180 970 1284 1007 enim
1317 968 1467 1007 nullum

128 1034 187 1067 est
219 1030 375 1080 vitium,
413 1040 520 1079 cum,
558 1028 660 1066 sicut
698 1027 792 1065 dicit
829 1027 1045 1078 apostolus,
1084 1039 1182 1066 caro
1221 1029 1469 1077 concupiscit

129 1089 322 1126 adversus
359 1089 566 1135 spirltum;
611 1087 674 1124 cui
714 1087 805 1124 vitio
850 1087 1044 1124 contraria
1089 1088 1212 1125 virtus
1252 1092 1329 1138 est,
1367 1097 1468 1137 cum,

129 1148 230 1184 sicut
268 1145 371 1184 idem
410 1145 520 1196 dicit,
563 1147 729 1194 spiritus
770 1146 1020 1194 concupiscit
1056 1146 1250 1183 adversus
1292 1156 1468 1183 carnem.

129 1205 242 1243 Haec
274 1206 389 1251 enim,
421 1205 561 1254 inquit,
592 1205 760 1242 invicem
786 1205 1068 1251 adversamur,
1100 1209 1144 1243 ut
1175 1215 1253 1242 non
1286 1215 1334 1242 ea
1366 1214 1490 1251 quac*

130 1265 246 1301 vullis
280 1262 458 1311 faciatis.
522 1261 623 1306 Quid
656 1267 786 1300 autem
817 1262 945 1299 facere
977 1261 1174 1313 volumus,
1214 1274 1303 1300 cum
1334 1262 1471 1312 perfici

131 1321 309 1359 volumus
342 1321 416 1359 fine
451 1321 592 1358 summi
623 1319 734 1372 boni,
766 1321 841 1358 nisi
873 1326 917 1358 ut
948 1332 1037 1358 caro
1069 1320 1257 1358 adversus
1290 1321 1471 1371 spiritum

131 1392 208 1418 non
236 1380 499 1430 concupiscat,
531 1390 603 1416 nec
630 1380 680 1417 sit
704 1380 744 1417 in
771 1378 883 1417 nobis
914 1378 988 1417 hoc
1020 1380 1168 1431 vitium,
1200 1384 1335 1418 contra
1367 1378 1471 1429 quod

132 1440 293 1489 spiritus
320 1435 600 1488 concupiscat?
650 1436 762 1482 Quod
794 1438 834 1475 in
865 1437 936 1475 hac
969 1438 1056 1489 vita,
1089 1439 1264 1488 quamvis
1296 1437 1471 1489 velimus,

132 1498 316 1547 quoniam
354 1497 483 1534 facere
522 1508 600 1535 non
638 1495 828 1548 valemus,
866 1497 904 1534 id
938 1496 1073 1534 saltem
1105 1497 1144 1534 in
1177 1496 1370 1535 adiutorio
1403 1495 1472 1534 Dei

132 1556 313 1606 facimus,
352 1567 401 1593 ne
434 1555 542 1593 carni
573 1556 869 1605 concupiscenti
900 1555 1087 1593 adversus
1119 1556 1300 1606 spiritum
1332 1555 1473 1606 spiritu

133 1613 414 1653 succumbente
435 1613 618 1652 cedamus
643 1618 682 1652 et
707 1613 753 1651 ad
779 1613 1085 1664 perpetrandum
1110 1608 1315 1665 peccatum
1340 1618 1474 1652 nostra

134 1674 391 1711 consensione
418 1672 704 1723 pertrahamur.
765 1671 875 1710 Absit
902 1684 996 1723 ergo
1023 1677 1077 1724 ut,
1110 1671 1295 1722 quamdiu
1327 1673 1368 1710 in
1399 1671 1474 1711 hoc

135 1731 234 1770 bello
272 1732 458 1769 intestino
498 1742 650 1781 sumus,
694 1731 770 1769 iam
814 1743 885 1769 nos
929 1730 1227 1782 beatitudinem,
1266 1729 1318 1768 'ad
1357 1741 1474 1781 quam

134 1789 324 1828 vincendo
358 1789 535 1827 volumus
574 1791 797 1840 pervenire,
836 1789 996 1840 adeptos
1029 1801 1114 1827 esse
1147 1789 1364 1827 credamus.
1426 1787 1475 1827 Et

136 1849 223 1899 quis
265 1853 324 1887 est
363 1859 488 1898 usque
531 1847 625 1898 adeo
658 1849 829 1900 sapiens,
871 1854 914 1886 ut
945 1853 1081 1886 contra
1112 1847 1292 1886 libidines
1325 1846 1475 1885 nullum

137 1906 276 1945 habeat
307 1907 465 1945 omnino
499 1903 752 1944 conflictum?

255 1964 357 2010 Quid
388 1964 452 2002 illa
484 1965 625 2015 virtus,
666 1976 764 2014 quae
796 1964 1005 2015 prudentia
1038 1964 1200 2015 dicitur,
1232 1975 1361 2002 nonne
1395 1969 1476 2003 tota

138 2023 332 2074 vigilantia
365 2034 435 2062 sua
467 2022 568 2061 bona
600 2022 787 2061 discernit
819 2034 840 2060 a
871 2022 998 2073 malis,
1039 2028 1083 2061 ut
1113 2024 1153 2061 in
1186 2021 1260 2060 illis
1293 2027 1475 2074 appeten-

236 2115 269 2154 1>
297 2112 380 2157 Sap.
408 2117 441 2155 9,
470 2115 522 2147 15.
577 2114 632 2155 19)
659 2111 738 2147 Gal.
766 2116 798 2154 5,
827 2116 879 2146 17.

238 2246 277 2275 18
305 2252 349 2275 ea
375 2252 468 2284 quae
500 2240 614 2275 uultis
640 2240 705 2275 illa
731 2226 789 2281 A}-
820 2250 1074 2284 quaecumque
1102 2239 1213 2273 uultis
1240 2239 1306 2273 illa
1331 2239 1363 2272 L
1393 2241 1405 2283 ΙΙ
1434 2242 1477 2273 20

141 2290 210 2323 fine
238 2288 326 2329 RL‚·
351 2288 461 2322 finem
488 2289 543 2322 Av
563 2289 639 2331 1124
664 2287 841 2321 faciamus
865 2298 885 2321 v
