1548 2562
414 130 466 155 DE
486 129 675 155 CIVITATE
694 130 764 154 DEI
783 130 815 155 L.
835 130 915 155 XIX.
934 129 963 155 c.
984 131 1026 155 ιτ.
1294 121 1379 162 385

47 219 286 258 commodata
324 224 435 270 sunt,
473 218 743 268 obtemperare
782 230 859 256 non
891 218 1058 270 dubitat,
1097 224 1158 269 ut,
1197 221 1378 269 quoniam

47 279 264 316 communis
304 281 363 315 est
399 278 483 327 ipsa
521 276 753 328 mortalitas,
785 283 962 319 servetur
993 278 1032 315 in
1065 277 1184 315 rebus
1216 277 1262 315 ad
1295 289 1379 315 eam

46 334 334 387 pertinentibus
365 336 467 372 inter
499 336 692 373 civitatem
724 341 929 385 utramque
962 335 1179 373 concordia.
1235 334 1379 374 Verum

47 396 136 445 quia
168 399 324 432 terrena
356 394 490 430 civitas
523 392 657 430 habuit
690 393 877 442 quosdam
910 405 1002 431 suos
1035 395 1247 444 sapientes,
1281 406 1379 443 quos

47 452 173 490 divina
204 450 397 502 improbat
430 451 643 502 disciplina,
675 452 742 500 qui
775 451 832 489 vel
865 453 1050 501 suspicati
1082 452 1141 490 vel
1173 452 1326 502 decepti
1359 463 1379 489 a

47 509 299 548 daemonibus
325 508 532 547 crederent
558 509 701 547 multos
728 509 820 547 deos
847 509 1108 548 conciliandos
1142 522 1226 548 esse
1260 510 1380 548 rebus

46 568 224 607 humanis
268 572 383 617 atque
428 567 473 605 ad
518 578 655 605 eorum
698 567 848 605 diversa
890 568 1056 617 quodam
1097 568 1211 606 modo
1254 569 1380 606 officia

47 627 199 665 diversa
230 625 383 664 subdita
414 626 626 677 pertinere,
659 625 705 663 ad
736 625 852 663 alium
885 638 1040 678 corpus,
1072 626 1118 664 ad
1152 627 1268 665 alium
1299 628 1378 665 ani-

46 697 170 736 mum,
207 685 325 734 inque
357 685 441 734 ipso
474 695 638 733 corpore
671 683 717 721 ad
750 683 865 721 alium
899 690 1031 735 caput,
1069 685 1115 722 ad
1147 685 1265 723 alium
1297 697 1379 723 cer-

46 745 168 781 vicem
209 748 248 780 et
288 747 418 780 cetera
460 741 609 791 singula
647 741 692 779 ad
732 741 922 793 singulos3
965 742 1143 781 similiter
1180 745 1220 781 in
1252 744 1379 781 animo

46 801 91 839 ad
118 801 234 839 alium
261 801 471 850 ingenium,
504 799 549 837 ad
576 799 691 837 alium
717 800 946 851 doctrinam,
978 800 1023 838 ad
1050 801 1167 839 alium
1192 803 1301 853 iram,
1334 801 1380 839 ad

46 859 163 898 alium
195 859 568 909 concupiscentiain3
607 859 724 907 inque
763 859 857 908 ipsis
889 858 1008 896 rebus
1040 861 1138 896 vitae
1173 860 1378 898 adiacenti-

46 917 119 956 bus
152 917 197 955 ad
231 916 346 954 alium
378 928 520 967 1166115,
552 916 598 953 ἃᾶ
631 916 747 954 alium
780 917 974 968 triticum,
1007 917 1053 954 ad
1086 918 1203 955 alium
1235 919 1380 969 vinum,

46 975 92 1014 ad
126 975 241 1013 alium
274 975 425 1025 oleum,
466 974 512 1012 ad
545 974 659 1012 alium
693 974 826 1025 silvas,
868 974 912 1012 ad
946 975 1064 1013 alium
1096 987 1294 1027 nummos,
1334 977 1379 1014 ad

47 1034 165 1072 alium
209 1034 513 1083 navigationem,
557 1032 602 1070 ad
647 1032 762 1070 alium
801 1031 899 1070 bella
937 1038 1052 1083 atque
1091 1035 1289 1087 victorias,
1334 1035 1379 1072 ad

47 1092 163 1130 alium
204 1092 399 1142 coniugia,
443 1090 489 1128 ad
531 1090 646 1128 alium
684 1095 838 1141 partum
877 1103 920 1129 ac
953 1091 1231 1130 secunditatem
1264 1097 1303 1130 et
1334 1093 1380 1131 ad

45 1150 140 1188 alios
171 1149 242 1187 alia
274 1154 421 1200 cetera3
459 1148 637 1187 caelestis
675 1154 804 1187 autem
845 1151 978 1187 civitas
1010 1162 1133 1188 unum
1165 1150 1288 1189 Deum
1321 1163 1379 1189 so-

46 1208 126 1247 lum
152 1207 358 1246 colendum
383 1212 517 1245 nosset
542 1208 655 1257 eique
689 1212 839 1245 tantum
871 1207 984 1245 modo
1018 1208 1267 1247 serviendum
1299 1222 1379 1247 ser-

45 1268 166 1304 vitute
204 1265 284 1316 illa,
322 1277 419 1315 quae
458 1264 603 1303 Graece
643 1265 792 1314 λατρεία
829 1265 971 1304 dicitur
1013 1272 1051 1304 et
1083 1279 1160 1304 non
1192 1269 1268 1305 nisi
1300 1267 1378 1305 Deo

46 1324 228 1374 debetur,
266 1323 368 1362 fideli
400 1324 543 1373 pietate
576 1329 774 1362 censeret:
813 1324 956 1362 sactum
991 1330 1065 1375 est,
1105 1331 1148 1363 ut
1180 1325 1379 1375 religionis

45 1382 151 1432 leges
190 1394 278 1420 cum
317 1387 473 1420 terrena
511 1383 664 1421 civitate
702 1394 780 1419 non
812 1388 945 1432 posset
977 1382 1120 1421 habere
1153 1396 1380 1422 communes

45 1452 195 1491 proque
237 1439 298 1478 his
335 1438 381 1477 ab
419 1451 464 1477 ea
496 1439 702 1478 dissentire
735 1439 896 1478 haberet
928 1453 1087 1479 necesse
1121 1447 1235 1492 atque
1269 1444 1381 1480 oneri

46 1510 132 1536 esse
174 1498 324 1536 dlversa
363 1497 622 1536 sentientibus
665 1510 879 1548 eorumque
920 1500 998 1537 iras
1036 1504 1074 1537 et
1105 1500 1191 1538 odia
1224 1506 1262 1539 et
1292 1513 1379 1551 per-

45 1557 292 1595 secutionum
321 1557 490 1606 impetus
522 1557 734 1607 sustinere,
766 1558 841 1594 nisi
874 1568 963 1594 cum
995 1559 1143 1595 animos
1175 1558 1378 1596 adversan-

45 1616 144 1653 tium
170 1614 374 1664 aliquando
402 1620 553 1652 terrore
581 1625 672 1651 suae
700 1614 959 1653 multitudinis
991 1621 1030 1653 et
1062 1627 1216 1665 semper
1249 1616 1378 1654 divino

45 1672 237 1711 adiutorio
281 1672 540 1723 propulsaret.
601 1671 704 1710 Haec
749 1684 841 1722 ergo
887 1673 1064 1711 caelestis
1108 1675 1241 1712 civitas
1286 1674 1379 1713 dum

44 1732 318 1782 peregrinatur
355 1732 395 1768 in
433 1735 556 1781 terra,
594 1742 640 1768 ex
678 1730 857 1769 omnibus
895 1731 1076 1781 gentibus
1110 1733 1213 1770 cives
1245 1739 1380 1771 evocat

46 1794 162 1839 atque
199 1790 238 1826 in
277 1788 456 1826 omuibus
494 1788 636 1838 linguis
674 1791 919 1839 peregrinam
959 1789 1102 1840 colligit
1141 1792 1378 1843 societatem,

45 1859 122 1885 non
156 1858 297 1885 curans
329 1846 517 1897 quidquid
555 1847 595 1884 in
633 1846 807 1885 moribus
839 1847 990 1898 legibus
1022 1849 1290 1898 institutisque
1323 1849 1377 1888 di-

45 1917 202 1944 versum
233 1911 313 1956 est,
345 1904 487 1955 quibus
518 1916 591 1954 pax
624 1910 778 1943 terrena
811 1905 870 1943 vel
902 1907 1148 1956 conquiritur
1180 1907 1239 1945 vel
1272 1913 1377 1945 tene-

45 1968 131 2014 tur,
172 1963 266 2001 nihil
305 1975 441 2001 eorum
479 1962 707 2001 rescindens
745 1963 804 2002 vel
843 1964 1068 2016 destruens,
1106 1966 1224 2003 immo
1263 1967 1378 2004 etiam

140 2101 157 2131 7
193 2100 302 2141 atque
335 2097 382 2131 ad
414 2108 540 2132 eorum
565 2097 619 2140 R;
652 2098 698 2132 ad
725 2111 881 2142 quorum
907 2099 962 2133 Av
999 2101 1011 2143 ΙΙ
1049 2104 1068 2134 8
1095 2100 1278 2144 pertinere
1304 2101 1377 2144 12¹3

44 2144 270 2188 pertinerent
289 2145 346 2178 Av
365 2145 377 2188 ΙΙ
396 2148 416 2179 8
441 2155 511 2188 sqq.
539 2148 579 2178 ut
604 2145 723 2179 editur
747 2156 833 2188 mss3
861 2146 1002 2180 animus
1029 2175 1034 2181 .
1062 2175 1068 2181 .
1097 2147 1218 2181 cervix
1245 2175 1252 2182 .
1280 2176 1287 2183 .
1316 2148 1377 2182 do-

45 2191 165 2225 ctrina
191 2218 199 2226 .
227 2216 234 2224 .
260 2190 316 2224 ira
348 2218 355 2224 .
389 2217 396 2225 .
430 2190 727 2235 concupiscentia
760 2220 767 2226 .
795 2220 803 2227 .
830 2192 943 2226 silvae
972 2221 978 2227 .
1007 2221 1013 2226 .
1041 2193 1181 2227 nummi
1208 2222 1214 2228 .
1243 2220 1250 2227 .
1276 2195 1376 2229 navi-

44 2237 145 2281 gatio
174 2264 180 2271 .
209 2264 215 2271 .
241 2236 419 2271 victoriae
446 2263 453 2271 .
480 2265 486 2272 .
514 2239 640 2281 partus
668 2267 674 2273 .
703 2265 709 2272 .
736 2238 941 2273 fecunditas
968 2251 987 2273 υ
1007 2241 1018 2283 ΙΙ
1041 2243 1080 2273 18
1108 2241 1247 2283 nosset,
1273 2242 1379 2285 quasi

39 2284 273 2328 praecesserit
298 2295 392 2327 cum,
417 2294 491 2318 ‘non
516 2283 603 2327 quia
621 2286 633 2328 ΙΙ
653 2289 694 2318 31
721 2285 782 2319 1161
807 2286 914 2322 destr.
941 2285 1032 2328 RL‚·
1056 2297 1123 2320 nec
1149 2286 1257 2321 destr.
1284 2288 1341 2322 Av

115 2354 188 2373 Auo
209 2355 250 2372 m:
271 2354 331 2374 σιν.
352 2354 412 2374 DEI.
451 2349 489 2372 11.
1051 2348 1094 2378 25

1409 752 1450 782 10

1409 1044 1450 1072 15

1406 1335 1450 1364 20

1405 1625 1448 1655 25

1405 1918 1449 1947 30
