1548 2562
419 141 472 165 DE
492 140 679 166 c1V1'rATE
698 142 766 166 DEI
786 141 819 167 L.
841 141 920 167 XIX.
941 141 969 167 c.
989 143 1013 167 2.
1305 132 1386 173 351

605 295 759 338 CAPUT
786 297 840 338 II.
878 309 887 312 ⁶

66 381 149 427 Quo
180 382 293 419 modo
325 383 485 419 remotis
510 382 689 419 omnibus
721 382 970 429 differentiis,
1003 393 1106 429 quae
1137 393 1215 420 non
1246 386 1390 429 sectae,

58 440 132 477 sed
160 440 409 486 quaestiones
439 443 549 487 sunt,
587 441 644 477 ad
679 441 920 488 tripertitam
957 441 1099 478 summi
1129 441 1223 478 boni
1253 441 1390 486 defini-

164 499 307 536 tionem
348 497 477 536 Varro
503 499 726 546 perveniat,
758 509 929 545 quarum
962 503 1093 536 tamen
1125 510 1206 536 una
1237 500 1287 536 sit

628 558 823 603 eliqena’a.
1418 563 1438 594 5

178 636 221 675 111
258 636 384 675 tribus
423 649 577 687 quoque
617 636 692 675 illis
729 638 829 675 vitae
867 637 1096 689 generibus,
1134 649 1211 676 uno
1244 638 1393 677 scilicet

59 708 137 734 non
170 696 360 747 segniter,
392 694 459 733 sed
490 697 530 733 in
563 695 887 746 contemplatione
920 695 978 733 vel
1010 697 1262 746 inquisitione
1294 697 1392 735 veri-

59 755 148 792 tatis
181 755 323 801 otioso,
362 753 484 792 altero
521 755 561 792 in
599 754 780 803 gerendis
818 753 936 792 rebus
968 753 1147 792 humanis
1179 756 1392 805 negotioso,

60 813 175 850 tertio
207 824 254 850 ex
287 817 455 862 utroque
496 823 639 862 genere
672 817 905 863 temperato,
944 824 1033 850 cum
1065 814 1267 862 quaeritur
1299 812 1391 863 quid

59 870 198 908 horum
231 871 282 908 sit
312 871 442 920 potius
474 870 706 921 eligendum,
738 882 815 907 non
848 870 934 907 finis
966 869 1058 907 boni
1090 870 1205 908 habet
1237 876 1390 909 contro-
1420 878 1463 908 10

59 929 242 980 versiam3
280 927 347 966 sed
387 928 478 979 quid
519 928 659 966 horum
693 929 811 966 trium
844 927 1110 966 difficultatem
1143 928 1202 966 vel
1234 929 1391 967 facilita-

60 992 139 1025 tem
164 986 313 1024 adferat
338 986 383 1024 ad
417 986 736 1036 consequendum
768 986 827 1023 vel
860 985 1109 1024 retinendum
1142 987 1257 1024 finem
1290 986 1393 1038 boni,

60 1045 98 1083 id
129 1046 169 1082 in
200 1046 274 1083 ista
305 1046 533 1094 quaestione
565 1049 754 1082 versatur.
816 1043 922 1082 Finis
954 1046 1057 1082 enim
1090 1044 1193 1096 honi,
1226 1057 1315 1083 cum
1346 1044 1392 1082 ad

60 1115 150 1142 eum
191 1104 355 1152 quisque
397 1104 640 1154 pervenerit,
678 1103 857 1152 protinus
896 1101 1052 1141 beatum
1092 1103 1199 1154 facit,
1240 1105 1281 1141 in
1314 1105 1392 1141 otio

60 1166 188 1199 autem
215 1161 398 1212 litterato,
430 1160 491 1198 vel
516 1162 554 1199 in
581 1162 736 1210 negotio
767 1160 936 1212 publico,
967 1160 1026 1198 vel
1058 1161 1211 1211 quando
1244 1167 1392 1200 utmm-
1422 1168 1463 1198 15

62 1232 136 1270 que
180 1218 329 1257 vicibus
374 1220 520 1271 agitur,
570 1231 647 1257 non
698 1220 882 1257 continuo
934 1221 1099 1269 quisque
1144 1218 1280 1257 beatus
1323 1225 1392 1258 est.

60 1277 170 1316 Multi
202 1278 346 1328 quippe
379 1278 418 1315 in
452 1277 625 1327 quolibet
657 1277 796 1315 horum
829 1278 948 1315 trium
980 1283 1145 1328 possunt
1177 1279 1323 1329 vivere,
1355 1283 1394 1316 et

60 1338 101 1374 in
133 1335 350 1386 appetendo
376 1334 468 1373 boni
493 1336 581 1387 fine,
613 1348 689 1386 quo
722 1336 764 1373 fit
794 1335 909 1373 homo
942 1335 1091 1387 beatus,
1123 1347 1267 1373 errare.
1312 1335 1394 1374 Alia

62 1399 121 1432 est
151 1395 271 1444 igitur
303 1395 479 1443 quaestio
512 1393 559 1432 de
591 1393 733 1432 finibus
765 1392 958 1432 bonorum
991 1400 1029 1432 et
1061 1393 1262 1445 malorum,
1295 1406 1392 1444 quae

61 1463 373 1502 unamquamque
411 1451 732 1503 philosophorum
774 1457 918 1490 sectam
951 1452 1060 1503 facit,
1101 1458 1138 1490 et
1175 1452 1270 1490 aliae
1303 1457 1395 1491 sunt
1420 1460 1464 1491 20

63 1512 311 1561 quaestiones
343 1510 390 1548 de
423 1510 554 1548 sociali
586 1512 673 1562 vita,
705 1510 752 1548 de
785 1511 1030 1548 cunctatione
1062 1510 1395 1562 Academicorum,

62 1569 109 1607 de
140 1569 283 1607 vestitu
315 1573 354 1606 et
384 1569 489 1606 victu
521 1568 774 1619 Cynicorum,
806 1568 852 1605 de
886 1568 1011 1606 tribus
1044 1569 1141 1606 vitae
1173 1568 1395 1620 generibus,

63 1628 200 1678 otioso,
232 1632 413 1678 actuoso,
445 1638 492 1664 ex
524 1632 692 1676 utroque
724 1626 960 1677 modificat03
993 1638 1157 1676 quarum
1189 1625 1293 1664 nulla
1325 1632 1395 1678 est,

62 1687 102 1724 in
123 1696 197 1735 qua
220 1684 266 1722 de
288 1684 479 1722 bonorum
501 1690 539 1722 et
559 1684 749 1723 malorum
769 1684 911 1722 finibus
932 1684 1163 1734 disputatur.
1226 1683 1393 1722 Proinde

64 1744 246 1794 quoniam
278 1742 431 1780 Marcus
457 1741 576 1780 Varro
609 1742 677 1781 has
709 1748 893 1793 quattuor
925 1741 1111 1780 adhibens
1145 1742 1395 1793 differentias,
1421 1750 1464 1780 25

62 1801 100 1839 id
133 1806 193 1839 est
223 1812 270 1838 ex
303 1802 378 1838 vita
410 1800 553 1851 sociali,
585 1813 631 1838 ex
657 1801 896 1839 Academicis
927 1802 1048 1851 novis,
1080 1813 1125 1838 ex
1153 1800 1317 1851 Cynicis,
1349 1813 1395 1838 ex

63 1861 137 1898 isto
175 1860 273 1897 vitae
312 1870 455 1908 genere
494 1860 689 1909 tripertito
728 1859 773 1897 ad
813 1863 938 1897 sectas
980 1859 1167 1897 ducentas
1199 1860 1395 1908 octoginta

64 1923 151 1955 octo
180 1918 369 1967 pervenit,
402 1922 440 1954 et
466 1918 498 1955 si
524 1929 622 1967 quae
655 1917 748 1955 aliae
780 1922 945 1968 possunt
977 1916 1155 1955 similiter
1186 1917 1303 1954 adici:
1335 1928 1394 1954 re·

64 1977 179 2014 motis
217 1976 273 2013 eis
311 1974 513 2026 omnibus,
557 1977 739 2025 quoniam
782 1975 828 2013 de
874 1975 1056 2013 sectando
1098 1986 1249 2012 summo
1291 1974 1394 2012 bono

67 2033 209 2071 nullam
240 2033 414 2071 inferunt
446 2035 713 2083 quaestionem
746 2039 784 2072 et
815 2033 902 2071 ideo
935 2039 1063 2071 sectae
1096 2044 1168 2070 nec
1201 2038 1292 2071 sunt
1323 2045 1395 2071 nec
1421 2042 1465 2072 30

66 2091 257 2129 vocandae
296 2096 407 2141 sunt,
451 2091 496 2128 ad
536 2091 620 2129 illas
658 2091 885 2143 duodecim,
928 2093 967 2129 in
1009 2090 1150 2141 quibus
1183 2092 1395 2142 quaeritur,

66 2149 168 2199 quod
201 2151 251 2187 sit
281 2148 426 2186 honum
459 2149 643 2201 hominis,
682 2162 757 2200 quo
791 2149 974 2188 adsecuto
1006 2150 1049 2187 fit
1080 2148 1237 2201 beatus,
1275 2155 1318 2187 ut
1350 2161 1396 2187 ex

160 2300 203 2330 23
231 2296 268 2330 et
293 2306 335 2330 ex
362 2298 473 2339 01132
500 2297 596 2340 quod
622 2297 710 2341 RA3
738 2297 824 2340 quid
849 2308 869 2331 v
