1548 2562
23 801 46 819 A

388 157 441 181 DE
461 155 647 181 mvitrATE
667 155 736 180 Dm
756 155 787 180 L.
808 154 922 180 xvm.
943 153 972 179 c.
992 155 1033 179 17.
1053 154 1094 178 18.
1321 142 1403 181 277
1449 165 1455 169 -

78 257 233 296 quoque
273 244 392 282 Ulixis
430 245 591 282 mutavit
627 245 666 280 in
708 243 870 294 bestias,
917 247 955 280 et
986 241 1032 279 de
1065 240 1298 291 Arcadibus,
1342 241 1407 289 qui

78 309 183 342 sorte
222 303 328 341 ducti
365 301 582 340 transibant
619 301 811 350 quoddam
850 305 1029 351 stagnum
1066 304 1180 349 atque
1222 298 1274 336 ibi
1317 310 1406 336 con-

56 360 59 372 ⁵
78 360 330 399 vertebantur
373 361 411 397 in
455 359 567 409 lupos
611 364 649 397 et
693 370 781 396 cum
820 357 1010 396 similibus
1053 357 1146 395 seris
1190 368 1260 407 per
1304 355 1407 393 illius

80 420 249 469 regionis
282 418 435 456 deserta
461 416 648 455 vivebant.
713 415 753 454 Si
785 421 913 454 autem
946 427 1061 453 carne
1094 427 1172 453 non
1204 425 1406 452 vesceren-

80 482 144 515 tur
187 476 372 528 humana,
413 486 551 513 rursus
591 479 679 525 post
718 485 856 511 novem
897 485 1018 512 annos
1055 473 1190 511 eodem
1232 476 1407 510 renatato

80 540 215 584 stagno
254 532 564 571 reformabantur
602 533 642 570 in
684 531 870 569 homines.
932 531 1106 581 Denique
1140 532 1254 569 etiam
1286 531 1407 568 nomi-

79 593 199 630 natim
232 593 424 642 expressit
455 590 647 641 quendam
679 589 974 641 Demaenetum,
1017 601 1105 627 cum
1137 594 1331 639 gustasset
1362 587 1408 625 de

81 650 288 700 sacrificio,
327 649 429 699 quod
461 648 630 686 Arcades
672 647 867 685 immolato
900 659 1022 697 puero
1055 647 1126 684 deo
1160 658 1229 684 suo
1262 645 1409 696 Lycaeo

81 709 207 746 facere
248 707 430 757 solerent,
462 712 500 745 et
530 708 571 744 in
603 706 736 757 lupum
769 706 887 744 fuisse
922 711 1112 743 mutatum
1144 711 1182 742 et
1214 716 1313 741 anno
1347 703 1409 741 de-

81 767 182 804 cimo
207 767 247 803 in
273 766 436 815 figuram
461 766 658 815 propriam
685 765 910 802 restitutum
936 762 1150 818 pugilatum
1183 774 1268 800 sese
1302 773 1409 799 exer-

81 825 208 862 cuisse
241 829 279 861 et
305 822 527 873 Olympiaco
554 823 690 861 vicisse
723 823 944 860 certamine.
980 820 1085 859 v‘Nec
1117 820 1219 858 idem
1250 825 1411 870 propter

82 881 183 920 aliud
210 881 420 919 arbitratur
447 881 656 918 historicus
688 882 727 918 in
753 879 914 917 Arcadia
947 879 1020 917 tale
1056 890 1197 917 nomen
1230 878 1411 916 adfictum

83 938 177 977 Pani
209 938 356 989 Lycaeo
396 944 434 977 et
471 938 549 976 lovi
586 937 732 989 Lycaeo
772 939 844 975 nisi
882 942 1043 987 propter
1080 936 1178 974 hanc
1220 937 1259 973 in
1299 935 1411 985 lupos

82 997 283 1034 hominum
321 998 592 1047 mutationem,
630 995 732 1046 quod
771 1007 854 1033 eam
887 995 961 1032 nisi
993 996 1028 1032 vi
1060 994 1187 1032 divina
1218 993 1302 1031 fieri
1335 1004 1411 1030 non

83 1060 276 1106 putarent.
288 1085 301 1107 s
337 1053 470 1105 Lupus
503 1055 605 1092 enim
635 1053 779 1092 Graece
811 1049 927 1099 λύκος
958 1052 1113 1104 dicitur,
1147 1051 1248 1089 unde
1275 1050 1413 1101 Lycaei

84 1124 225 1150 nomen
267 1117 425 1162 apparet
472 1111 667 1150 inflexum.
729 1111 923 1149 Romanos
966 1112 1081 1149 etlam
1122 1109 1321 1161 Lupercos
1367 1120 1413 1146 ex

83 1170 238 1208 illorum
270 1171 544 1220 mysteriorum
576 1169 696 1208 veluti
729 1170 875 1207 semine
909 1169 1002 1207 dicit
1034 1173 1202 1206 exortos.

581 1316 734 1358 CAPUT
766 1317 923 1358 XVIII.

120 1404 226 1449 Quid
256 1403 498 1441 credendum
530 1404 581 1439 sit
613 1403 661 1440 de
693 1401 1130 1450 trcmsformatz’om'bus,
1163 1413 1264 1449 qaae
1297 1405 1386 1439 arte

280 1461 512 1498 daemonum
544 1461 765 1498 homim'bus
798 1461 982 1498 videntur
1015 1460 1213 1498 accidere.

205 1541 280 1579 Sed
319 1541 365 1579 de
404 1543 477 1579 ista
515 1546 619 1579 tanta
657 1540 917 1579 ludificatione
957 1540 1188 1578 daemonum
1220 1552 1291 1578 nos
1324 1539 1414 1589 quid

86 1600 280 1651 dicamus,
322 1601 388 1649 qui
425 1599 519 1636 haec
560 1599 708 1649 legent,
750 1599 925 1636 fortassis
965 1604 1180 1648 expectent.
1242 1597 1291 1635 Et
1324 1597 1415 1647 quid

86 1659 272 1708 dicemus,
304 1659 379 1695 nisi
411 1657 458 1694 de
490 1656 616 1695 medio
649 1656 853 1707 Babylonis
887 1667 971 1693 esse
1005 1653 1260 1705 fugiendum?
1304 1654 1415 1699 Quod

86 1720 338 1767 praeceptum
370 1714 641 1764 propheticum
673 1716 724 1753 ita
757 1712 982 1764 spiritaliter
1015 1713 1263 1764 intellegitur,
1297 1718 1338 1750 ut
1369 1713 1416 1750 de

87 1774 203 1812 huius
255 1772 399 1811 saeculi
448 1773 621 1824 civitate,
665 1784 761 1822 quae
806 1772 982 1822 profecto
1027 1777 1065 1809 et
1109 1771 1333 1821 angelorum
1379 1775 1417 1808 et

87 1832 287 1869 hominum
321 1832 485 1868 societas
516 1831 724 1880 impiorum
757 1836 832 1881 est,
871 1829 958 1867 fidei
990 1829 1186 1881 passibus,
1218 1841 1314 1879 quae
1348 1840 1417 1879 per

87 1889 334 1927 dilectionem
376 1893 578 1939 operatur,
621 1890 660 1926 in
697 1887 819 1927 Deum
860 1889 985 1926 vivum
1026 1886 1264 1938 proficiendo
1297 1887 1415 1937 fugia-

88 1959 184 1986 mus.
248 1945 398 1991 Quanto
438 1947 580 1996 quippe
620 1948 659 1984 in
691 1946 785 1984 haec
817 1948 891 1984 ima
923 1951 1154 1996 potestatem
1186 1944 1417 1983 daemonum

182 2038 239 2079 23)
264 2034 361 2069 Esai.
387 2039 442 2078 48,
468 2038 522 2069 20.

183 2168 202 2196 2
228 2163 482 2197 transebantur
507 2164 550 2206 (⁴?)
577 2162 650 2204 R¹,·
674 2162 882 2196 transibant
906 2161 978 2203 R²‚·
1003 2161 1201 2196 tranabant
1224 2171 1265 2205 9;
1298 2163 1416 2195 trans-

86 2209 266 2243 natabant
285 2209 341 2242 Av
361 2210 372 2253 ΙΙ
393 2213 412 2243 5
437 2210 604 2243 renatato
625 2218 713 2250 mss,·
737 2210 864 2243 renato
890 2219 909 2242 υ
929 2210 940 2252 ΙΙ
960 2213 978 2242 7
1006 2219 1089 2242 cum
1108 2218 1172 2242 om.
1193 2206 1307 2241 RAF
1323 2208 1334 2251 ΙΙ
1353 2218 1416 2251 gu-

89 2256 203 2290 stasse
228 2254 425 2299 R²AF119
453 2257 490 2289 et
513 2255 552 2289 in
576 2255 703 2299 lupum
728 2254 821 2296 RF‚·
847 2256 885 2289 eb
907 2255 1035 2299 lupum
1060 2255 1114 2296 A‚·
1140 2254 1177 2288 in
1203 2254 1276 2298 lup.
1302 2264 1322 2288 v
1342 2255 1353 2297 ΙΙ
1375 2257 1416 2287 10

88 2301 294 2345 pugilatum
321 2300 437 2345 Rb¹e9
464 2302 542 2345 (vol.
570 2301 606 2345 I,
633 2304 719 2343 269,
747 2304 803 2344 5)‚·
827 2301 994 2346 pugilatu
1019 2301 1076 2334 Av

1439 769 1480 798 10

1442 1058 1482 1088 15

1444 1779 1486 1809 25
