1548 2562
398 155 450 180 DE
469 154 658 180 CIVITATE
677 155 746 179 DEI
765 154 797 180 L.
817 154 931 180 xvnI.
951 153 979 180 c.
999 155 1041 180 34.
1061 155 1102 180 35.
1328 144 1410 185 307

85 247 125 283 in
162 245 303 292 quibus
334 247 624 293 peecaverunt,
663 247 701 281 et
737 244 935 282 mundabo
973 254 1059 288 eos,·
1098 247 1136 282 et
1166 247 1286 281 erunt
1315 242 1416 288 mihi

78 305 260 352 populus,
292 305 330 341 et
360 313 432 349 eqo
458 312 526 340 ero
553 303 628 339 illis
654 301 762 340 Deus
769 315 784 346 ;
815 305 854 340 et
876 312 1014 347 servus
1038 312 1147 340 meus
1173 301 1306 339 David
1334 312 1413 339 reae

83 372 204 410 super
235 371 310 408 eos,
342 364 381 398 et
403 364 546 408 pastor
577 370 681 397 unus
712 362 790 398 erit
820 362 992 398 omnium
1023 370 1170 399 eorum.

568 504 721 549 CAPUT
752 507 914 549 XXXV

84 593 144 632 De
175 594 294 631 trium
320 592 611 641 prophetarum
641 593 847 639 vaticinio,
886 593 930 630 id
959 597 1017 631 est
1047 593 1218 640 quaez',
1258 593 1413 632 Zacha-

531 652 622 688 riae
652 654 691 688 et
721 650 964 689 Malachiae.

199 731 362 770 Restant
397 735 478 769 tres
509 732 682 769 minores
713 731 943 783 prophetae,
985 733 1050 782 qui
1082 732 1417 782 prophetaverunt

82 791 122 828 in
154 790 229 828 fine
262 790 511 840 captivitatis,
548 788 741 839 Aggaeus,
782 788 1001 841 Zacharias,
1027 789 1248 829 Malachias.
1311 790 1413 836 Quo-

82 859 170 886 rum
206 847 383 898 Aggaeus
421 846 619 885 Christum
657 852 696 885 et
733 847 937 886 ecclesiam
973 848 1044 886 hae
1084 850 1256 899 apertius
1287 848 1414 887 brevi-

82 910 161 945 tate
197 905 423 957 prophetat:
461 905 574 944 Haec
611 907 710 944 dz'ee't
740 906 931 944 Dominus
963 908 1233 945 exercituum:
1271 908 1415 947 Adhuc

82 975 204 1003 unum
236 965 433 1002 modieum
458 968 525 1010 est,
557 968 595 1002 et
626 975 698 1011 eqo
730 965 975 1002 commovebo
1007 967 1161 1002 eaelum
1194 969 1233 1003 et
1262 970 1415 1004 terram

83 1028 122 1061 et
157 1033 270 1061 mare
307 1026 347 1061 et
382 1023 559 1068 aridam,
598 1026 636 1059 et
675 1023 832 1060 movebo
865 1033 995 1060 omnes
1024 1026 1179 1069 yentes,
1219 1027 1258 1062 et
1288 1025 1417 1062 veniet

83 1082 335 1120 desideratus
361 1081 516 1118 eunetis
538 1081 734 1127 qenclbus.
784 1079 888 1118 Haec
913 1079 1118 1130 prephetia
1143 1082 1285 1131 partim
1311 1093 1414 1119 com-

82 1138 186 1190 pleta
223 1139 298 1176 iam
337 1139 533 1189 cernitur,
576 1139 716 1188 partim
760 1143 940 1188 speratur
980 1139 1020 1176 in
1058 1138 1134 1177 fine
1176 1139 1413 1190 complenda.

81 1196 200 1235 Movit
248 1197 352 1235 enim
405 1195 554 1234 caelum
598 1196 825 1246 angelorum
875 1202 913 1234 et
962 1196 1135 1234 siderum
1178 1199 1424 1249 testimoni0‚.

83 1254 235 1305 quando
288 1255 513 1292 incarnatus
566 1260 626 1291 est
675 1253 870 1306 Christus3
916 1255 1034 1292 movit
1077 1260 1223 1293 terram
1266 1257 1415 1306 ingenti

82 1311 268 1351 miraculo
310 1312 357 1350 de
398 1313 483 1362 ipso
521 1313 680 1362 virginis
719 1317 852 1363 partu-3
891 1314 1010 1350 movit
1048 1324 1154 1350 mare
1187 1318 1226 1351 et
1257 1314 1415 1366 aridam,

83 1383 172 1409 cum
211 1375 249 1408 et
285 1371 326 1408 in
362 1369 500 1408 insulis
538 1374 577 1408 et
614 1371 653 1408 in
692 1369 786 1408 orbe
819 1375 900 1408 toto
934 1369 1112 1409 Christus
1145 1371 1414 1410 adnuntiatur:

82 1430 134 1467 ita
177 1429 325 1466 moveri
368 1439 503 1466 omnes
546 1434 681 1479 gentes
719 1428 894 1466 videmus
933 1428 979 1466 ad
1018 1429 1143 1467 fidem.
1205 1429 1284 1467 Iam
1322 1441 1413 1468 vero

83 1486 186 1537 quod
231 1487 426 1536 sequitur:
470 1486 522 1524 Et
561 1488 691 1525 veniet
730 1488 982 1525 desideratus
1023 1489 1178 1526 eunetis
1217 1489 1414 1537 yemibus,

82 1545 129 1583 de
172 1545 382 1582 novissimo
426 1545 510 1582 eius
555 1549 782 1595 expectatur
828 1544 1005 1583 adventu.
1075 1544 1126 1583 Ut
1166 1547 1268 1583 enim
1312 1552 1415 1584 esset

82 1602 325 1642 desideratus
369 1602 684 1654 expectantibus,
726 1604 836 1653 prius
880 1604 1053 1652 oportuit
1096 1615 1185 1641 eum
1229 1603 1414 1642 dilectum

82 1673 167 1700 esse
199 1660 460 1699 credentibus.

199 1717 401 1756 Zacharias
422 1718 468 1756 de
489 1717 644 1757 Christo
670 1723 708 1756 et
728 1718 908 1757 ecclesia:
936 1719 1098 1766 Exulta,
1124 1720 1262 1770 inquit,
1288 1721 1414 1768 valde,

78 1779 167 1824 filia
199 1777 306 1824 Sion,
338 1778 474 1824 iubila,
503 1778 590 1822 filia
621 1777 873 1815 Hierusalem
883 1790 897 1821 ,·
929 1788 1022 1815 ecee
1054 1788 1130 1815 rex
1162 1782 1253 1815 tuus
1285 1780 1415 1816 veniet

82 1835 157 1873 tibi
192 1837 318 1873 iustus
356 1839 395 1873 et
429 1837 629 1879 salomom
673 1837 755 1883 ipse
782 1847 941 1884 pauper
972 1840 1011 1873 et
1041 1837 1261 1873 ascendens
1293 1847 1414 1884 super

83 1895 238 1932 asinum
276 1897 314 1932 et
349 1904 469 1941 super
502 1895 653 1942 pullum
686 1894 814 1939 filium
853 1895 992 1931 asinae
1002 1906 1016 1938 ,·
1057 1898 1096 1931 et
1121 1898 1297 1942 potestas
1329 1896 1421 1932 eius·

83 1963 108 1990 a
141 1953 249 1990 mari
282 1962 406 1999 usque
444 1952 500 1989 ad
534 1962 646 1989 mare
677 1955 716 1989 et
755 1963 780 1988 a
812 1952 1043 1999 fluminibus
1075 1962 1199 1998 usque
1230 1952 1286 1989 ad
1311 1953 1414 1997 fines

84 2013 229 2048 terrae.
290 2008 373 2046 Hoc
405 2009 558 2059 quando
592 2009 736 2047 factum
768 2010 837 2060 sit,
870 2014 913 2047 ut
944 2009 1130 2047 Dominus
1164 2008 1341 2047 Christus
1372 2010 1413 2047 in

1441 601 1462 631 5

1442 915 1486 946 10

1443 1206 1484 1236 15

1441 1497 1484 1528 20

1440 1787 1484 1817 25

82 2068 221 2105 itinere
253 2068 425 2105 iumento
457 2066 574 2105 huius
606 2069 760 2117 generis
792 2073 988 2119 uteretur,
1020 2069 1059 2105 in
1092 2066 1287 2117 evangelio
1320 2067 1411 2117 legi·
1439 2076 1497 2106 30.

176 2157 211 2198 3)
236 2155 405 2189 Hiezech.
438 2159 500 2199 37,
533 2159 577 2189 22
610 2167 687 2199 sqq.
739 2157 795 2200 13)
822 2156 914 2200 Agg.
941 2159 981 2199 2,
1015 2160 1033 2189 7
1061 2167 1111 2198 sq.
1163 2156 1221 2204 29)
1243 2140 1354 2189 ‘Zach.
1381 2160 1414 2199 9,

83 2205 102 2236 9
130 2213 181 2245 sq.
233 2203 291 2245 30)
317 2202 381 2237 Mt.
408 2206 466 2236 21.

177 2310 197 2341 8
222 2306 342 2341 zacch.
368 2305 403 2339 R
428 2306 621 2340 identidem
639 2307 651 2349 ΙΙ
670 2309 713 2340 27
739 2305 881 2340 asinum
907 2316 994 2347 mss;
1021 2306 1161 2340 asinam
1185 2316 1206 2340 v

1062 2364 1132 2397 20*
