1548 2562
402 146 452 172 DE
472 146 660 172 CIVITATE
680 147 749 171 DEI
769 147 801 171 L.
821 147 919 171 XXII.
940 146 969 172 G.
990 147 1030 173 ιο.
1303 137 1387 178 583

603 277 754 320 CAPUT
786 278 835 320 X.
880 265 886 266 ⁷

61 364 216 410 Quanto
261 364 421 411 dionius
465 364 712 402 honorentur
755 368 972 414 martyres,
1021 364 1091 411 qui
1134 364 1220 401 ideo
1264 365 1388 401 multa

135 423 238 459 mira
272 422 466 469 obtinent,
499 425 543 459 ut
572 422 680 460 Deus
712 433 828 460 verns
860 423 1028 469 colatur,
1061 432 1179 468 quam
1212 422 1304 460 dae·

200 490 344 526 mones,
377 480 447 527 qut
477 479 524 518 ob
555 480 630 518 hoc
662 480 859 527 quaedam
886 478 1058 526 faciunt,
1091 483 1135 517 ut
1166 476 1242 528 ipsi

505 538 564 575 die·
593 549 677 576 esse
708 538 941 576 credantur.

172 618 242 656 Hic
281 618 380 656 forte
420 618 563 657 dicturi
601 624 693 657 sunt
730 619 845 656 etiam
886 618 979 656 deos
1012 630 1103 656 suos
1135 618 1261 669 aliqua
1292 620 1388 657 mira

55 676 205 714 fecisse.
268 675 384 728 Bene,
417 677 449 714 si
474 678 549 714 iam
574 677 766 728 incipiunt
798 676 891 715 deos
924 688 1015 715 suos
1048 678 1192 715 nostris
1225 678 1388 715 mortuis

53 734 275 772 hominibus
314 746 550 786 comparare.
612 735 670 773 An
708 734 839 773 dicent
878 736 993 773 etiam
1035 747 1075 773 se
1114 734 1255 773 habere
1296 735 1388 774 deos

54 805 98 831 ex
138 792 360 831 hominibus
398 794 583 844 mortuis,
625 794 726 832 sicut
764 792 990 845 Herculem,
1032 794 1132 831 sicut
1169 793 1387 845 Romulum,

54 852 156 889 sicut
199 851 293 889 alios
338 851 497 903 multos,
543 864 639 902 quos
680 853 720 889 in
761 851 924 890 deorum
962 863 1168 889 numerum
1207 857 1386 902 receptos

53 906 294 960 opinantur?
345 908 421 947 Sed
449 909 559 948 nobis
592 915 782 960 martyres
815 922 892 948 non
925 916 1016 948 sunt
1048 909 1112 961 dii,
1144 911 1233 960 quia
1265 922 1386 949 unum

53 967 298 1018 eundemque
332 967 454 1006 Deum
493 973 530 1006 et
562 974 739 1006 nostrum
773 969 917 1006 scimus
949 972 988 1006 et
1019 973 1244 1019 martyrum.
1306 968 1385 1006 Nec

53 1030 182 1064 tamen
209 1025 417 1078 miraculis,
449 1038 546 1076 quae
573 1037 643 1077 per
676 1027 881 1064 memorias
914 1031 1140 1064 nostrorum
1172 1031 1385 1076 martyrum

53 1084 167 1136 fiunt,
205 1083 282 1122 ullo
322 1084 434 1122 modo
476 1089 567 1122 sunt
605 1083 861 1135 comparanda
899 1083 1103 1136 miracula,
1145 1096 1243 1134 quae
1287 1084 1385 1122 sacta

52 1154 122 1193 per
166 1141 307 1192 templa
347 1141 603 1193 perhibentur
647 1142 814 1180 illorum.
876 1141 1019 1180 Verum
1059 1143 1091 1180 si
1130 1154 1204 1192 qua
1246 1143 1384 1181 similia

53 1199 250 1252 videntur,
291 1201 392 1238 sicut
429 1212 450 1238 a
487 1200 616 1250 Moyse
656 1202 755 1250 magi
792 1199 1022 1252 Pharaonis,
1066 1201 1121 1238 sic
1159 1212 1296 1239 eorum
1333 1201 1386 1239 dii

52 1259 144 1296 victi
176 1262 267 1296 sunt
292 1270 312 1295 a
338 1257 573 1309 martyribus
600 1260 755 1296 nostris.
817 1257 1013 1296 Fecerunt
1043 1263 1172 1297 autem
1204 1258 1267 1296 illa
1298 1258 1384 1297 dae-

55 1327 189 1354 mones
232 1328 276 1353 eo
316 1316 416 1354 fastu
455 1317 616 1367 inpurae
658 1315 883 1367 superbiae,
929 1328 1005 1366 quo
1048 1328 1183 1354 eorum
1215 1316 1268 1354 dii
1300 1329 1384 1355 esse

53 1374 278 1425 voluerunt3
317 1374 463 1412 faciunt
500 1380 629 1413 autem
667 1376 739 1412 ista
777 1380 968 1425 martyres
1008 1374 1067 1412 vel
1105 1376 1235 1425 potius
1282 1374 1384 1413 Deus

53 1438 118 1471 aut
150 1432 449 1483 cooperantibus
475 1437 540 1471 aut
573 1432 772 1471 orantibus
805 1434 872 1485 eis,
904 1437 947 1470 ut
978 1432 1073 1471 fides
1104 1432 1167 1470 illa
1198 1434 1385 1485 proficiat,
1413 1450 1419 1456 ·

54 1503 129 1541 qua
156 1502 222 1528 eos
249 1502 326 1528 non
353 1491 446 1528 deos
473 1496 628 1529 nostros
655 1503 753 1543 esse,
786 1491 853 1529 sed
879 1503 1000 1529 unum
1028 1491 1150 1529 Deum
1182 1491 1384 1530 nobiscum

53 1548 196 1587 habere
224 1548 439 1587 credamus.
502 1548 676 1599 Denique
704 1549 758 1587 illi
785 1548 924 1587 talibus
957 1549 1029 1587 diis
1062 1550 1143 1587 suis
1174 1554 1213 1588 et
1245 1550 1386 1600 templa

54 1606 354 1646 aedificaverunt
380 1613 418 1646 et
443 1613 665 1646 statuerunt
690 1619 786 1659 aras,
818 1613 857 1645 et
883 1607 1104 1645 sacerdotes
1130 1608 1386 1646 instituerunt

53 1670 93 1704 et
130 1666 317 1703 sacrificia
356 1665 550 1717 fecerunt3
592 1678 661 1704 nos
703 1671 831 1704 antem
864 1665 1098 1716 martyribus
1131 1667 1275 1704 nostris
1308 1678 1385 1704 non

0 1742 4 1747 ·
54 1723 197 1774 templa
229 1724 330 1762 sicut
361 1723 452 1775 diis,
484 1724 551 1762 sed
584 1725 790 1762 memorias
822 1725 924 1762 sicut
954 1723 1176 1762 hominibus
1208 1726 1385 1776 mortuis,
1411 1736 1418 1747 ⁴

54 1793 222 1831 quorum
261 1780 361 1832 apud
401 1781 522 1820 Deum
563 1784 695 1820 vivunt
727 1783 904 1833 spiritus,
943 1781 1196 1833 fabricamus3
1230 1794 1300 1820 nec
1332 1782 1385 1821 ibi

54 1840 240 1890 erigimus
279 1839 430 1891 altaria,
473 1842 512 1878 in
551 1839 692 1890 quibus
730 1841 992 1879 sacrificemus
1024 1840 1276 1893 martyribus,
1318 1840 1384 1879 sed

54 1898 121 1935 uni
147 1897 225 1935 Deo
253 1903 291 1936 et
316 1904 529 1949 martyrum
555 1905 594 1937 et
619 1904 772 1950 nostro3
805 1899 851 1937 ad
883 1898 986 1949 quod
1019 1899 1253 1937 sacrificium
1285 1899 1386 1937 sicut

54 1954 230 1994 homines
269 1954 357 2008 Dei,
395 1958 461 2007 qui
499 1956 686 1995 mundum
723 1958 762 1995 in
802 1958 885 1995 eius
918 1957 1162 1995 confessione
1196 1958 1384 2008 vicerunt,

1414 545 1434 576 5

1415 861 1455 891 10

1415 1153 1453 1182 15

55 2025 124 2051 suo
162 2013 246 2051 loco
285 2019 324 2052 et
361 2014 496 2053 ordine
539 2017 804 2067 nominantur,
847 2027 923 2053 non
956 2020 1085 2053 tamen
1117 2027 1137 2053 a
1170 2015 1383 2066 sacerdote,
1411 2024 1454 2053 30

56 2072 122 2121 qui
149 2071 351 2124 sacrificat,
383 2074 622 2112 invocantur.
674 2073 751 2112 Deo
779 2075 934 2125 quippe,
961 2085 1038 2112 non
1063 2075 1158 2124 ipsis
1185 2074 1386 2125 sacrificat,

151 2174 205 2215 16)
232 2171 343 2206 Exod.
371 2176 402 2208 8.

150 2304 193 2334 26
219 2299 439 2335 fabricamus
465 2311 528 2335 om.
557 2301 592 2335 R
