1548 2562
410 118 463 143 DE
483 117 672 143 CIVITATE
689 118 759 143 Dm
778 118 810 143 L.
830 118 910 143 XIV.
930 118 958 144 c.
978 118 1019 144 15.
1320 107 1373 149 37

51 211 179 244 tamen
216 218 286 257 per
321 208 509 245 iustitiam
546 207 778 247 dominantis
815 205 901 257 Dei,
942 207 1005 244 cui
1043 205 1186 244 subditi
1227 207 1372 245 servire

51 264 255 315 noluimus,
287 276 376 302 caro
402 270 533 303 nostra
558 265 682 317 nobis,
714 277 810 315 quae
837 264 989 303 subdita
1014 264 1152 316 fuerat,
1185 276 1260 301 non
1293 276 1372 302 ser-

49 322 187 360 viendo
208 322 368 361 molesta
389 324 450 374 sit,
483 325 655 373 quamvis
681 335 752 361 nos
778 322 856 361 Deo
882 335 959 361 non
986 322 1188 361 serviendo
1220 322 1373 361 molesti

49 380 160 418 nobis
203 382 445 431 potuerimus
488 393 591 433 esse,
634 393 712 419 non
754 379 838 419 illi‘?
898 380 1032 431 Neque
1073 382 1176 419 enim
1212 382 1268 418 sic
1308 380 1370 419 ille

49 444 194 486 nostro,
226 444 269 477 ut
294 451 364 477 nos
391 440 548 477 servitio
581 441 756 489 corporis
787 440 1021 491 indigemus,
1053 444 1091 478 et
1121 439 1207 478 ideo
1241 445 1371 477 nostra
1398 446 1417 477 5

49 502 108 535 est
139 497 242 547 quod
273 499 501 549 recipimus,
532 509 609 535 non
642 497 743 535 illius
773 510 896 548 poena
929 497 1031 548 quod
1063 498 1235 536 fecimus.
1298 496 1372 535 Do-

48 554 151 592 lores
175 567 305 607 porro,
337 557 403 605 qui
430 555 613 594 dicuntur
644 556 783 607 carnis,
814 557 961 593 animae
994 561 1084 594 sunt
1114 557 1153 593 in
1186 567 1301 593 carne
1334 561 1373 594 et

48 625 95 650 ex
126 625 252 651 carne.
316 613 416 658 Quid
452 615 555 652 enim
594 625 682 652 caro
715 625 785 663 per
816 626 857 651 se
887 615 1010 664 ipsam
1042 616 1125 652 sine
1157 615 1281 652 anima
1313 613 1371 652 vel

47 670 151 709 dolet
181 671 240 709 vel
271 669 540 722 concupiscit?
601 671 677 710 Sed
709 671 812 721 quod
850 674 1125 722 concupiscere
1158 684 1246 710 caro
1279 671 1370 710 dici-

47 734 112 767 tur
142 729 201 767 vel
233 729 375 781 dolere,
407 735 473 768 aut
503 731 585 780 ipse
617 729 732 768 homo
765 731 973 781 est,.sicut
1005 730 1272 782 disseruimus,
1304 736 1370 768 aut
1399 738 1440 768 10

47 786 190 837 aliquid
223 789 388 839 animae,
426 788 529 839 quod
561 789 688 826 carnis
720 788 836 826 afficit
867 790 1013 840 passio,
1054 788 1112 826 vel
1144 800 1296 840 aspera,
1328 794 1372 827 ut

47 843 160 884 faciat
191 845 380 898 dolorem,
423 846 483 884 vel
513 846 629 898 lenis,
660 851 704 884 ut
734 846 977 896 voluptatem.
1040 846 1115 884 Sed
1148 846 1257 884 dolor
1289 858 1369 887 car-

46 905 107 941 nis
138 909 287 942 tantum
326 904 439 942 modo
477 905 637 942 offensio
676 909 735 942 est
768 906 940 955 animae,
961 917 1005 942 ex
1038 916 1153 942 carne
1186 910 1224 942 et
1256 917 1370 955 quae-

47 961 133 999 dam
171 961 218 1000 ab
256 964 339 1000 eius
377 961 555 1013 passione
587 962 794 1014 dissensio,
834 964 934 1001 sicut
966 964 1082 1001 animi
1114 962 1239 1014 dolor,
1272 975 1369 1013 quae

46 1021 202 1058 tristitia
246 1026 512 1073 nuncupatur,
555 1021 745 1059 dissensio
790 1027 848 1059 est
894 1020 939 1058 ab
983 1021 1043 1059 his
1088 1020 1226 1072 rebuS,
1272 1033 1370 1071 quae
1398 1028 1439 1059 15

46 1078 157 1116 nobis
201 1078 422 1117 nolentibus
465 1079 700 1117 acciderunt.
775 1079 848 1117 Sed
902 1081 1096 1117 tristitiam
1140 1079 1370 1129 plerumque

44 1137 243 1187 praecedit
274 1142 412 1189 metus,
445 1139 510 1188 qui
541 1143 580 1176 et
610 1139 692 1188 ipse
725 1138 763 1175 in
796 1139 919 1175 anima
952 1144 1031 1189 est,
1064 1150 1138 1175 non
1171 1139 1211 1175 in
1243 1150 1370 1175 carne.

45 1194 225 1233 Dolorem
264 1201 392 1234 autem
431 1197 556 1233 carnis
598 1208 674 1233 non
717 1196 913 1246 praecedit
957 1195 1058 1234 ullus
1097 1197 1205 1246 quasi
1244 1201 1371 1234 metus

45 1254 192 1305 carnis,
224 1255 291 1303 qui
322 1260 408 1292 ante
441 1253 614 1292 dolorem
644 1255 684 1292 in
716 1266 831 1291 carne
866 1256 1065 1292 sentiatur.
1126 1253 1370 1305 Voluptatem

43 1323 136 1349 vero
178 1312 383 1362 praecedit.
417 1314 610 1363 appetitus
651 1312 821 1362 quidam,
866 1314 931 1362 qui
969 1314 1135 1350 sentitur
1172 1314 1210 1350 in
1254 1324 1369 1350 carne
1396 1320 1440 1351 20

44 1371 154 1419 quasi
185 1370 375 1420 cupiditas
414 1372 518 1420 eius,
555 1372 656 1408 sicut
695 1371 814 1408 fames
848 1376 885 1409 et
917 1372 1000 1408 sitis
1033 1376 1071 1408 et
1102 1383 1162 1421 ea,
1201 1383 1297 1420 quae
1328 1372 1369 1408 in

43 1427 276 1478 genitalibus
296 1430 476 1467 usitatius
496 1428 614 1466 libido
635 1430 868 1480 nominatur,
901 1441 989 1467 curn
1014 1428 1087 1467 hoc
1115 1430 1164 1467 sit
1189 1429 1368 1479 generale

42 1485 435 1534 vocabulum⁴omnis
473 1487 707 1537 cupiditatis,
768 1486 864 1524 Nam
901 1492 940 1525 et
975 1489 1098 1537 ipsam
1136 1488 1233 1525 iram
1274 1486 1370 1525 nihil

43 1543 145 1582 aliud
177 1556 262 1583 esse
301 1557 415 1595 quam
453 1545 666 1583 ulciscendi
702 1544 902 1597 libidinem
933 1551 1085 1583 veteres
1117 1545 1369 1596 definierunt3

43 1603 217 1653 quamvis
243 1615 533 1654 nonnumquam
558 1603 684 1655 homo,
715 1602 782 1641 ubi
808 1603 997 1641 vindictae
1030 1602 1159 1641 nullus
1192 1608 1251 1641 est
1283 1615 1368 1641 sen-
1396 1610 1439 1641 25

43 1672 128 1712 sus,
166 1662 281 1699 etiam
318 1661 436 1700 rebus
473 1663 652 1699 inanimis
684 1663 892 1713 irascatur,
931 1667 973 1699 ut
1005 1661 1102 1698 male
1135 1661 1369 1699 scribentem
1399 1693 1401 1695 ,

44 1718 175 1756 stilum
201 1719 368 1757 conlidat
393 1719 452 1757 vel
478 1719 665 1757 calamum
692 1720 840 1769 frangat
866 1720 998 1757 iratus.
1060 1718 1202 1757 Verum
1229 1726 1267 1758 et
1297 1721 1369 1757 ista

42 1776 133 1815 licet
163 1777 489 1829 inrationabilior,
526 1782 654 1816 tamen
688 1778 875 1827 quaedam
907 1777 1118 1815 ulciscendi
1150 1777 1267 1815 libido
1300 1783 1369 1828 est,

43 1840 82 1873 et
113 1836 245 1873 nescio
278 1847 388 1887 quae,
420 1828 463 1874 ut
488 1837 540 1874 ita
572 1836 747 1887 dixerim,
780 1837 888 1885 quasi
920 1835 1057 1874 umbra
1089 1835 1369 1887 retributionis,

43 1898 86 1931 ut
126 1894 192 1943 qui
231 1893 327 1932 male
369 1894 533 1945 faciunt,
575 1894 670 1932 mala
714 1895 920 1944 patiantur.
982 1893 1051 1932 Est
1091 1895 1209 1944 igitur
1250 1893 1367 1931 libido
1395 1902 1438 1933 30

42 1950 275 2003 ulciscendi,
307 1964 405 2002 quae
437 1954 493 1990 ira
526 1952 692 2004 dicitur,-
717 1957 776 1990 est
808 1951 923 1989 libido
955 1951 1121 1990 habendi
1152 1954 1369 2003 pecuniam,

43 2021 140 2059 quae
173 2011 347 2061 avaritia,
386 2016 445 2048 est
481 2010 598 2048 libido
637 2010 997 2061 quomodocumque
1036 2010 1231 2062 vincendi,
1270 2022 1368 2060 quae

41 2068 273 2119 pervicacia3
305 2074 364 2107 est
388 2068 506 2106 libido
538 2069 867 2120 gloriandisquae
898 2069 1078 2107 iactantia
1109 2074 1368 2120 nuncupatur.

96 2209 100 2212 ,
135 2169 195 2212 24)
223 2168 294 2203 Cic.
321 2169 425 2203 Tusc.
453 2173 485 2212 3,
512 2171 543 2203 5.

134 2276 155 2307 9
181 2272 293 2317 quod]
322 2283 403 2306 cum
428 2284 445 2307 e
463 2274 474 2316 ΙΙ
495 2276 538 2307 14
562 2272 705 2307 animae
731 2275 844 2318 υ1126
870 2274 925 2318 ut]
953 2274 990 2308 et
1022 2273 1055 2307 V
