1495 2489
15 710 56 740 10

13 1004 53 1033 15

9 1297 53 1327 20

8 1694 51 1725 25

7 1986 53 2017 30

81 76 136 117 56
614 85 640 111 s.
659 85 875 111 Auecsnm

82 174 205 213 cendo
243 175 427 213 recedere
466 186 543 212 non
581 174 745 213 habebat
776 176 816 213 in
846 180 1049 226 potestate.
1111 175 1206 214 Nam
1240 177 1341 214 sicut
1371 177 1411 214 in

81 233 152 271 hac
179 246 293 272 carne
320 235 448 272 vivere
475 234 557 271 siue
585 233 817 271 adiumentis
843 233 1114 273 alimentorum
1146 236 1186 273 in
1218 240 1410 285 potestate

82 304 159 330 non
192 298 267 344 est,
306 305 382 330 non
421 297 550 329 autem
588 293 626 329 in
659 304 703 329 ea
734 293 861 330 vivere
893 294 933 331 in
964 298 1155 343 potestate
1188 299 1263 344 est,
1308 293 1410 344 quod

83 351 230 389 faciunt
256 352 322 401 qui
349 363 390 389 se
416 352 521 400 ipsos
547 356 704 389 necant:
735 352 788 389 ita
813 350 912 389 bene
944 352 1071 390 vivere
1105 353 1188 390 sine
1220 351 1411 390 adiutorio

82 408 150 447 Dei
182 411 296 448 etiam
335 411 373 447 in
411 408 589 459 paradiso
626 421 704 447 non
743 415 825 448 erat
855 411 894 448 in
926 415 1135 461 potestate3
1168 416 1251 448 erat
1281 416 1411 449 autem

81 469 121 506 in
152 473 344 519 potestate
377 467 474 505 male
507 468 647 515 vivere,
679 467 747 506 sed
779 467 1016 507 beatitudine
1049 481 1126 507 non
1159 481 1412 519 permansura

82 532 121 565 et
162 538 286 577 poena
326 527 538 564 iustissima
579 532 771 565 secutura.
834 526 931 565 Cum
971 528 1089 577 igitur
1131 527 1245 565 huius
1290 528 1412 566 futuri

83 597 196 623 casus
217 585 375 623 humani
395 584 498 623 Deus
523 597 601 622 non
627 591 731 624 esset
756 587 924 636 ignarus,
957 598 1028 623 cur
1053 598 1142 624 eum
1168 598 1245 624 non
1266 587 1413 624 sineret

84 644 202 682 invidi
247 643 371 694 angeli
415 643 649 693 malignitate
695 641 905 694 temptari?
948 644 1052 682 nullo
1097 644 1210 683 modo
1255 644 1412 695 quidem

82 702 185 752 quod
212 703 434 740 vinceretur
460 703 645 754 incertus,
678 702 744 740 sed
772 702 890 740 nihilo
916 704 1045 741 minus
1075 704 1276 754 praescius
1308 702 1411 753 quod

81 761 127 799 ab
154 763 238 799 eius
264 762 411 799 semine
438 761 567 799 adiuto
594 773 663 799 sua
689 762 810 811 gratia
835 761 937 799 idem
963 763 1045 812 ipse
1078 761 1254 800 diabolus
1286 761 1413 800 suerat

82 826 305 858 sanctorum
347 819 466 870 gloria
505 821 648 857 maiore
687 820 909 858 vincendus.
973 819 1028 858 lta
1065 820 1210 858 factum
1248 825 1327 871 est,
1369 825 1412 858 ut

81 891 154 917 nee
198 878 320 916 Deum
364 878 506 928 aliquid
558 878 781 917 futurorum
831 878 992 930 lateret,
1042 891 1114 917 nec
1158 878 1412 929 praesciendo

81 949 314 988 quemquam
355 948 517 987 peccare
560 936 797 988 conpelleret
838 942 897 988 et,
939 936 1030 988 quid
1068 938 1278 975 interesset
1309 938 1412 975 inter

79 997 277 1046 propriam
321 997 511 1045 cuiusque
560 997 917 1046 praesumptionem
961 1001 999 1034 et
1041 1008 1150 1034 suam
1195 997 1411 1047 tuitionem,

80 1054 274 1105 angelicae
314 1059 352 1092 et
388 1053 578 1092 humanae
617 1054 795 1092 rationali
826 1060 1026 1092 creaturae
1059 1056 1316 1105 consequenti
1347 1067 1410 1092 ex-

79 1114 269 1163 perientia
320 1113 617 1152 demonstraret.
685 1113 780 1158 Quis
821 1114 925 1151 enim
965 1112 1104 1151 audeat
1144 1112 1305 1151 credere
1346 1119 1412 1151 aut

81 1171 233 1223 dicere,
277 1176 320 1209 ut
361 1183 488 1221 neque
526 1171 684 1221 angelus
723 1183 849 1221 neque
888 1171 1002 1209 homo
1041 1172 1218 1223 caderet,
1261 1172 1301 1209 in
1343 1171 1411 1210 Dei

79 1235 271 1281 potestate
317 1241 393 1267 non
435 1227 586 1268 fuisse?
646 1229 721 1268 Sed
762 1230 835 1268 hoc
877 1242 1013 1268 eorum
1053 1231 1237 1280 potestati
1277 1229 1411 1268 maluit

80 1301 158 1327 non
197 1288 349 1326 auferre
389 1294 503 1338 atque
542 1289 612 1339 ita,
650 1294 689 1326 et
720 1294 907 1338 quantum
940 1288 1028 1326 mali
1061 1301 1196 1327 eorum
1228 1288 1411 1340 superbia

79 1353 117 1386 et
149 1352 335 1397 quantum
366 1346 458 1385 boni
489 1358 559 1385 sua
589 1348 710 1397 gratia
743 1347 897 1399 valeret,
929 1347 1146 1386 ostendere.

551 1471 702 1514 CAPUT
734 1472 932 1514 XXVIII.

77 1546 138 1585 De
169 1547 362 1594 qualitate
393 1547 567 1584 duarum
598 1547 814 1592 civitatum,
848 1551 1035 1585 terrenae
1067 1551 1185 1594 atque
1216 1549 1410 1586 caelestis.

196 1627 391 1665 Fecerunt
415 1628 546 1678 itaque
573 1628 748 1665 civitates
781 1627 876 1665 duas
908 1639 1059 1665 amores
1091 1627 1180 1679 duo,
1212 1633 1410 1667 terrenam

78 1686 226 1725 seilicet
269 1697 376 1724 amor
416 1687 477 1724 sui
518 1697 641 1737 usque
680 1685 726 1724 ad
765 1691 1030 1736 contemptum
1069 1685 1158 1737 Dei,
1203 1686 1408 1726 caelestem

78 1757 168 1783 vero
207 1756 314 1782 amor
352 1743 421 1782 Dei
459 1756 583 1794 usque
622 1744 667 1782 ad
707 1749 974 1795 contemptum
1006 1746 1077 1782 sui.
1139 1744 1313 1796 Denique
1345 1745 1410 1784 illa

77 1805 115 1842 in
150 1816 190 1841 se
223 1805 322 1854 ipsa,
360 1802 453 1840 haec
498 1803 536 1840 in
569 1802 731 1840 Domino
764 1802 962 1853 gloriatur.
1024 1802 1090 1840 llla
1122 1804 1224 1841 enim
1258 1805 1410 1854 quaerit

78 1861 124 1900 ab
151 1861 371 1899 hominibus
397 1860 574 1911 gloriam3
606 1860 696 1898 huic
723 1867 851 1899 autem
877 1860 980 1898 Deus
1006 1862 1265 1899 conscientiae
1299 1864 1409 1900 testis

79 1922 243 1958 maxima
270 1925 329 1958 est
355 1919 486 1969 gloria.
538 1918 602 1956 llla
634 1920 673 1956 in
706 1918 825 1969 gloria
857 1931 925 1957 sua
958 1918 1098 1957 exaltat
1129 1926 1245 1970 caput
1276 1932 1409 1972 suum3

79 1979 173 2016 haec
199 1978 292 2016 dicit
319 1977 396 2015 Deo
425 1989 512 2016 suo:
548 1978 685 2015 Gloria
717 1989 804 2015 mea
836 1983 874 2016 et
904 1980 1088 2016 exaltans
1120 1984 1240 2027 caput
1271 1990 1407 2017 meam.

79 2037 136 2075 llli
162 2038 201 2074 in
228 2035 471 2086 principibus
498 2037 581 2074 eius
607 2035 666 2073 vel
692 2037 731 2074 in
758 2037 814 2074 eis
846 2047 941 2086 quas
974 2035 1155 2087 subiugat
1186 2037 1408 2076 nationibus

171 2127 230 2170 30)
256 2125 313 2159 Ps.
328 2129 373 2167 ,3,
399 2129 431 2160 4.

170 2258 214 2288 30
241 2253 380 2287 exaltas
407 2252 483 2286 AF
