1548 2562
473 74 526 99 DE
546 72 736 99 OIVITATE
755 73 825 98 DEI
844 73 877 98 L.
897 73 977 98 XIX.
998 73 1027 98 c.
1047 74 1089 98 27.
1356 64 1442 104 403

111 164 201 215 Dei,
251 175 347 213 quae
398 163 670 213 peregrinatur
719 163 759 200 in
808 163 935 200 terris.
997 160 1072 200 Per
1121 162 1249 200 omnia
1299 163 1442 212 quippe

110 221 284 260 membra
309 233 378 259 sua
404 221 541 259 clamat
566 221 612 259 ad
638 220 778 259 Deum:
810 221 972 259 Dimitte
997 221 1109 259 nobis
1134 220 1266 258 debita
1293 226 1444 268 nostra,

110 283 216 319 sicut
246 284 284 318 et
313 291 383 318 nos
415 281 646 318 dimittimus
678 280 922 317 debitoribus
953 281 1109 317 nostris.
1170 277 1250 316 Nec
1281 290 1353 329 pro
1387 279 1442 316 eis

111 344 170 376 est
202 338 337 376 efficax
368 337 462 375 haec
495 339 636 388 oratic,
673 349 841 387 quorum
880 336 976 375 fides
1009 338 1092 375 sine
1124 336 1309 387 operibus
1341 348 1441 374 mor-

110 402 176 435 tua
203 400 277 447 est3
311 395 378 434 sed
404 408 475 446 pro
502 397 569 447 eis,
602 407 770 446 quorum
800 395 896 433 fides
926 407 998 445 per
1029 395 1276 433 dilectionem
1307 406 1442 445 opera-

110 460 185 493 tur.
247 454 345 499 Quia
377 456 480 492 enim
511 453 590 492 Deo
624 453 781 504 quidem
812 453 985 504 subdita,
1017 455 1057 492 in
1088 453 1159 492 hac
1192 459 1320 491 tamen
1353 465 1442 491 con-

110 513 262 551 dicione
312 512 466 550 mortali
515 517 553 550 et
602 524 765 562 corpore
805 511 1068 563 corruptibili,
1119 511 1221 562 quod
1264 511 1445 562 adgravat

110 573 287 622 animam,
319 583 396 608 non
428 571 600 621 perfecte
633 571 736 608 vitiis
768 571 934 621 imperat
964 571 1074 622 ratio,
1105 570 1192 608 ideo
1225 572 1444 608 necessaria

110 634 170 667 est
200 630 314 667 iustis
352 629 438 667 talis
477 630 612 666 oratio.
673 628 770 666 Nam
800 628 976 679 profecto
1010 640 1243 678 quamquam
1276 630 1441 679 impere-

109 693 191 739 tur,
231 699 476 737 nequaquam
508 688 591 725 sine
624 686 807 725 conflictu
838 688 940 724 vitiis
972 688 1206 737 imperatur3
1239 692 1276 724 et
1308 688 1443 737 utique

110 745 288 796 subrepit
319 745 462 795 aliquid
500 746 540 783 in
577 744 652 783 hoc
690 745 774 783 loco
807 745 1042 783 infirmitatis
1074 746 1189 783 etiam
1221 745 1320 783 bene
1353 757 1443 783 con-

108 804 257 854 ssigenti
289 805 367 842 sive
406 803 584 841 hostibus
624 803 765 841 talibus
797 804 908 841 victis
942 803 1185 853 subditisque
1219 803 1444 855 dominanti,

110 862 213 901 unde
255 863 288 900 si
326 874 403 899 non
442 861 543 899 facili
581 863 827 912 operatione,
868 867 974 899 certe
1015 861 1117 899 labili
1150 861 1344 899 locutione
1378 867 1444 899 aut

109 920 251 958 volatili
282 921 513 970 cogitatione
545 926 742 970 peccetur.
804 919 852 958 Et
884 919 993 971 ideo,
1025 919 1209 969 quamdiu
1241 921 1343 957 vitiis
1375 921 1443 957 im-

108 984 288 1029 peratur,
325 978 438 1029 plena
469 990 542 1028 pax
576 990 653 1015 non
686 983 762 1029 est,
801 979 890 1028 quia
923 983 962 1015 et
992 977 1073 1029 illa,
1112 990 1209 1027 quae
1243 979 1443 1029 resistunt,

108 1036 328 1088 periculoso
373 1036 617 1074 debellantur
654 1036 818 1088 proelio,
859 1042 898 1074 et
938 1036 1021 1087 illa,
1060 1048 1157 1086 quae
1204 1037 1303 1074 victa
1342 1043 1445 1087 sunt,

109 1096 282 1133 nondum
327 1107 466 1132 securo
511 1094 803 1144 triumphantur
847 1096 947 1145 oti0,
998 1094 1065 1132 sed
1109 1094 1235 1132 adhuc
1279 1094 1444 1133 sollicito

108 1157 342 1203 premuntur
373 1154 548 1204 imperio.
610 1152 653 1190 In
685 1152 745 1190 his
778 1164 870 1202 ergo
902 1153 1240 1205 temptationibus,
1280 1153 1327 1191 de
1361 1155 1443 1203 qui-

107 1211 181 1249 bus
231 1211 412 1249 omnibus
461 1212 501 1249 in
551 1211 690 1249 divinis
741 1211 905 1261 eloquiis
954 1210 1126 1249 breviter
1176 1211 1324 1249 dictum
1368 1217 1444 1250 est:

108 1271 311 1318 Numquid
346 1281 425 1308 non
464 1271 666 1318 temptatio
705 1274 762 1308 est
792 1272 873 1308 vitu
904 1271 1081 1308 humanu
1112 1282 1234 1318 super
1265 1272 1444 1308 terram?

108 1329 195 1378 quis
235 1329 288 1366 ita
332 1329 460 1365 vivere
505 1340 546 1365 se
589 1333 835 1379 praesumat,
880 1333 923 1366 ut
967 1328 1097 1366 dicere
1137 1327 1235 1366 Deo:
1282 1329 1445 1366 Dimitte

107 1388 220 1425 nobis
258 1387 391 1424 debita
430 1390 569 1425 nostra
601 1398 762 1424 necesse
802 1398 879 1424 non
918 1386 1056 1424 habeat
1100 1387 1176 1424 nisi
1212 1386 1328 1424 homo
1369 1387 1442 1424 ela-

107 1442 201 1483 tus?
233 1456 305 1482 nec
338 1456 430 1482 vero
462 1456 643 1496 magnus,
682 1445 749 1482 sed
781 1444 938 1482 inflatus
970 1457 1013 1482 ac
1046 1445 1237 1496 tumidus,
1279 1446 1343 1483 cui
1373 1457 1444 1495 per

107 1504 296 1541 iustitiam
322 1504 483 1554 resistit,
515 1504 582 1553 qui
608 1505 768 1552 gratiam
796 1503 960 1552 largitur
992 1503 1215 1541 humilibus.
1277 1503 1444 1553 Propter

108 1561 211 1611 quod
233 1562 422 1611 scriptum
451 1566 526 1599 est:
554 1562 661 1599 Deus
686 1562 868 1610 superbis
893 1563 1053 1608 resistit,
1080 1563 1292 1599 humilibus
1313 1567 1443 1600 autem

107 1621 179 1657 dat
211 1622 401 1667 qratiam.
463 1618 534 1656 Hic
571 1620 702 1669 itaque
740 1621 780 1657 in
817 1631 1054 1669 unoquoque
1092 1620 1239 1657 iustitia
1279 1625 1358 1671 est,
1401 1626 1445 1658 ut

107 1677 331 1715 oboedienti
356 1677 460 1715 Deus
485 1677 645 1728 homini,
677 1679 828 1715 animus
855 1679 1022 1729 corpori,
1055 1679 1153 1716 ratio
1180 1683 1308 1715 autem
1341 1679 1443 1716 vitiis

108 1737 224 1773 etiam
250 1735 559 1786 repugnantibus
585 1737 763 1787 imperet,
797 1735 854 1773 vel
881 1735 1095 1786 subigendo
1122 1736 1180 1773 vel
1212 1736 1443 1788 resistendo,

107 1801 222 1844 atque
266 1799 310 1832 ut
353 1793 399 1831 ab
440 1795 524 1844 ipso
569 1793 648 1831 Deo
692 1800 847 1844 petatur
891 1799 930 1832 et
969 1796 1200 1832 meritorum
1243 1796 1365 1844 gratia
1406 1800 1444 1832 et

106 1853 216 1890 venia
259 1852 491 1891 delictorum
534 1864 578 1890 ac
621 1852 668 1890 de
712 1854 882 1903 acceptis
927 1852 1040 1890 bonis
1090 1854 1301 1903 gratiarum
1343 1855 1442 1891 actio

105 1910 359 1961 persolvatur.
420 1910 463 1948 In
505 1910 567 1948 illa
608 1923 700 1948 vero
741 1923 834 1961 pace
872 1911 993 1962 finali,
1035 1923 1110 1961 quo
1155 1911 1360 1949 reserenda
1405 1917 1442 1949 et

107 1970 219 2007 cuius
245 1969 515 2019 adipiscendae
543 1981 658 2007 causa
685 1969 859 2007 habenda
885 1975 945 2007 est
970 1971 1042 2007 ista
1068 1970 1227 2020 iustitia,
1260 1970 1440 2019 quoniam

200 2059 233 2101 5)
259 2057 330 2091 Iac.
356 2062 395 2099 2,
422 2062 464 2092 17
492 2070 568 2102 sqq.
620 2061 654 2102 6)
681 2058 759 2093 Gal.
788 2063 825 2100 5,
864 2063 894 2093 6.
946 2060 981 2102 8)
1009 2057 1092 2102 Sap.
1120 2062 1159 2102 9,
1188 2061 1240 2092 15.
1292 2059 1350 2103 20)
1376 2059 1441 2093 Iob

108 2108 139 2147 7,
168 2108 196 2139 1.
248 2106 306 2148 26)
331 2105 402 2139 Iac.
430 2108 463 2147 4,
489 2108 527 2148 63
556 2109 585 2140 1.
611 2105 707 2141 Petr.
735 2108 767 2147 5,
793 2108 824 2140 5.

201 2235 242 2265 13
268 2232 383 2266 flabili
410 2232 461 2266 12¹

1471 695 1514 725 10

1472 986 1513 1017 15

1470 1571 1514 1601 ‘25

1469 1864 1513 1893 30
