1548 2562
369 131 421 155 DE
440 130 626 155 CIVITATE
645 130 713 155 DEI
731 130 764 155 L.
784 130 864 155 xvi.
884 129 913 154 c.
934 130 957 155 7.
977 130 1001 154 8.
1271 118 1354 159 135

25 219 313 268 figurandarum
351 219 543 256 variarum
587 219 760 268 gentium
803 223 964 268 propter
1002 216 1187 255 ecclesiae
1228 228 1353 254 sacra-

26 282 199 314 mentum
236 277 274 314 in
313 287 400 313 arca
438 276 558 314 fuisse
597 278 724 314 omnia
756 287 915 327 genera,
956 276 989 313 si
1019 276 1059 313 in
1090 274 1244 325 insulis,
1277 286 1353 324 quo

24 335 190 373 transire
222 346 299 372 non
330 339 502 385 possent,
534 333 652 372 multa
685 333 859 372 animalia
891 339 996 372 terra
1026 332 1219 384 produxit.

545 457 697 500 CAPUT
724 458 839 499 VIII.

60 545 121 581 An
153 555 204 581 ex
231 545 524 592 propagatione
555 543 683 580 Adam
714 545 777 580 vel
800 545 977 588 filiorum
1010 543 1092 581 Noe
1122 543 1320 590 quaedam

237 613 390 648 genera
421 602 620 639 hominum
651 604 872 638 monstrosa
900 602 1136 648 prodierint.

143 681 352 726 Quaeritur
389 683 523 732 etiam,
560 686 693 719 utrum
726 693 771 718 ex
804 681 892 719 filiis
924 681 1003 719 Noe
1043 681 1101 719 vel
1132 683 1263 732 potius
1307 694 1354 720 ex

23 739 87 778 illo
133 752 210 777 uno
254 740 427 791 homine,
471 739 573 777 unde
613 740 727 777 etiam
766 740 839 789 ipsi
878 740 1108 790 extiterunt,
1146 745 1354 790 propagata

24 810 109 835 esse
143 797 381 835 credendum
413 799 463 835 sit
494 797 681 847 quaedam
719 802 937 835 monstrosa
968 797 1167 835 hominum
1200 810 1353 850 genera,

24 867 121 905 quae
162 857 336 905 gentium
375 861 506 893 narrat
543 855 720 905 historia,
762 856 863 893 sicut
900 854 1157 905 perhibentur
1198 856 1354 906 quidam

26 925 146 951 unum
180 913 321 951 habere
355 913 511 951 oculum
542 914 582 950 111
614 913 740 950 fronte
774 913 910 964 media,
943 912 1173 962 quibusdam
1206 913 1355 963 plantas

24 983 154 1009 versas
196 983 280 1009 esse
318 976 406 1021 post
447 983 577 1022 crura,
619 970 849 1020 quibusdam
882 973 1087 1021 utriusque
1121 984 1236 1010 sexus
1269 984 1354 1010 esse

24 1035 200 1067 naturam
246 1034 284 1067 et
323 1029 496 1067 dextram
535 1041 737 1066 mammam
776 1028 942 1078 virilem,
981 1031 1178 1067 sinistram
1221 1030 1352 1067 mulie-

23 1087 150 1139 brem,
192 1086 418 1137 vicibusque
451 1088 553 1125 inter
586 1099 626 1124 se
659 1087 835 1125 coeundo
868 1092 906 1125 et
937 1089 1095 1137 gignere
1129 1094 1166 1125 et
1198 1100 1354 1139 parere,

22 1145 106 1183 aliis
138 1157 205 1183 ora
244 1158 320 1183 11011
359 1157 444 1183 6556
487 1157 630 1195 eosque
675 1157 744 1194 per
788 1157 901 1183 nares
934 1145 1200 1183 tantummodo
1233 1146 1353 1183 halitu

23 1205 163 1254 vivere,
195 1203 289 1241 alios
310 1208 456 1241 statura
484 1215 568 1241 esse
596 1202 795 1254 cubitales,
823 1215 919 1253 quos
940 1203 1150 1253 Pygmaeos
1177 1216 1196 1241 a
1224 1204 1354 1241 cubito

23 1260 160 1299 Graeci
201 1266 360 1312 vocant,
405 1260 493 1298 alibi
541 1263 813 1311 quinquennes
857 1263 1063 1311 concipere
1115 1262 1276 1299 seminas
1319 1268 1356 1299 et

23 1325 200 1357 octavum
239 1321 337 1357 vitae
376 1331 517 1357 annum
569 1332 645 1357 11011
690 1319 888 1357 excedere.
968 1319 1063 1357 Item
1102 1320 1232 1357 ferunt
1270 1332 1354 1358 esse

23 1383 189 1429 gentem,
222 1377 288 1415 ubi
315 1377 465 1427 singula
491 1389 604 1415 crura
631 1378 669 1414 in
696 1377 859 1427 pedibus
891 1377 1035 1415 liabent
1067 1390 1137 1415 1166
1170 1378 1354 1428 poplitem

23 1435 205 1486 flectunt,
239 1441 277 1473 et
309 1441 400 1473 sunt
431 1435 617 1473 mirabilis
650 1435 879 1486 celeritatis,
918 1448 1015 1485 quos
1050 1435 1259 1486 Sciopodas
1292 1448 1353 1473 vo-

23 1499 129 1544 cant,
168 1493 270 1543 quod
310 1505 380 1544 per
418 1499 567 1531 aestum
599 1495 637 1531 in
671 1499 773 1531 terra
806 1495 976 1531 iacentes
1008 1495 1183 1544 resupini
1218 1494 1353 1531 umbra

24 1563 64 1589 se
97 1551 240 1601 pedum
272 1556 493 1602 protegant3
526 1551 713 1601 quosdam
746 1553 828 1589 sine
861 1553 1011 1589 cervice
1045 1551 1178 1589 oculos
1210 1552 1352 1590 haben-

23 1614 81 1647 tes
125 1610 164 1646 in
209 1611 376 1660 umeris,
419 1615 457 1647 et
495 1615 624 1647 cetera
666 1609 864 1647 hominum
905 1609 963 1646 vel
1003 1611 1113 1659 quasi
1154 1609 1354 1648 hominum

23 1678 184 1718 genera,
217 1679 313 1717 quae
346 1669 384 1704 111
419 1668 608 1704 maritima
640 1667 764 1717 platea
797 1667 1038 1717 Carthaginis
1072 1669 1219 1705 musivo
1251 1669 1353 1718 pieta

24 1730 126 1775 sunt,
160 1737 206 1762 ex
233 1724 341 1762 libris
368 1724 596 1775 deprompta
621 1725 726 1763 velut
752 1726 977 1763 curiosioris
1008 1725 1205 1763 historiae.
1254 1725 1354 1770 Quid
1382 1736 1389 1747 ⁸

23 1783 147 1820 dicam
189 1782 234 1820 de
269 1781 563 1833 Cynocephalis,
603 1795 768 1832 quorum
801 1785 935 1820 canina
968 1785 1091 1834 capita
1124 1788 1238 1833 atque
1271 1785 1353 1833 ipse

24 1840 185 1878 latratus
231 1842 351 1890 magis
402 1840 546 1878 bestias
598 1852 711 1891 quam
755 1841 931 1879 homines
976 1839 1214 1879 confitetur?
1279 1841 1353 1879 Sed

23 1900 151 1936 omnia
183 1910 325 1949 genera
356 1898 574 1949 hominum,
606 1911 703 1948 quae
737 1899 921 1937 dicuntur
953 1911 1051 1950 esse,
1084 1898 1244 1937 credere
1277 1912 1354 1937 non

25 1962 84 1994 est
115 1968 286 1994 necesse.
348 1955 490 1994 Verum
531 1958 707 2007 quisquis
745 1959 894 2007 uspiam
934 1959 1106 1995 nascitur
1146 1957 1279 2008 homo,
1316 1957 1355 1996 id

24 2020 84 2052 est
115 2013 254 2052 animal
287 2014 471 2052 rationale
506 2015 683 2066 mortale,
716 2014 926 2065 quamlibet
958 2017 1101 2053 nostris
1132 2016 1354 2053 inusitatam

25 2072 204 2110 sensibus
236 2077 344 2122 gerat
376 2074 551 2123 corporis
593 2073 755 2110 sormam
788 2085 855 2111 seu
890 2073 1060 2111 colorem
1091 2074 1170 2110 sive
1203 2079 1352 2112 motum

119 2187 139 2217 5
164 2183 430 2228 propagatione
458 2184 514 2225 F,·
546 2184 747 2228 propagine
773 2195 793 2218 v
830 2186 842 2228 ΙΙ
882 2188 923 2218 14
954 2184 1170 2228 uicibusque
1196 2185 1290 2220 inter
1317 2197 1355 2219 se

23 2240 92 2263 mss
118 2230 154 2273 (l.
181 2233 225 2264 19
253 2240 280 2264 6.
307 2233 331 2264 2
357 2231 408 2265 in.
435 2229 575 2264 vicibus
602 2231 754 2275 agitur);
786 2230 1001 2274 vicibusque
1028 2231 1178 2266 alternis
1204 2243 1224 2266 v
1261 2234 1273 2276 ss
1312 2236 1354 2266 16

24 2286 114 2318 quos
140 2287 204 2310 om.
240 2275 361 2319 V1117
389 2276 628 2311 concumbere
663 2277 694 2308 V

1382 861 1424 891 10

1383 1444 1424 1472 20

1382 2024 1425 2054 30
