1548 2562
447 145 498 169 DE
519 144 706 170 01vi'rATE
725 145 794 169 DEI
813 144 845 169 L.
865 144 946 170 XIV.
968 145 997 170 c.
1017 146 1041 171 7.
1337 137 1406 188 '15

81 235 209 285 magni
244 233 433 284 pendere,
476 232 564 271 libri
603 245 738 271 eorum
775 234 868 271 satis
911 232 1136 283 loquuntur.
1199 233 1274 272 Sed
1313 236 1404 272 scri-

81 299 216 344 pturas
265 291 462 342 religionis
511 298 684 343 nostrae,
733 303 898 342 quarum
946 293 1216 330 auctoritatem
1265 295 1405 330 ceteris

81 350 260 388 omnibus
297 349 436 387 litteris
474 351 760 401 anteponimus,
800 357 878 388 non
915 349 1017 388 aliud
1055 350 1184 388 dicere
1224 362 1406 402 amorem,

81 408 183 447 aliud
221 408 468 446 dilectionem
504 408 563 445 vel
600 409 816 459 caritatem,
853 408 1127 446 insinuandum
1165 409 1249 447 fuit.
1309 408 1405 447 Nam

83 472 121 505 et
161 478 331 505 amorem
368 468 408 504 in
446 465 547 503 bono
585 466 660 504 dici
698 467 773 503 iam
811 466 1062 505 ostendimus.
1125 466 1200 504 Sed
1238 479 1286 505 ne
1319 469 1404 517 quis

61 526 276 574 ‚existimet
301 536 471 562 amorem
497 524 652 574 quidem
679 529 717 561 et
748 526 787 562 in
820 524 916 562 malo
950 531 988 563 et
1018 526 1058 563 in
1088 524 1202 576 bono,
1233 525 1404 564 dilectio-

80 595 169 621 nem
201 588 331 621 autem
362 594 439 620 non
472 583 546 620 nisi
575 583 616 620 in
646 581 749 619 hono
780 594 866 620 esse
898 583 1116 635 dicendam,
1148 583 1242 621 illud
1274 584 1404 622 adten-

81 641 144 679 dat
176 641 277 691 quod
319 642 359 678 in
400 640 546 691 psalmo
578 641 766 691 scriptum
797 646 874 678 est:
918 642 995 687 Qui
1024 646 1155 680 autem
1187 644 1317 690 ditiqit
1347 644 1403 680 in-

81 702 301 746 iquitatem,
334 701 416 737 odit
448 701 620 737 animam
650 710 779 746 suam,
820 704 858 736 et
889 698 981 737 illud
1014 700 1176 750 apostoli
1207 699 1404 738 Iohannis:

81 758 127 795 Si
151 759 238 805 quis
264 759 453 796 dilexerit
476 759 675 804 mundum,
707 769 785 795 non
817 762 874 795 est
904 759 1062 796 dilectio
1089 759 1224 796 Patris
1257 761 1296 797 in
1327 761 1404 797 illo.

80 814 180 853 Ecce
213 827 290 853 uno
327 815 411 853 loco
450 815 604 853 dilectio
641 822 680 853 et
710 817 750 852 in
781 815 882 853 bono
915 821 954 853 et
984 817 1023 853 in
1055 816 1164 853 malo.
1225 818 1406 855 Amorem

80 879 210 912 autem
246 875 286 912 in
323 873 422 911 malo
461 869 570 926 (quia
607 875 646 912 in
683 873 785 911 bono
823 875 897 911 iarn
930 870 1189 926 ostendimus)
1222 887 1269 912 ne
1302 877 1404 925 quis-

81 943 196 982 quam
244 931 411 983 flagitet,
460 932 560 982 legat
609 932 712 982 quod
763 933 953 982 scriptum
1002 938 1077 971 est:
1123 933 1254 971 Erunt
1303 936 1405 971 enim

80 992 254 1028 homines
296 1002 338 1028 se
381 992 484 1038 ipsos
527 996 727 1038 amantes,
771 995 969 1028 amatores
1008 993 1217 1039 pecuniae.
1286 991 1404 1030 Recta

79 1049 209 1098 itaque
236 1047 412 1086 voluntas
439 1054 498 1086 est
522 1048 647 1086 bonus
674 1060 781 1086 amor
808 1055 846 1086 et
870 1047 1046 1086 voluntas
1070 1061 1252 1099 perversa
1284 1050 1405 1088 malus

78 1118 197 1144 amor.
258 1106 375 1144 Amor
407 1119 498 1157 ergo
529 1107 682 1145 inhians
712 1106 855 1144 hahere
888 1107 990 1156 quod
1023 1113 1182 1159 amatur,
1215 1108 1405 1158 cupiditas

79 1170 156 1215 est,
192 1164 230 1202 id
268 1170 397 1202 autem
428 1164 574 1203 hahens
606 1178 728 1215 eoque
761 1166 895 1203 fruens
927 1165 1086 1216 laetitia;
1119 1166 1270 1216 fugiens
1303 1168 1405 1216 quod

79 1223 116 1260 ei
141 1222 378 1274 adversatur,
404 1225 520 1261 timor
547 1229 617 1274 est,
642 1224 758 1273 idque
785 1225 817 1261 si
843 1223 1026 1262 acciderit
1052 1225 1223 1262 sentiens
1250 1226 1406 1263 tristitia

81 1286 151 1318 est.
211 1279 380 1319 Proinde
406 1281 503 1319 mala
529 1287 620 1320 sunt
650 1283 734 1333 ista,
767 1283 798 1319 si
829 1282 952 1319 malus
985 1294 1091 1320 amor
1124 1289 1198 1334 est,
1230 1282 1348 1335 bona,
1374 1286 1405 1321 si

79 1337 216 1376 bonus.
279 1338 390 1384 Quod
430 1340 613 1391 dicimus,
652 1340 698 1378 de
737 1341 941 1390 scripturis
974 1340 1195 1391 probemus.
1257 1341 1403 1380 Concu-

79 1398 193 1446 piscit
225 1397 421 1447 apostolus
453 1398 608 1436 dissolvi
640 1404 678 1436 et
709 1410 794 1436 esse
827 1410 916 1436 cum
948 1398 1119 1450 Christ03
1157 1405 1211 1437 et:
1255 1400 1403 1438 Concu-

77 1457 177 1503 pivit
214 1458 350 1494 anima
388 1468 475 1495 mea
514 1458 748 1495 desiderare
785 1458 936 1495 iudicia
975 1463 1060 1504 tua,
1102 1458 1160 1495 vel
1193 1459 1225 1495 si
1256 1470 1403 1496 accom-

81 1513 272 1551 modatius
313 1514 472 1553 dicitur:
516 1516 771 1553 Desideravit
796 1518 947 1553 'anima
991 1527 1077 1554 mea
1121 1519 1405 1565 concupiscere

80 1573 232 1610 iudicia
256 1576 361 1617 -tua;
404 1578 459 1611 et:
509 1574 837 1622 Concupiscentia
874 1576 1096 1622 sapientiae
1129 1577 1326 1623 perducit·
1349 1578 1406 1614 ad

79 1641 256 1677 reanum.
317 1629 399 1669 Hoc
426 1637 554 1669 tamen
585 1631 768 1681 loquendi
800 1631 967 1670 obtinuit
998 1632 1251 1684 consuetudo,
1286 1639 1338 1685 ut,
1370 1636 1402 1672 si

80 1688 270 1737 cupiditas
296 1688 355 1726 vel
382 1690 697 1739 concupiscentia
728 1689 878 1727 dicatur
910 1702 981 1727 nec
1013 1690 1174 1728 addatur
1206 1693 1317 1729 cuius
1347 1694 1405 1730 rei

80 1746 147 1796 sit,
185 1758 262 1783 non
300 1748 375 1784 nisi
412 1748 451 1784 in
489 1747 588 1785 malo
625 1749 748 1798 possit
784 1747 966 1798 intellegi.
1027 1747 1187 1787 Laetitia
1224 1751 1263 1787 in
1303 1750 1404 1788 bono

80 1808 154 1841 est:
193 1804 420 1842 Laetamini
455 1807 494 1843 in
526 1807 695 1844 Domino
733 1811 769 1844 ct
801 1808 976 1844 exultate
1009 1809 1122 1852 iustt;
1159 1813 1214 1846 et:
1252 1810 1407 1847 Dedisti

79 1863 272 1899 laetitiam
305 1865 344 1900 in
384 1875 455 1901 cor
492 1875 641 1909 meum;
679 1870 734 1902 et:
771 1865 1010 1913 Adimplebis
1041 1877 1101 1903 me
1132 1868 1283 1905 taetitia
1315 1879 1405 1905 cum

1433 767 1475 797 10

1434 1058 1474 1089 15

1431 1351 1475 1382 20

1431 1643 1473 1674 25

79 1922 185 1958 vultu
218 1925 296 1958 tuo.
357 1921 489 1959 Timor
526 1923 566 1959 in
604 1922 705 1960 hono
744 1928 804 1960 est
835 1923 935 1973 apud
968 1923 1204 1975 apostolum,
1235 1924 1301 1963 ubi
1333 1927 1401 1964 ait:
1428 1935 1471 1965 30

171 2034 206 2075 9>
226 2032 282 2066 Ps.
305 2036 359 2076 10,
379 2036 411 2068 5.
462 2035 519 2077 10)
543 2038 570 2068 1.
592 2034 641 2068 10.
661 2038 692 2077 2,
722 2038 776 2068 15.
827 2037 883 2079 14)
909 2039 940 2069 2.
967 2035 1058 2069 Tim.
1086 2040 1118 2077 3,
1144 2040 1175 2070 2.
1225 2038 1283 2079 22)
1308 2038 1402 2072 Phil.

80 2081 110 2119 1,
137 2082 190 2112 23.
242 2081 299 2123 24)
325 2080 382 2114 Ps.
410 2084 493 2122 118,
521 2084 575 2115 20.
625 2083 682 2124 25)
710 2081 793 2126 Sap.
821 2086 858 2125 e,
884 2086 938 2116 21.
989 2084 1047 2126 28)
1073 2082 1129 2117 Ps.
1157 2087 1212 2127 31,
1242 2089 1293 2119 11.
1344 2086 1402 2129 29)

77 2124 134 2159 Ps.
159 2128 192 2168 4,
218 2128 249 2161 8.
300 2128 359 2170 30)
384 2126 440 2160 Ps.
469 2130 523 2170 15,
551 2131 603 2161 11.

170 2256 205 2297 3)
232 2255 398 2288 omnibus
432 2254 556 2296 VAF‚-
591 2255 794 2299 quibusque
824 2267 843 2290 v
862 2258 874 2300 Η
896 2260 937 2290 10
963 2256 1086 2302 diligit
1104 2259 1138 2291 A
1169 2260 1181 2302 ΙΙ
1212 2258 1250 2292 in
1282 2270 1324 2293 eo
1352 2271 1371 2293 v
1390 2259 1401 2305 Η

79 2303 120 2334 17
146 2300 232 2335 laet.
265 2301 352 2343 VA,-
376 2301 462 2335 laet.
490 2304 544 2336 est
566 2313 586 2336 v
711 2309 713 2312 ’
