1548 2562
409 147 460 172 DE
481 147 667 173 CIVITATE
686 147 755 173 DEI
774 148 807 172 L.
827 147 905 172 xvi.
925 147 954 173 0.
975 149 999 172 2.
1277 139 1358 179 123

37 235 96 274 vel
117 236 217 273 sicut
237 235 309 273 alio
330 235 442 273 modo
465 248 530 274 eos
557 237 721 286 appellat
746 236 954 288 apostolus,
986 236 1116 275 Iudaei
1149 242 1186 275 et
1213 236 1361 287 Graeci,

37 293 103 331 sed
146 295 269 331 vocati
308 299 347 331 et
386 295 601 343 iustificati,
646 296 796 344 cognita
841 307 996 345 quoquo
1035 295 1149 332 modo
1187 294 1360 332 nuditate

35 353 167 402 patriS,
200 363 273 401 qua
301 351 587 401 significabatur
613 354 739 401 passio
767 352 986 404 Salvatoris‚
1018 357 1216 391 sumentes
1248 354 1360 390 vesti-

35 414 209 447 mentum
240 414 457 459 posuerunt
495 421 608 459 supra
648 410 761 447 dorsa
793 422 861 448 sua
892 415 930 448 et
961 412 1203 448 intraverunt
1236 411 1360 447 aversi

36 472 74 505 et
115 473 356 517 operuerunt
400 467 612 505 nuditatem
652 469 772 517 patris
811 469 889 519 sui,
930 480 1001 506 nec
1039 468 1218 506 viderunt
1257 468 1360 517 quod
1387 477 1406 505 5

34 525 248 563 reverendo
298 530 491 563 texerunt.
553 524 727 569 Quodam
777 527 880 563 enim
931 526 1042 563 modo
1091 527 1131 563 in
1180 527 1358 576 passione

35 581 179 620 Christi
217 588 255 620 et
293 582 394 632 quod
432 594 502 632 pro
542 581 652 620 nobis
690 583 833 621 sactum
871 589 931 621 est
962 583 1198 622 honoramus
1230 588 1268 621 et
1299 583 1358 621 Iu-

33 640 219 679 daeorum
245 641 393 678 facinus
419 652 651 678 aversamur.
700 640 979 679 vestimentum
1014 642 1204 691 significat
1235 653 1358 679 sacra-

34 704 224 749 mentum,
262 697 375 736 dorsa
407 700 631 736 memoriam
663 700 981 749 praeteritorum,
1019 701 1107 748 quia
1140 700 1358 749 passionem

34 755 179 794 Christi
219 768 264 794 eo
305 755 453 794 scilicet
483 757 557 794 iam
595 762 792 807 tempore,
837 768 912 806 quo
945 756 1090 794 habitat
1122 756 1279 806 [apheth
1318 759 1357 794 in
1387 766 1428 796 10

33 813 212 852 domibus
239 813 329 852 Sem
355 819 394 852 et
418 813 541 852 malus
567 815 686 852 frater
718 816 756 852 in
789 814 915 852 medio
948 826 1094 865 eorum,
1127 820 1360 852 transactam

33 871 204 910 celebrat
235 871 408 918 ecclesia,
441 884 517 909 non
550 871 674 910 adhuc
706 877 928 922 prospectat
961 873 1140 910 suturam.

152 929 226 967 Sed
260 929 382 967 malus
409 931 528 968 frater
553 931 592 967 in
625 929 701 967 filio
734 941 816 980 suo,
847 929 919 967 1106
953 935 1023 980 est,
1055 931 1093 967 in
1126 942 1243 980 opere
1276 942 1359 982 suo,

33 1000 147 1038 puer,
179 988 216 1025 id
250 994 308 1025 est
340 999 474 1025 servus
513 993 572 1025 est
603 988 766 1026 fratrum
798 987 1006 1038 bonorum,
1051 999 1140 1026 cum
1172 988 1217 1025 ad
1251 1000 1357 1026 exer—

33 1047 253 1084 citationem
286 1047 491 1095 patientiae
524 1044 583 1083 vel
614 1046 658 1083 ad
690 1051 917 1096 proveetum
949 1047 1158 1095 sapientiae
1191 1047 1360 1083 scienter
1388 1054 1428 1084 15

33 1109 198 1142 utuntur
218 1103 327 1141 malis
348 1103 450 1141 boni.
501 1103 600 1141 Sunt
621 1105 722 1141 enim
744 1109 842 1141 teste
863 1103 1048 1153 apostole,
1075 1105 1141 1152 qui
1161 1103 1358 1141 Christum

33 1162 262 1199 adnuntiant
305 1173 382 1199 non
427 1167 547 1211 caste3
592 1161 658 1199 sed
699 1164 780 1200 sive
823 1163 1049 1207 occasione,
1094 1163 1237 1210 inquit,
1279 1164 1361 1199 sive

33 1222 199 1258 veritate
247 1220 426 1257 Christus
469 1220 730 1257 adnuntiezufl
774 1217 842 1269 <m
883 1221 957 1257 hoc
991 1221 1168 1266 quadem,
1212 1220 1284 1256 sed
1323 1225 1360 1256 et

29 1274 254 1326 quadem>
317 1276 401 1327 Ipse
446 1278 588 1327 quippe
632 1276 816 1328 plantavit
859 1278 1025 1327 vineam,
1069 1276 1114 1314 de
1154 1288 1228 1326 qua
1267 1276 1360 1314 dicit

33 1335 237 1386 propheta:
289 1335 411 1373 Vinea
455 1336 614 1373 Domini
650 1336 824 1373 Sabaoth
868 1336 1004 1372 domus
1044 1335 1175 1372 Israel
1210 1340 1283 1384 est,
1321 1340 1360 1371 et
1386 1342 1429 1372 20

33 1393 129 1431 bibit
154 1392 200 1430 de
228 1394 315 1430 vino
348 1394 431 1430 eius
463 1389 561 1444 (sive
595 1392 656 1435 ille
689 1392 786 1430 calix
818 1392 880 1429 1116
912 1391 1170 1442 intellegatur,
1202 1392 1249 1429 de
1281 1403 1358 1441 quo

32 1451 142 1489 dicit:
182 1452 348 1489 Potestis
379 1452 515 1489 bibere
546 1453 728 1501 calicem,
768 1461 880 1497 quem
914 1461 986 1497 eqo
1019 1451 1215 1487 bibiturus
1245 1452 1359 1487 sum?

33 1515 87 1547 et:
129 1510 272 1560 Pater,
302 1511 338 1546 si
363 1511 459 1555 fieri
484 1513 627 1557 potest,
660 1513 841 1546 transeat
872 1510 981 1546 calix
1014 1510 1101 1553 iste,
1140 1519 1217 1556 quo
1251 1519 1359 1544 suam

32 1568 114 1605 sine
148 1566 264 1604 dubio
297 1566 486 1617 significat
516 1568 752 1616 passionem3
792 1567 892 1616 sive,
924 1566 1012 1614 quia
1045 1566 1175 1602 vinum
1208 1565 1359 1602 fructus

32 1630 91 1663 est
122 1626 273 1675 vineae,
305 1624 377 1662 1106
409 1625 538 1674 potius
570 1623 634 1661 illo
668 1624 925 1673 significatum
958 1628 1032 1672 est,
1065 1622 1167 1672 quod
1201 1634 1247 1659 ex
1278 1624 1360 1671 ipsa
1386 1630 1429 1659 ⁴25

32 1684 162 1733 vinea,
193 1682 266 1720 hoc
299 1688 358 1720 est
389 1694 435 1719 ex
467 1693 608 1731 genere
641 1680 919 1730 israelitarum,
958 1691 1113 1717 earnem
1146 1691 1216 1729 pro
1248 1679 1360 1716 nobis

32 1746 71 1778 et
102 1741 349 1791 sanguinem,
390 1744 433 1777 ut
463 1741 542 1790 pati
573 1744 725 1789 posset,
768 1734 1024 1788 adsumpsit),
1069 1742 1105 1775 et
1138 1738 1360 1775 inebriatus

32 1803 99 1845 est,
131 1797 168 1835 id
196 1803 255 1835 est
279 1809 417 1848 passus
449 1802 519 1848 est,
551 1801 589 1835 et
619 1798 793 1835 nudatus
825 1801 903 1840 est,·
934 1794 988 1833 ibi
1021 1806 1185 1844 namque
1218 1794 1360 1832 nudata

31 1862 110 1906 est,
140 1855 178 1893 id
212 1860 270 1893 est
302 1856 496 1906 apparuit,
529 1856 612 1893 eius
644 1855 863 1904 infirmitas,
896 1853 942 1890 de
977 1864 1051 1903 qua
1084 1852 1176 1890 dicit
1208 1858 1360 1902 aposto-

127 1956 184 1999 19)
209 1955 302 1989 Phil.
333 1960 368 1998 1,
397 1959 449 1989 18.
500 1957 557 1996 20)
584 1954 679 1988 Esai.
707 1957 744 1997 5,
773 1957 802 1988 7.
852 1955 911 1997 22)
938 1953 1000 1986 Mt.
1028 1956 1091 1996 20,
1119 1956 1173 1985 22.
1224 1952 1281 1994 23)
1308 1951 1362 1986 lb.

31 2006 86 2045 26,
113 2006 166 2036 39.
218 2003 276 2045 28)
302 2001 389 2036 Gen.
417 2005 450 2044 9,
476 2005 530 2034 21.

124 2111 146 2139 4
182 2117 291 2150 supra
327 2105 434 2139 dorsa
467 2105 640 2149 VR9b¹v;
677 2115 787 2148 supra
818 2104 888 2138 duo
921 2104 1030 2138 dorsa
1054 2103 1109 2144 A‚-
1147 2103 1218 2136 duo
1254 2102 1362 2136 dorsa

31 2153 171 2195 (omisso
196 2154 317 2196 supra)
344 2152 382 2185 F
398 2153 409 2196 Η
431 2156 472 2185 14
498 2151 690 2195 bonorum]
725 2161 873 2184 suorum
898 2150 933 2184 R
952 2152 963 2193 Ι]
982 2161 1064 2183 cum
1089 2150 1148 2183 vel
1174 2149 1221 2182 ad
1245 2160 1265 2182 υ
1285 2150 1296 2192 ΙΙ
1318 2152 1359 2182 15

30 2199 244 2242 prouectum
277 2198 380 2232 VRA
401 2199 478 2241 (vol.
502 2199 529 2231 Ι
529 2225 538 2239 ,
558 2201 639 2239 479,
659 2201 716 2240 9),·
741 2196 945 2240 profectum
961 2196 1018 2229 Fv
1037 2198 1049 2239 ΙΙ
1071 2199 1111 2229 18
1132 2196 1239 2229 verba
1258 2196 1362 2228 uncis

30 2245 171 2279 inclusa
196 2255 259 2279 om.
293 2244 438 2278 VRAF
454 2246 465 2288 ss
485 2248 527 2277 23
554 2245 715 2278 transeat
752 2243 815 2277 VR
840 2247 880 2276 ut
900 2243 973 2276 cod.
1001 2242 1135 2276 Amiat.
1163 2245 1195 2275 et
1224 2242 1359 2276 lustin.

34 2291 167 2336 Tryph.
194 2293 283 2332 103‚·
300 2291 345 2325 tr.
373 2301 394 2324 a
419 2302 476 2324 me
503 2291 651 2333 Az³1125
679 2290 769 2333 sign.
799 2290 853 2323 est
885 2288 1048 2329 VRAF,·
1073 2288 1121 2322 sit
1146 2287 1238 2330 sign.
1264 2298 1284 2321 v
