1611 2465
175 86 260 127 452
710 96 734 122 si
756 96 974 122 Acousnm

175 192 250 224 tam
293 198 504 237 numquam
547 185 696 236 habuit,
741 188 937 236 acceperit
974 192 1218 237 potestatem.
1281 187 1366 225 Non
1407 189 1508 225 euim

174 246 326 295 quando
372 246 417 282 de
464 244 569 282 caelo
608 246 708 295 ignis
747 244 889 282 cecidit
930 251 968 283 et
1011 251 1155 283 tantam
1196 246 1378 284 familiam
1420 259 1509 284 cum

172 306 289 342 taulis
316 303 500 353 gregibus
527 315 713 353 pecorum
747 305 870 341 sancti
903 303 969 341 lob
1004 316 1080 341 uno
1112 306 1259 355 impetu
1293 304 1509 355 absumpsit

173 370 211 400 et
254 362 366 399 turbo
406 363 567 400 inruens
608 368 645 400 et
684 362 842 400 domum
881 362 1053 400 deiciens
1091 362 1189 401 [ilios
1228 365 1313 402 eius
1354 363 1508 411 occidit,

126 429 144 457 5
171 421 438 472 phantasmata
479 421 656 471 fuerunt,
697 433 794 471 quae
837 426 966 459 tamen
998 421 1159 459 suerunt
1191 434 1309 473 opera
1342 427 1510 472 satanae,

172 481 234 517 cui
267 479 370 517 Deus
404 480 564 518 dederat
602 479 699 517 hanc
738 484 982 530 potestatem.
1044 479 1210 530 Propter
1244 480 1335 531 quid
1367 480 1508 519 horum

172 550 263 588 ergo
309 538 410 576 dicta
456 540 532 576 siut
565 537 738 588 prodigia
778 544 817 577 et
856 539 963 588 signa
997 539 1207 589 mendacii,
1254 545 1345 577 tunc
1378 541 1508 590 potius

170 596 382 648 apparebit.
446 596 521 635 Sed
554 603 715 647 propter
748 596 949 646 quodlibet
987 597 1126 634 horum
1159 597 1306 635 dictum
1340 599 1408 649 sit,
1449 610 1507 636 se-

171 656 366 694 ducentur
399 657 454 694 eis
488 657 608 705 signis
641 660 755 706 atque
788 655 993 706 prodigiis,
1035 657 1101 705 qui
1134 655 1269 694 seduci
1301 655 1507 695 merebun-

101 722 143 752 10
170 720 254 766 tur,
294 726 371 763 pro
404 726 448 753 eo
490 715 598 762 quod
635 715 901 761 dilectionem,
942 715 1085 763 inquit,
1123 717 1305 753 veritatis
1336 727 1413 753 non
1446 728 1507 753 re-

169 778 373 822 ceperunt,
406 778 449 811 nt
474 775 575 811 salvi
595 775 752 819 fierent.
816 772 895 810 Nec
925 772 1115 810 dubitavit
1140 773 1338 823 apostolus
1365 773 1507 812 addere

169 844 211 870 ac
244 832 394 870 dicere:
433 833 529 870 Ideo
567 834 692 870 mittet
730 833 805 869 illis
839 832 946 869 Deus
978 833 1247 879 operationem
1280 834 1434 870 erroris
1466 837 1511 870 ut

169 893 340 930 credant
365 892 587 929 mendacio.
632 890 735 928 Deus
756 892 858 927 enim
887 891 1028 941 mittet,
1061 891 1150 940 quia
1176 890 1279 928 Deus
1312 889 1508 928 diabolum

168 950 296 988 facere
324 951 395 987 ista
418 950 630 1000 permittet,
662 950 765 987 iusto
792 948 1064 1000 ipseliudicm,
1097 949 1272 998 quamvis
1305 949 1419 986 faciat
1444 948 1507 987 ille

100 1016 141 1047 15
168 1009 302 1059 iniquo
329 1008 575 1058 malignoque
603 1007 777 1045 consilio.
846 1008 892 1045 Ut
920 1009 1161 1058 iudicentur,
1193 1009 1332 1058 inquit,
1363 1019 1508 1054 omnes,

168 1070 238 1115 qui
268 1079 345 1105 non
372 1068 637 1105 erediderunt
669 1068 839 1113 veritati,
871 1067 944 1104 sed
973 1072 1263 1104 consenserunt
1294 1068 1506 1113 iniquitati.

169 1124 337 1164 Proinde
363 1125 524 1163 iudicati
551 1124 791 1162 seducentur
824 1129 861 1161 et
895 1123 1046 1161 seducti
1079 1123 1368 1162 iudicabuntur.
1431 1124 1506 1162 Sed

167 1184 328 1222 iudicati
370 1183 609 1222 seducentur
650 1183 725 1220 illis
764 1182 917 1220 iudiciis
950 1181 1019 1219 Dei
1051 1182 1203 1220 occulte
1236 1183 1367 1233 iustis,
1404 1183 1507 1221 iuste

169 1243 344 1293 occultis,
378 1241 520 1292 quibus
547 1241 594 1278 ab
621 1242 732 1278 initio
759 1242 910 1291 peccati
935 1241 1134 1278 rationalis
1161 1246 1363 1278 creaturae
1396 1253 1506 1279 num-

98 1311 141 1341 20
169 1313 284 1352 quam
310 1300 483 1339 iudicare
510 1301 691 1350 cessavi13
725 1299 876 1337 seducti
909 1304 1039 1336 autem
1070 1298 1348 1337 iudicabuntur
1380 1300 1506 1337 novis-

169 1362 264 1399 simo
298 1360 582 1409 manifestoque
615 1357 759 1396 iudicio
792 1370 862 1409 per
889 1356 1088 1395 Christum
1120 1357 1262 1409 Iesum,
1294 1358 1507 1396 iustissime

167 1419 445 1470 iudicaturum,
476 1418 731 1455 iniustissime
766 1417 989 1454 iudicatum.

701 1529 854 1571 CAPUT
880 1529 971 1570 XX.

214 1608 318 1653 Quid
349 1607 451 1644 idem
484 1606 684 1653 apostolus
716 1605 756 1641 in
784 1605 918 1651 prima
951 1604 1007 1641 ad
1037 1604 1192 1641 eosdem
1224 1605 1392 1651 epistula
1425 1605 1474 1642 de

100 1675 142 1704 25
437 1664 735 1702 resurreetione
767 1666 1013 1699 mortuorum
1045 1663 1238 1699 docuerit.

290 1745 365 1784 Sed
411 1745 473 1783 hic
520 1743 717 1795 apostolus
760 1744 881 1781 tacuit
918 1742 964 1780 de
1004 1743 1295 1781 resurrectione
1337 1748 1507 1781 mortuo-

171 1817 276 1857 rum3
309 1804 355 1843 ad
388 1803 545 1842 eosdem
576 1808 707 1840 autem
739 1800 916 1839 scribens
948 1802 986 1839 in
1019 1801 1183 1851 epistula
1215 1802 1356 1851 prima:
1389 1802 1506 1840 Nolu-

172 1876 274 1914 mus,
313 1864 457 1913 inquit,
498 1864 690 1909 issnorare
721 1871 804 1907 vos,
840 1859 1012 1908 fratres,
1051 1861 1100 1898 de
1132 1860 1434 1906 dormientibus,
1467 1865 1510 1898 ut

172 1936 248 1961 non
284 1921 588 1966 contristemini,
627 1921 730 1957 sient
763 1923 800 1956 et
831 1920 972 1965 ceteri,
1005 1920 1075 1965 qui
1103 1929 1210 1966 spem
1242 1929 1319 1955 non
1351 1919 1509 1957 habent.

103 1992 146 2020 30
175 1983 274 2019 Nam
306 1983 342 2019 si
372 1981 585 2026 eredimus,
617 1978 725 2025 quod
756 1977 866 2014 Iesus
898 1981 1076 2013 mortuus
1108 1981 1165 2014 est
1195 1980 1233 2014 et
1264 1978 1511 2015 resurrexit:

127 2062 135 2069 -
175 2043 230 2078 ita
257 2045 293 2078 et
320 2039 427 2077 Deus
453 2049 528 2083 eos,
561 2038 631 2085 qui
655 2037 904 2074 dormierunt
930 2046 1006 2083 per
1033 2035 1181 2081 Iesum,
1214 2036 1390 2073 adducet
1421 2046 1510 2074 eum

174 2101 250 2137 illo.
314 2098 399 2135 Hoc
427 2098 529 2135 enim
558 2096 665 2133 vobis
692 2095 861 2131 dicimus
894 2095 933 2131 in
966 2094 1084 2131 verbo
1112 2093 1280 2140 Domini,
1313 2095 1408 2140 qnia
1439 2104 1511 2132 nos

174 2159 364 2207 viventes,
407 2157 476 2203 qui
512 2155 658 2201 reliqui
701 2163 836 2190 sumus
875 2153 915 2189 in
959 2153 1168 2190 ctdventum
1213 2151 1389 2203 Domini,
1432 2162 1511 2190 non

271 2273 308 2302 31
341 2279 422 2301 cum
449 2277 492 2301 eo
518 2278 537 2300 v
