1611 2465
84 714 124 744 10

83 1007 124 1037 15

83 1300 126 1331 20

84 1593 126 1623 25

85 1887 128 1916 30

147 76 232 117 408
682 81 709 107 s.
730 81 944 108 Auensmm

143 180 425 225 praetereunt,
465 173 619 210 nonnisi
658 171 746 210 mali
785 171 1096 222 adipiscerentur
1128 174 1353 211 transitoria
1384 172 1484 211 bona

149 236 221 272 ista
263 240 377 283 atque
417 238 592 282 terrena,
631 243 702 268 nec
741 231 816 268 nisi
854 230 945 268 honi
985 230 1071 268 talia
1109 237 1337 282 paterentur
1369 231 1484 270 mala:

148 299 281 344 posset
326 291 398 329 hoc
444 290 583 327 referri
628 289 673 327 ad
718 288 905 327 iudicium
950 290 1096 328 iustum
1138 289 1206 328 Dei
1251 291 1329 328 sive
1369 292 1484 329 etiam

149 352 381 401 benignum,
426 354 489 399 ut,
534 349 600 398 qui
639 360 716 386 non
759 354 869 386 erant
910 348 1133 387 adsecuturi
1175 348 1275 387 bona
1316 354 1485 401 aeterna,

150 422 248 461 quae
292 410 437 446 faciunt
477 407 636 453 beatos,
681 406 959 457 temporalibus
1001 407 1059 445 vel
1099 407 1375 458 deciperentur
1413 420 1485 459 pro

150 469 292 507 malitia
326 479 394 505 sua
426 465 486 504 vel
522 477 593 517 pro
627 465 696 503 Dei
733 465 1001 503 misericordia
1033 465 1330 504 consolarentur
1361 465 1485 517 bonis,

150 533 188 565 et
219 528 287 577 qui
320 537 397 563 non
436 530 547 563 erant
584 526 738 575 passuri
769 530 927 562 aeterna
958 529 1168 575 tormenta,
1206 524 1486 575 temporalibus

149 586 209 623 vel
250 597 320 635 pro
360 585 440 622 suis
482 582 794 634 quibuscumque
838 588 877 620 et
917 583 1283 633 quantuliscumque
1315 584 1486 634 peccatis

151 644 419 694 affligerentur
458 641 516 679 vel
556 648 718 692 propter
755 640 970 691 implendas
1010 642 1173 680 virtutes
1207 647 1487 680 exercerentur

150 702 271 741 malis.
334 701 445 739 Nunc
479 712 582 751 vero,
614 699 768 750 quando
801 711 879 737 non
912 699 1037 738 solum
1069 701 1108 738 in
1141 699 1240 738 malo
1273 706 1364 738 sunt
1394 699 1487 738 honi

152 768 190 800 et
232 763 272 799 in
314 760 415 798 bono
457 758 564 810 mali,
609 758 712 808 quod
752 758 905 796 videtur
943 759 1153 810 iniustum,
1198 770 1333 797 verum
1371 760 1487 797 etiam

151 820 382 871 plerumque
422 824 460 856 et
497 817 607 856 malis
654 817 751 855 mala
798 818 982 855 eveniunt
1020 822 1058 855 et
1098 816 1211 855 bonis
1254 816 1355 855 bona
1398 829 1486 868 pro-

153 880 328 917 veniunt:
365 878 486 927 magis
518 875 785 914 inscrutabilia
810 876 909 913 fiunt
939 874 1080 913 iudicia
1113 874 1182 913 Dei
1214 880 1252 913 et
1282 877 1487 926 investiga-

152 938 249 975 biles
299 939 381 974 viae
432 936 527 973 eius.
591 934 773 979 Quamvis
824 946 916 984 ergo
962 935 1182 972 nesciamus
1223 946 1299 984 quo
1345 934 1488 973 iudicio

152 996 256 1034 Deus
297 997 371 1033 ista
412 993 470 1032 vel
508 994 622 1031 faeiat
659 993 718 1030 vel
756 993 841 1030 fieri
882 993 1002 1043 sinat,
1043 992 1144 1043 apud
1184 1004 1300 1043 quem
1338 1004 1488 1031 summa

152 1057 276 1093 virtus
308 1060 379 1105 est,
411 1064 561 1091 summa
587 1053 774 1102 sapientia
807 1056 845 1088 et
877 1063 1026 1089 summa
1057 1052 1216 1102 iustitia,
1248 1051 1351 1089 nulla
1382 1052 1487 1090 infir-

153 1115 286 1163 mitas,
331 1111 433 1150 nulla
474 1112 696 1161 temeritas,
734 1109 838 1148 nulla
876 1110 1078 1159 iniquitas:
1117 1109 1326 1148 salubriter
1358 1115 1487 1148 tamen

153 1172 340 1210 discimus
372 1182 450 1208 non
489 1168 790 1219 magnipendere
823 1180 892 1206 seu
925 1167 1024 1205 bona
1056 1180 1126 1206 seu
1159 1168 1273 1219 mala,
1306 1180 1403 1219 quae
1436 1170 1487 1206 vi-

154 1231 291 1268 demus
323 1241 409 1267 esse
441 1227 553 1265 bonis
586 1226 773 1276 malisque
807 1227 1044 1278 communia,
1076 1232 1115 1265 et
1145 1226 1209 1264 illa
1240 1226 1340 1264 bona
1373 1239 1487 1277 quae-

154 1301 254 1339 rere,
287 1300 386 1338 quae
413 1286 619 1337 honorum,
651 1291 766 1335 atque
794 1284 856 1322 illa
883 1284 981 1322 mala
1013 1287 1176 1323 maxime
1211 1285 1358 1337 sugere,
1391 1297 1488 1336 quae

152 1348 309 1399 propria
349 1352 439 1384 sunt
480 1344 681 1383 malorum.
744 1343 840 1381 Cum
873 1355 964 1381 vero
996 1343 1042 1381 ad
1074 1343 1168 1381 illud
1202 1343 1270 1382 Dei
1301 1344 1489 1382 iudicium

152 1407 395 1455 venerimus,
436 1405 548 1442 cuius
590 1409 744 1453 tempus
776 1403 851 1440 iam
883 1403 1040 1452 proprie
1074 1402 1155 1440 dies
1187 1401 1322 1440 iudicii
1354 1408 1392 1441 et
1423 1402 1488 1441 ali-

154 1464 307 1515 quando
341 1463 423 1501 dies
457 1462 609 1500 Domini
641 1466 911 1511 nuncupatur:
951 1473 1028 1498 non
1062 1460 1186 1499 solum
1219 1473 1488 1512 quaecumque

154 1530 246 1561 tunc
297 1521 574 1560 iudicabuntur
588 1552 597 1571 ,
642 1531 777 1558 verum
822 1521 937 1557 etiam
979 1531 1247 1569 quaecumque
1291 1519 1337 1557 ab
1379 1521 1488 1558 initio

154 1582 321 1620 iudicata
354 1586 392 1619 et
424 1591 692 1630 quaecumque
726 1590 850 1628 usque
883 1577 929 1615 ad
961 1578 1055 1616 illud
1087 1583 1242 1629 tempus
1275 1577 1399 1616 adhuc
1431 1580 1487 1617 iu-

154 1640 315 1679 dicanda
354 1645 462 1690 sunt,
501 1637 743 1689 apparebunt
781 1649 866 1675 esse
899 1638 1122 1674 iustissima.
1184 1635 1258 1674 Ubi
1289 1636 1362 1675 hoc
1394 1649 1487 1688 quo-

154 1712 229 1750 que
262 1696 592 1746 manifestabitur,
631 1708 746 1746 quam
778 1697 881 1733 iusto
913 1695 1057 1733 iudicio
1090 1694 1158 1732 Dei
1190 1696 1271 1747 fiat,
1309 1701 1352 1734 ut
1384 1707 1488 1734 nunc

155 1765 232 1797 tam
265 1757 383 1795 multa
422 1767 465 1793 ac
497 1767 619 1805 paene
662 1755 789 1792 omnia
822 1755 922 1792 iusta
954 1754 1094 1791 iudicia
1127 1753 1196 1791 Dei
1227 1753 1370 1792 lateant
1402 1766 1487 1792 sen-

155 1829 220 1855 sus
261 1820 488 1864 mentesque
529 1813 768 1864 mortalium,
806 1824 893 1850 cum
928 1818 1055 1850 tamen
1087 1814 1126 1850 in
1157 1811 1228 1850 hac
1259 1824 1302 1850 re
1333 1814 1488 1863 piorum

156 1875 269 1913 iidem
297 1886 374 1912 non
406 1873 532 1919 lateat,
565 1874 711 1910 iustum
744 1882 828 1909 esse
862 1870 964 1920 quod
997 1870 1100 1908 latet.

252 1990 283 2029 1)
310 1987 366 2020 Ps.
395 1990 472 2028 143,
499 1989 530 2020 4.

250 2120 270 2150 3
298 2116 355 2149 uel
378 2126 394 2148 υ
415 2117 426 2158 Η
448 2118 489 2147 14
517 2113 614 2147 illius
642 2124 659 2146 v
679 2113 690 2156 Η
712 2116 753 2146 16
781 2113 837 2145 est
861 2111 916 2153 R,-
942 2112 998 2145 est
1023 2112 1060 2145 et
1087 2111 1234 2145 AParr.
1261 2122 1281 2145 v
1300 2112 1312 2156 Η
1332 2113 1368 2146 et
1394 2123 1487 2146 sum-

156 2175 214 2197 mu
241 2164 323 2196 inst.
350 2162 403 2202 R·
431 2163 467 2195 et
492 2171 554 2194 om.
580 2171 600 2194 v
