1495 2489
75 751 118 781 10

75 1044 117 1074 15

74 1337 118 1368 20

73 1630 116 1660 25

73 1922 117 1952 30

147 119 228 160 108
677 128 704 154 s.
723 128 942 155 AUGUSTINI

145 219 297 268 possint
334 218 477 269 angeli,
516 229 605 256 cum
638 219 800 269 spiritus
833 219 928 270 sint,
965 218 1222 269 corporaliter
1254 220 1359 256 coire
1392 230 1481 258 cum

145 277 310 315 feminis.
375 275 572 326 Scriptum
623 281 683 314 est
732 277 854 315 enim:
910 277 988 323 Qua·
1030 276 1136 325 facit
1185 279 1348 325 anglelos
1389 289 1482 316 suos

144 337 326 384 spiritus,
365 334 402 372 id
442 340 501 372 cst
539 346 625 386 eOS,
663 336 731 385 qui
762 340 899 373 natura
932 336 1092 386 spiritus
1125 341 1233 387 sunt,
1271 335 1363 374 sacit
1394 347 1480 374 esse

145 392 302 443 angelos
328 404 431 443 suos,
463 392 700 443 iniungendo
729 394 784 431 eis
811 394 983 431 officium
1010 394 1224 432 nuntiandi.
1276 393 1351 439 Qui
1378 395 1482 432 enim

146 451 291 489 Graece
331 450 474 488 dicitur
512 448 687 503 ἅγγελος,
727 452 828 502 quod
867 464 1009 490 nomen
1047 451 1181 491 Latina
1220 452 1480 491 declinatione

144 509 303 560 angelus
341 508 593 562 perhibetur,
636 509 771 548 Latina
808 510 939 561 lingua
986 512 1148 549 nuntius
1184 512 1480 561 interpretatur.

146 568 222 606 Sed
262 573 393 606 utrum
436 580 573 606 eorum
623 581 784 620 corpora
834 575 1121 620 consequenter
1163 569 1384 608 adiunxerit
1424 568 1480 607 di-

145 626 286 665 cendo:
319 627 372 664 Et
395 629 596 666 ministros
622 639 713 666 suos
746 630 874 675 iqnem
907 630 1134 675 ardentem,
1167 640 1213 666 an
1247 627 1351 678 quod
1384 628 1480 666 cari-

144 690 221 723 tate
255 690 451 735 tamquam
483 686 572 736 igne
606 686 769 736 spiritali
802 686 952 724 fervere
986 686 1152 724 debeant
1184 687 1353 724 ministri
1384 687 1481 738 eius,

145 742 369 794 ambiguum
409 749 478 782 est.
540 743 775 795 Apparuisse
815 750 944 783 tamen
980 744 1205 783 hominibus
1243 743 1400 795 angelos
1440 745 1481 782 in

144 801 285 840 talibus
329 801 584 853 corporibus,
629 808 672 841 ut
715 815 792 841 non
838 802 962 841 solum
1000 803 1143 854 videri,
1187 815 1323 841 verum
1365 803 1481 841 etiam

143 862 249 911 tangi
287 866 464 912 possent,
503 861 638 899 eadem
674 863 920 899 veracissima
961 863 1155 913 scriptura
1194 866 1371 900 testatur.
1431 860 1483 900 Et

145 921 327 970 quoniam
367 918 605 957 creberrima
646 920 745 957 fama
785 926 843 959 est
882 920 1071 971 multique
1113 932 1154 958 se
1196 925 1379 971 expertos
1420 919 1480 958 vel

145 977 190 1016 ab
230 979 303 1029 eis,
347 979 414 1028 qui
446 979 596 1028 experti
635 985 783 1030 essent,
821 978 868 1017 de
907 991 1073 1029 quorum
1112 979 1187 1017 fide
1225 977 1480 1017 dubitandum

146 1048 224 1074 non
263 1042 384 1087 esset,
425 1037 578 1075 audisse
622 1037 874 1090 confirmant,
913 1037 1087 1075 Silvanos
1126 1043 1164 1075 et
1201 1037 1343 1088 Panes,
1382 1049 1480 1087 quos

146 1094 258 1145 vulgo
290 1094 454 1133 incubos
494 1101 643 1146 vocant,
676 1095 863 1146 inprobos
896 1108 1009 1146 saepe
1043 1097 1217 1134 extitisse
1250 1095 1480 1134 mulieribus

144 1158 183 1191 et
215 1165 350 1192 earum
382 1155 574 1204 appetisse
609 1166 651 1191 ac
684 1156 882 1205 peregisse
915 1154 1184 1205 concubitum3
1223 1160 1261 1192 et
1293 1153 1480 1204 quosdam

145 1211 364 1260 daemones,
398 1224 495 1262 quos
528 1211 668 1250 Dusios
700 1212 796 1251 Galli
828 1219 1068 1264 nuncupant,
1100 1212 1259 1251 adsidue
1291 1212 1391 1250 hanc
1422 1213 1479 1251 in-

144 1270 372 1308 munditiam
413 1276 451 1308 et
492 1276 681 1321 temptare
727 1276 766 1309 et
809 1271 983 1323 efficere,
1021 1271 1153 1322 plures
1197 1270 1372 1321 talesque
1417 1270 1479 1309 ad-

145 1334 335 1380 severant,
368 1334 410 1367 ut
430 1328 503 1367 hoc
530 1323 672 1379 negare
694 1329 943 1380 inpudentiae
966 1330 1160 1368 videatur:
1193 1342 1270 1367 non
1290 1329 1381 1369 hinc
1414 1329 1479 1367 ali-

144 1387 236 1438 quid
269 1386 392 1425 audeo
426 1387 606 1439 definire,
639 1393 771 1426 utrum
804 1388 922 1439 aliqui
954 1389 1116 1439 spiritus
1149 1387 1341 1426 elemento
1374 1389 1478 1426 aerio

143 1447 340 1496 corporati
366 1441 474 1498 (nam
501 1445 574 1484 hoc
601 1446 838 1484 elementum
865 1448 980 1485 etiam
1007 1458 1095 1485 cum
1128 1448 1295 1497 agitatur
1326 1445 1478 1484 flabello

144 1516 262 1542 sensu
295 1505 472 1555 corporis
499 1509 683 1555 tactuque
717 1501 905 1557 sentitur)
937 1506 1089 1556 possint
1121 1505 1219 1542 hanc
1252 1506 1369 1543 etiam
1400 1505 1480 1556 pati

143 1561 364 1614 libidinem,
408 1568 468 1614 ut,
512 1574 588 1613 quo
634 1562 747 1601 modo
792 1569 975 1615 possunt,
1019 1562 1279 1602 sentientibus
1324 1563 1478 1601 feminis

142 1622 391 1659 misceantur.
454 1620 523 1659 Dei
561 1627 689 1659 tamen
729 1621 886 1672 angelos
925 1627 1080 1660 sanctos
1118 1621 1223 1660 nullo
1262 1621 1376 1660 modo
1413 1620 1479 1660 illo

143 1685 318 1730 tempore
357 1680 412 1717 sic
452 1678 528 1717 labi
565 1681 738 1730 potuisse
773 1680 1023 1731 crediderim3
1060 1692 1132 1719 nec
1165 1679 1211 1718 de
1244 1680 1304 1718 his
1335 1679 1478 1719 dixisse

143 1737 361 1789 apostolum
388 1736 566 1776 Petrum:
599 1739 645 1777 Si
669 1741 771 1777 enim
799 1739 906 1778 Deus
932 1741 1085 1787 anqelz‘s
1106 1739 1370 1788 peccantibus
1400 1750 1480 1777 non

138 1798 331 1845 pepercit,
364 1797 436 1834 sed
466 1798 703 1835 carceribus
735 1800 921 1845 caliqinis
954 1797 1078 1845 inferi
1107 1799 1320 1836 retrudens
1351 1798 1478 1835 tradi-

144 1857 203 1893 dit
241 1856 279 1892 in
322 1856 470 1893 indicio
504 1856 730 1904 puniendos
767 1858 995 1900 reservare}
1039 1855 1107 1893 sed
1145 1857 1274 1906 potius
1312 1855 1358 1893 de
1391 1854 1479 1908 illis,

145 1914 212 1963 qui
244 1914 414 1963 primum
446 1918 709 1963 apostatantes
742 1925 761 1951 a
795 1913 873 1952 Deo
907 1926 995 1952 cum
1028 1913 1162 1951 zabulo
1196 1925 1267 1951 suo
1300 1914 1478 1964 principe

143 1971 382 2022 ceciderunt,
415 1973 482 2022 qui
507 1973 677 2022 primum
710 1971 906 2010 hominem
938 1983 1008 2022 per
1040 1972 1222 2010 invidiam
1254 1972 1479 2022 serpentina

237 2073 273 2115 3)
299 2072 355 2107 Ps.
386 2076 463 2116 103,
489 2077 522 2108 4.
573 2075 632 2115 29)
657 2077 688 2108 2.
716 2073 811 2108 Petr.
841 2078 871 2117 2,
899 2077 930 2108 4.

238 2205 280 2236 12
307 2201 544 2236 meracissima
571 2201 815 2244 V(111,29);
840 2201 1066 2236 verissimav
1086 2202 1098 2244 ll
1119 2205 1160 2236 15
1189 2202 1285 2236 esset
1310 2210 1397 2241 mss;
1423 2201 1479 2234 est

140 2260 159 2282 v
179 2250 190 2292 ΙΙ
209 2260 322 2292 panes
358 2248 537 2290 VRAFe;
567 2249 713 2283 Faunos
739 2259 758 2282 v
778 2250 790 2292 ΙΙ
812 2252 853 2283 16
889 2248 1030 2283 incibos
1064 2247 1221 2282 V¹R¹A²
1246 2248 1248 2281 ἶ
1285 2251 1326 2282 17
1355 2248 1391 2281 et
1415 2257 1478 2281 eas

140 2295 192 2329 1ιῖ1
213 2297 224 2338 ΙΙ
244 2298 287 2329 30
314 2295 443 2329 zabulo
463 2294 498 2329 R
522 2295 562 2337 (l.
582 2298 629 2330 16
650 2306 677 2330 c.
698 2298 742 2336 8,·
769 2297 790 2331 ἶ.
812 2298 862 2330 20
882 2305 909 2329 c.
931 2298 953 2330 5
972 2296 1070 2339 fin.),·
1096 2294 1245 2329 diabolo
1264 2305 1284 2328 v
