1548 2562
348 123 400 147 DE
421 122 609 147 CIVITATE
628 123 699 149 DEI
717 123 749 147 L.
768 123 833 147 xx.
854 122 883 148 Ο.
902 124 944 148 22.
964 124 1006 148 23.
1250 113 1336 154 463

5 217 159 258 manet;
190 224 333 250 nomen
359 223 449 249 vero
477 211 522 249 de
551 223 627 261 quo
659 224 728 261 per
761 211 864 249 hunc
895 211 1046 249 Esaiam
1079 211 1227 250 dictum
1258 218 1337 251 est:

5 273 153 310 Nomen
187 275 392 309 aeternum
419 271 520 308 dabo
547 272 613 308 eis.
675 270 767 308 Erit
797 272 1027 311 eisrmensz's
1058 282 1109 308 ex
1138 281 1269 308 mense
1301 274 1339 308 et

4 330 212 368 sabbatum
251 340 303 366 ex
333 329 515 375 sabbato,
554 334 749 377 tamquam
788 328 878 366 luna
911 340 956 366 ex
988 328 1077 366 luna
1110 334 1149 366 et
1180 329 1336 378 requies

7 400 52 425 ex
85 389 233 438 requie,
265 398 431 436 quorum
466 392 676 435 utrumque
709 387 783 436 ipsi
816 392 930 424 eruut
962 399 1051 424 cum
1082 399 1130 424 ex
1161 386 1220 424 his
1253 398 1334 424 um-

4 445 88 484 bris
131 444 328 483 veteribus
372 450 410 482 et
454 444 731 495 temporalibus
775 445 815 482 in
858 444 921 482 illa
963 444 1109 483 lumina
1152 456 1250 482 nova
1293 456 1336 482 ac
1363 453 1383 484 5

5 505 241 554 sempiterna
279 502 510 541 transibunt.
571 502 614 540 ln
652 503 788 553 poenis
828 508 957 540 autem
989 503 1178 541 malorum
1210 508 1249 541 et
1279 504 1335 541 in-

5 561 269 612 exfinguibilis
309 562 409 611 ignis
450 566 490 599 et
529 561 794 598 vivacissimus
832 563 975 599 vermis
1013 561 1059 599 ab
1097 561 1180 599 aliis
1221 567 1336 611 atque

5 621 88 658 aliis
121 620 232 658 aliter
258 625 372 669 atque
400 618 510 657 aliter
542 624 602 657 est
633 620 843 669 expositus.
905 619 979 657 Alii
1011 621 1154 670 quippe
1186 625 1335 657 utrum-

6 691 79 729 que
125 678 172 716 ad
215 690 378 729 corpus,
420 677 483 715 alii
526 682 737 727 utrumque
782 677 827 715 ad
872 679 1041 715 animum
1084 677 1337 729 rettulerunt3

5 737 68 775 alii
109 738 266 787 proprie
305 736 350 774 ad
390 748 533 786 corpus
574 737 722 786 ignem,
764 737 912 786 tropice
957 736 1002 773 ad
1041 737 1211 774 animum
1252 748 1335 774 ver-
1365 746 1407 776 10

5 807 124 847 mem,
168 794 271 844 quod
310 806 396 832 esse
435 793 657 832 credibilius
696 793 858 832 videtur.
921 794 997 831 Sed
1036 806 1139 832 nunc
1178 794 1224 832 de
1267 794 1337 832 hac

5 854 222 892 differentia
259 865 337 890 non
375 858 435 890 est
472 853 659 902 temporis
698 852 908 902 disputare.
970 851 1024 890 De
1056 852 1200 890 iudicio
1233 864 1336 890 nam-

6 924 80 962 que
113 911 261 962 ultimo,
293 923 369 960 quo
402 911 468 949 fiet
499 910 706 960 diremptio
738 909 930 948 bonorum
963 916 1001 948 et
1032 910 1232 962 malorum,
1264 910 1337 949 hoc

5 970 184 1008 volumen
222 969 383 1020 implere
423 970 683 1019 suscepimus3
721 967 767 1006 de
811 969 906 1018 ipsis
950 980 1041 1006 vero
1079 970 1262 1019 praemiis
1300 975 1339 1007 et

3 1030 140 1079 poenis
173 1028 264 1066 alias
297 1027 520 1077 diligentius
552 1026 823 1064 disserendum
856 1032 925 1064 est.
1366 1035 1407 1066 15

502 1174 657 1216 CAPUT
683 1174 841 1217 XXIII.

11 1262 117 1308 Quid
139 1262 443 1310 prophetaverit
478 1260 625 1297 Daniel
654 1261 702 1297 de
729 1262 1008 1307 persecutione
1032 1262 1273 1299 Antichristc'
1302 1266 1339 1299 et

251 1321 300 1357 de
331 1320 481 1357 iudicio
514 1319 591 1355 Dei
620 1329 824 1365 reynoque
854 1323 1095 1356 sanctorum.

124 1399 256 1438 Daniel
288 1399 334 1437 de
369 1399 442 1437 hoc
475 1399 609 1437 ultimo
642 1399 784 1437 iudicio
818 1401 872 1436 sic
904 1399 1124 1450 prophetat,
1156 1406 1200 1438 ut
1231 1401 1336 1439 Anti-

6 1459 195 1497 christum
234 1470 387 1508 quoque
426 1458 535 1508 prius
573 1463 780 1495 venturum
820 1469 905 1495 esse
941 1459 1191 1508 praenuntiet
1222 1465 1337 1509 atque
1366 1467 1408 1498 20

6 1518 52 1556 ad
96 1522 298 1555 aeternum
350 1528 513 1566 regnum
565 1521 787 1553 sanctorum
837 1515 1026 1566 perducat
1075 1518 1338 1555 narrationem

6 1588 126 1614 suam.
178 1574 274 1613 Cum
302 1576 405 1612 enim
430 1575 578 1611 visione
604 1573 830 1624 prophetica
852 1580 1036 1623 quattuor
1055 1574 1200 1612 bestias
1221 1577 1337 1625 signi-

5 1636 166 1672 ficantes
208 1638 392 1682 quattuor
441 1645 560 1683 regna
598 1632 773 1683 vidisset,
829 1633 1034 1682 ipsumque
1087 1639 1268 1682 quartum
1317 1646 1338 1672 a

7 1692 172 1742 quodam
211 1703 302 1741 rege
341 1697 585 1741 superatum,
624 1692 689 1740 qui
722 1690 985 1728 Antichristus
1017 1693 1258 1743 agnoscitur,
1300 1697 1338 1730 et

6 1755 95 1801 post
125 1749 219 1787 haec
252 1755 454 1787 aeternum
487 1760 649 1798 regnum
682 1748 749 1786 filii
780 1748 968 1800 hominis,
1001 1750 1067 1798 qui
1099 1749 1337 1799 intellegitur
1364 1758 1406 1789 25

8 1808 204 1846 Christus:
242 1808 431 1854 Horruit,
470 1808 614 1858 inquit,
645 1809 810 1855 spiritus
841 1819 967 1858 meus,
999 1819 1070 1855 eqo
1104 1808 1264 1855 Daniel,
1297 1811 1337 1846 in

6 1868 239 1905 habitudine
276 1877 380 1912 mea,
425 1870 463 1904 et
499 1868 603 1903 visus
642 1867 786 1914 capitis
826 1868 904 1903 mee?
940 1867 1237 1904 conlurbabant
1266 1878 1335 1904 me.

7 1925 59 1962 Et
96 1927 264 1972 accessi,
302 1925 448 1974 inquit,
489 1925 545 1961 ad
579 1935 701 1961 mmm
733 1925 782 1961 de
812 1925 1025 1971 sumtibus,
1063 1929 1101 1962 et
1131 1927 1338 1963 veritatem

7 1984 247 2030 quaerebam
286 1983 335 2020 ab
374 1994 418 2021 eo
456 1984 505 2020 cle
536 1983 714 2020 omnibus
745 1983 822 2029 leis,
863 1986 900 2020 et
931 1984 1035 2020 dixit
1065 1983 1163 2020 mihi
1192 1985 1336 2021 verita-

103 2084 136 2126 1)
165 2086 193 2118 1.
221 2083 269 2117 Io.
297 2086 329 2126 3,
357 2087 386 2117 9.
438 2084 472 2125 3)
499 2082 592 2116 Esai
623 2086 677 2125 56,
705 2086 740 2122 ὃς
769 2086 823 2124 66,
851 2086 903 2115 23.

101 2238 120 2267 2
148 2233 218 2267 erit
242 2233 337 2274 RA‚·
368 2234 415 2266 Et
440 2233 510 2267 erit
532 2243 552 2266 v
590 2234 601 2276 Η
638 2233 689 2267 eis
721 2234 759 2267 et
781 2232 917 2267 mensis
943 2232 1032 2267 R¹A
1069 2234 1081 2277 ΙΙ
1120 2237 1161 2268 19
1188 2233 1336 2269 danihel

5 2279 171 2324 RA1120
195 2280 296 2324 prius
322 2291 466 2324 quoque
494 2290 512 2313 υ
