1611 2465
99 901 113 929 1

99 1193 114 1222 1

101 1779 119 1808 [ὗ

124 1780 142 1808 0¹

119 900 139 931 Ο

122 1192 140 1223 5

98 1486 141 1515 20

162 90 249 130 462
712 97 738 122 s.
758 96 976 123 Auoos'rmi

164 194 203 227 et
239 189 278 226 in
319 188 428 226 malis
469 186 643 225 membra
687 185 745 224 vel
794 186 978 224 cadavera
1018 187 1285 224 nominantur:
1326 186 1503 236 profecto

163 252 251 298 post
288 248 620 285 resurrectionem
659 246 805 296 carnis,
843 246 955 283 cuius
994 244 1089 283 fides
1127 244 1188 282 his
1227 256 1360 282 rerum
1392 256 1503 283 voca·

164 305 265 344 bulis
298 306 454 342 omnino
488 306 683 355 firmatur,
721 303 833 350 illud,
873 315 949 353 quo
988 302 1080 341 boni
1112 309 1149 341 et
1183 303 1269 341 mali
1303 304 1385 341 suis
1417 303 1503 341 fini-

163 363 237 402 bus
269 364 516 415 dirimentur,
549 363 727 401 futurum
759 374 844 400 esse
877 361 1064 400 iudicium
1096 361 1325 400 declaratur.

674 546 831 589 CAPUT
858 546 994 588 XXII.

170 636 309 680 Qualis
332 633 477 682 futura
503 635 555 671 sit
580 635 755 680 eyressz'o
783 637 1016 670 sanctorum
1049 633 1104 670 ad
1134 632 1326 670 videndas
1354 642 1506 679 poenas

735 693 941 729 malorum.

285 774 360 812 Sed
394 786 471 825 quo
505 773 619 812 modo
653 773 904 824 egredientur
941 770 1035 809 honi
1067 770 1112 809 ad
1145 770 1328 809 videndas
1361 782 1506 821 poenas

166 830 385 871 malorum?
446 832 644 882 Numquid
684 832 861 882 corporis
901 836 1009 868 motu
1049 829 1181 868 beatas
1213 829 1297 868 illas
1329 829 1506 867 relicturi

166 897 259 930 sunt
299 892 412 930 sedes
457 897 496 929 et
534 891 580 929 ad
619 891 702 929 loca
741 889 915 941 poenalia
952 889 1193 940 perrecturi,
1237 894 1278 926 ut
1317 887 1506 926 malorum

166 956 361 989 tormenta
412 951 655 1000 conspiciant
705 949 925 999 praesentia
976 944 1199 998 corporali?
1260 946 1386 997 Absit3
1437 945 1504 984 sed

167 1008 418 1059 egredientur
456 1020 527 1059 per
569 1009 782 1045 scientiam.
845 1006 927 1044 Hoc
960 1007 1063 1043 enim
1096 1005 1213 1043 verbo
1247 1006 1506 1055 significatum

168 1073 227 1106 est
259 1079 325 1105 eos
359 1068 426 1118 qui
453 1066 735 1105 cruciabuntur
768 1071 876 1103 extra
909 1065 1073 1103 futuros.
1135 1064 1302 1114 Propter
1335 1062 1438 1113 quod
1469 1069 1508 1100 et

168 1126 356 1164 Dominus
398 1138 440 1163 ea
481 1125 565 1163 loca
605 1124 787 1163 tenebras
827 1124 1042 1161 exteriores
1074 1128 1202 1173 vocat,
1241 1121 1383 1172 quibus
1416 1133 1506 1159 con-

168 1186 312 1222 trarius
346 1190 406 1222 est
436 1183 499 1221 ille
532 1185 746 1233 ingressus,
779 1182 825 1220 de
859 1194 936 1232 quo
969 1182 1111 1219 dicitur
1144 1192 1255 1218 servo
1288 1179 1408 1218 bono:
1442 1180 1506 1218 In-

169 1248 234 1281 tra
272 1246 313 1281 in
350 1244 545 1290 yauclmm
579 1243 739 1280 Domini
775 1243 855 1285 tm]
893 1252 940 1277 ne
980 1239 1071 1277 illuc
1109 1238 1198 1276 mali
1229 1244 1419 1288 putentur
1450 1240 1506 1276 in-

168 1301 290 1352 gredi⁷
322 1306 365 1339 ut
392 1302 577 1348 sciantur,
610 1300 678 1338 sed
705 1299 751 1337 ad
778 1298 863 1336 illos
887 1299 1018 1348 potius
1045 1297 1150 1335 velut
1177 1297 1307 1347 egredi
1334 1297 1507 1348 scientia,

169 1372 244 1410 qua
282 1372 349 1397 eos
393 1360 589 1409 cognituri
634 1364 743 1409 sunt,
787 1357 897 1409 boni,
943 1358 1031 1407 quia
1076 1357 1113 1394 id
1156 1355 1258 1405 quod
1300 1361 1409 1393 extra
1450 1360 1508 1393 est

169 1419 365 1468 cognituri
404 1424 506 1455 sunt.
570 1417 645 1462 Qui
685 1418 788 1454 enim
827 1421 943 1453 erunt
984 1417 1023 1452 in
1055 1416 1208 1465 poenis,
1247 1413 1339 1464 quid
1373 1419 1508 1464 agatur

169 1479 274 1514 intus
312 1478 352 1514 in
390 1475 529 1526 gaudio
569 1475 723 1513 Domini
761 1476 955 1524 nescient3
994 1474 1061 1524 qui
1099 1484 1190 1510 vero
1224 1478 1340 1510 erunt
1371 1473 1410 1509 in
1443 1471 1508 1509 illo

168 1535 332 1587 gaudio,
377 1534 471 1585 quid
516 1540 651 1584 agatur
696 1534 790 1571 soris
834 1534 873 1571 in
918 1532 993 1569 illis
1031 1531 1205 1569 tenebris
1247 1529 1508 1568 exterioribus

169 1595 304 1632 scient.
367 1593 457 1631 ldeo
502 1593 650 1631 dictum
694 1598 771 1630 est:
817 1592 1111 1639 Earede'emur,
1157 1591 1246 1640 quia
1284 1601 1351 1627 eos
1393 1590 1508 1627 etiam

170 1665 268 1703 quae
314 1653 408 1690 foris
453 1651 499 1689 ab
538 1653 594 1689 eis
633 1656 751 1689 erunt
789 1652 923 1700 utique
963 1661 1042 1687 non
1082 1648 1270 1686 latebunt.
1333 1647 1374 1685 Si
1407 1648 1510 1685 enim

169 1711 264 1748 haec
308 1710 521 1761 prophetae
567 1710 740 1747 nondum
779 1710 877 1747 facta
916 1719 1029 1745 nosse
1067 1712 1282 1758 potuerunt
1323 1718 1393 1756 per
1424 1705 1510 1757 hoc,

171 1769 275 1820 quod
308 1774 391 1807 erat
423 1769 549 1820 Deus,
588 1768 991 1818 quantulumcumque
1024 1770 1128 1817 erat,
1166 1766 1206 1803 in
1238 1776 1375 1803 eorum
1408 1775 1508 1802 mor-

170 1828 304 1866 talium
342 1827 679 1877 mentibussquo
719 1826 832 1863 modo
872 1824 1097 1863 inmortales
1135 1825 1259 1861 sancti
1297 1825 1371 1860 iam
1411 1823 1510 1860 sacta

171 1893 264 1925 tunc
297 1888 485 1937 nescient,
518 1897 606 1923 cum
639 1885 743 1923 Deus
776 1886 850 1922 erit
882 1885 1009 1921 omnia
1041 1884 1081 1920 in
1113 1879 1323 1921 omnihus?
1386 1880 1511 1918 Stabit

172 1957 264 1995 ergo
301 1946 339 1983 in
379 1944 442 1982 illa
480 1943 720 1981 heatitudine
759 1948 983 1980 sauctorum
1022 1952 1154 1978 semen
1188 1946 1223 1977 et
1259 1952 1419 1990 nomen3
1451 1950 1509 1976 se-

172 2016 260 2041 men
293 2003 443 2041 scilicet
475 2002 522 2040 de
555 2014 632 2052 quo
666 2001 855 2039 lohannes
889 2001 958 2037 ait:
991 1999 1042 2037 Et
1073 2010 1201 2037 semen
1236 2001 1320 2036 eius
1354 2000 1394 2036 in
1427 1999 1510 2046 ipso

270 2119 325 2158 14)
352 2116 416 2150 Mt.
445 2119 500 2157 25,
527 2119 581 2149 30.
635 2116 691 2157 16)
718 2114 768 2148 lb.
796 2117 850 2147 21.
902 2116 961 2153 27)
991 2116 1019 2146 1.
1048 2110 1125 2146 Cor.
1156 2114 1208 2147 15.
1236 2114 1289 2145 28.

269 2274 311 2301 2.),
339 2278 430 2310 quae
458 2268 606 2301 It'l’arr.
631 2267 814 2310 „peiores·“
842 2267 904 2308 (·.²)‚·
930 2264 993 2307 qui
1018 2263 1074 2297 Λυ
