1495 2489
26 808 68 838 10

27 1123 68 1152 15

27 1706 70 1737 25

28 1998 73 2029 30

98 92 180 134 106
636 102 662 127 S.
683 101 898 128 AUGUSTINI

94 191 244 230 bertate
284 191 435 230 arbitrii
474 193 551 242 sui,
592 190 659 229 sed
701 196 834 241 speret
878 191 1058 229 invocare
1097 203 1239 230 nomen
1277 191 1431 231 Domini

95 249 174 288 Dei.
238 250 428 295 Quoniam
473 249 649 287 voluntas
687 250 726 287 in
759 254 917 300 natura,
959 261 1055 299 quae
1095 250 1194 288 sacta
1233 255 1293 288 est
1331 249 1431 289 bona

95 320 115 346 3
146 308 225 346 Deo
258 307 378 359 bono,
420 308 487 346 sed
520 307 717 346 mutabilis
749 307 795 345 ab
828 307 1063 359 inmutabili,
1096 309 1184 358 quia
1218 321 1265 346 ex
1299 308 1431 361 nihilo,

95 372 134 405 et
165 378 185 404 a
217 366 318 404 bono
351 371 481 416 potest
512 365 729 417 declinare,
761 372 805 405 ut
837 366 949 404 faciat
982 366 1145 418 malum,
1179 366 1282 417 quod
1315 367 1356 406 fit
1388 367 1430 405 li-

95 424 190 463 bero
229 424 409 476 arbitrio,
448 430 486 462 et
517 436 538 462 a
569 424 686 476 malo,
727 430 771 463 ut
802 425 916 462 faciat
948 424 1111 476 honum,
1144 425 1247 475 quod
1281 437 1358 464 non
1390 426 1433 464 fit

94 484 178 521 sine
213 483 341 521 divino
374 482 578 521 adiutorio.

604 595 760 638 CAPUT
787 596 923 639 XXII.

123 682 183 720 De
215 684 329 730 lapsu
357 683 532 728 filiorum
566 681 644 720 Dei
673 683 993 729 alieniqenarum
1024 684 1235 720 mulierum
1268 693 1405 720 amore

176 746 398 789 captorum,
429 741 536 778 unde
567 745 604 778 et
635 751 767 778 omnes
800 742 978 788 exceptis
1009 745 1096 778 octo
1128 741 1351 778 hominibus

475 799 622 836 diluvio
649 799 789 846 perire
820 803 1063 837 meruerunt.

211 879 294 918 Hoc
325 881 456 930 itaque
488 879 612 918 libero
650 879 858 917 voluntatis
891 879 1052 918 arbitrio
1085 891 1230 930 genere
1262 879 1432 918 humano

93 938 369 990 progrediente
417 944 533 988 atque
582 944 784 976 crescente
826 938 925 976 faeta
964 943 1023 976 est
1060 939 1268 988 permixtio
1308 944 1346 976 et
1376 940 1433 977 in-

94 999 257 1048 iquitate
301 998 530 1047 participata
568 995 755 1047 quaedam
794 998 1000 1046 utriusque
1039 996 1217 1034 confusio
1256 997 1433 1035 civitatis.

97 1055 207 1101 Quod
242 1055 384 1093 malum
417 1067 437 1092 3
470 1067 562 1093 sexu
598 1055 764 1092 femineo
798 1066 954 1093 causam
986 1066 1126 1093 rursus
1158 1056 1323 1106 invenit3
1356 1067 1433 1093 non

97 1114 253 1164 quidem
294 1113 359 1151 illo
398 1113 511 1151 modo
557 1125 633 1163 quo
679 1112 724 1150 ab
769 1114 879 1151 initio
919 1109 1017 1165 (non
1061 1114 1163 1151 enim
1203 1114 1434 1164 cuiusquam

95 1173 210 1210 etiam
249 1177 343 1210 tunc
390 1171 537 1210 fallacia
586 1171 769 1209 seductae
813 1170 899 1209 illae
942 1172 1108 1209 feminae
1153 1176 1436 1222 persuaserunt

96 1235 303 1281 peccatum
328 1226 460 1282 viris);
488 1230 555 1268 sed
582 1229 628 1267 ab
655 1231 766 1267 initio
795 1241 891 1280 quae
918 1231 1046 1280 pravis
1079 1229 1254 1268 moribus
1280 1230 1436 1269 fuerant

95 1291 135 1327 in
166 1295 323 1327 terrena
355 1290 522 1339 civitate,
553 1287 592 1326 id
624 1294 684 1326 est
715 1289 755 1325 in
787 1289 1073 1338 terrigenarum
1106 1290 1303 1341 societate,
1334 1300 1434 1326 ama-

97 1353 156 1385 tae
190 1352 282 1385 sunt
313 1358 332 1384 3
365 1346 453 1384 filiis
485 1346 575 1398 Dei,
608 1345 757 1385 civibus
790 1346 940 1384 scilicet
970 1348 1257 1397 peregrinantis
1289 1348 1329 1385 in
1362 1346 1436 1385 hoc

97 1405 251 1443 saeculo
284 1404 444 1443 alterius
477 1406 655 1456 civitatis,
687 1410 849 1455 propter
882 1404 1214 1455 pulchritudinem
1247 1406 1435 1456 corporis.

97 1463 208 1509 Quod
247 1463 393 1501 bonum
435 1462 504 1501 Dei
543 1463 701 1513 quidem
739 1463 884 1501 donum
923 1469 1001 1514 est3
1041 1463 1109 1501 sed
1147 1469 1356 1514 propterea
1396 1463 1434 1502 id

96 1522 259 1572 largitur
297 1523 412 1560 etiam
451 1521 579 1573 malis,
616 1533 663 1559 ne
703 1533 883 1571 magnum
924 1521 1071 1560 bonum
1102 1521 1279 1560 videatur
1310 1521 1435 1560 bonis.

97 1580 259 1618 Deserto
301 1581 433 1630 itaque
473 1579 575 1618 bono
615 1591 752 1629 magno
793 1586 832 1617 et
874 1579 1068 1618 honorum
1106 1581 1265 1631 proprio
1304 1579 1436 1631 lapsus

97 1644 157 1677 est
189 1638 314 1676 factus
347 1638 393 1676 ad
425 1637 572 1677 bonum
605 1639 825 1690 minimum,
858 1650 936 1676 non
968 1637 1081 1676 bonis
1113 1639 1335 1690 proprium,
1367 1638 1436 1677 sed

97 1696 210 1735 bonis
247 1696 438 1747 malisque
476 1709 702 1747 connnune3
741 1708 784 1734 ac
823 1698 878 1734 sic
916 1696 983 1734 filii
1015 1696 1084 1734 Dei
1116 1696 1283 1735 filiarum
1314 1696 1434 1736 homi-

97 1767 190 1794 num
231 1767 362 1793 amore
402 1760 494 1793 sunt
525 1756 644 1806 capti,
683 1760 797 1805 atque
831 1760 875 1792 ut
906 1756 962 1792 eis
995 1754 1226 1805 coniugibus
1258 1755 1434 1793 frueren-

98 1820 180 1865 tur,
223 1815 263 1851 in
301 1825 431 1851 mores
470 1814 667 1851 societatis
706 1814 925 1863 terrigenae
967 1812 1238 1864 defluxerunt,
1282 1811 1436 1851 deserta

97 1873 265 1923 pietate,
309 1883 425 1922 quam
468 1872 508 1909 in
553 1876 686 1909 sancta
724 1873 910 1909 societate
949 1870 1166 1909 servabant.
1231 1870 1294 1909 Sic
1333 1873 1436 1910 enim

98 1931 275 1980 corporis
301 1929 563 1981 pulchritudo,
597 1941 616 1966 3
643 1928 722 1967 Deo
750 1928 906 1979 quidem
933 1929 1090 1980 factum,
1123 1928 1189 1967 sed
1224 1929 1436 1980 temporale

100 1987 251 2026 carnale
284 1988 460 2026 infimum
492 1987 656 2038 honum,
689 1987 786 2025 male
819 1992 970 2025 amatur
1001 1988 1218 2038 postposito
1251 1986 1343 2039 Deo,
1375 1999 1435 2026 ae-

99 2052 212 2085 terno
245 2047 400 2084 interno
433 2047 672 2097 sempiterno
705 2044 829 2096 bono,
870 2056 985 2095 quem
1018 2045 1064 2083 ad
1097 2045 1256 2083 modum
1288 2047 1436 2084 iustitia

192 2136 250 2178 20)
277 2134 364 2169 Gen.
394 2139 428 2177 6,
453 2138 484 2168 2.
521 2169 523 2172 ,

193 2267 213 2298 2
239 2262 298 2298 dei
324 2263 378 2297 sui
403 2262 438 2296 R
