1548 2562
440 145 490 169 DE
511 144 698 170 CIVITATE
718 145 786 169 DEI
806 145 838 169 L.
858 145 939 171 XXJ.
959 145 988 170 o.
1006 146 1032 170 4.
1313 136 1397 176 493

70 233 165 271 adeo
204 238 248 271 ut
286 244 352 271 eos
390 233 642 271 substernere
681 232 844 282 soleant,
890 235 956 283 qui
994 232 1135 271 limites
1167 233 1307 285 figunt,
1351 233 1396 271 ad

71 291 377 329 convincendum
396 291 640 342 litigatorem,
662 292 838 341 quisquis
858 297 946 342 post
967 290 1204 341 quantalibet
1223 296 1398 341 tempora

70 350 242 387 extiterit
272 350 468 399 fixumque
507 348 672 399 lapidem
704 349 866 387 limitem
897 361 973 386 non
1007 361 1092 387 esse
1125 348 1397 387 contenderit?

71 407 165 452 Quis
197 419 263 445 eos
294 408 334 445 in
365 412 470 445 terra
501 407 630 445 umida
672 407 859 458 infossos,
904 407 970 445 ubi
1002 407 1103 457 ligna
1134 412 1397 459 putescerent,

69 465 215 504 tamdiu
246 465 387 503 durare
419 464 768 515 incorruptibiliter
800 476 913 515 posse
947 466 1022 503 nisi
1054 477 1186 503 rerum
1218 465 1280 503 ille
1314 477 1396 503 cor-

69 529 207 574 ruptor
239 525 339 573 ignis
371 521 527 561 effecit?

184 580 410 619 Intueamur
447 582 562 619 etiam
592 580 821 619 miraculum
855 581 980 619 calcis.
1043 581 1214 631 Excepto
1248 593 1310 632 eo,
1350 581 1396 619 de

70 651 146 689 quo
173 640 249 677 iam
275 641 366 677 satis
393 639 570 691 diximus,
603 639 706 689 quod
732 640 820 689 igne
849 639 1035 691 candicat,
1069 651 1144 689 quo
1172 639 1242 677 alia
1274 644 1396 678 taetra

69 697 298 748 redduntur,
324 698 440 735 etiam
465 696 727 735 occultissime
754 696 800 734 ab
827 698 914 747 igne
941 699 1070 747 ignem
1097 698 1265 747 concipit
1292 709 1395 735 eum-

70 767 144 805 que
176 756 251 793 iam
283 754 392 805 gleba
423 754 670 805 tangentibus
703 755 839 805 frigida
870 760 947 793 tam
979 755 1144 793 latenter
1177 761 1323 806 servat,
1357 760 1399 793 ut

69 813 165 851 nulli
196 818 330 851 nostro
358 815 489 851 sensui
516 825 677 863 prorsus
710 819 903 865 appareat,
936 813 1002 851 sed
1036 818 1258 863 compertus
1284 825 1397 863 expe·

70 873 254 923 rimento,
294 872 408 908 etiam
450 871 542 909 dum
574 883 651 909 non
685 877 860 922 apparet,
899 873 1045 909 sciatur
1076 873 1204 909 inesse
1238 872 1397 921 sopitus.

69 929 235 980 Propter
261 928 364 979 quod
392 941 476 967 eam
501 930 623 967 vivam
650 929 795 967 calcem
822 929 1028 980 loquimur,
1061 929 1165 967 velut
1190 930 1271 978 ipse
1298 930 1398 979 ignis

70 987 193 1025 latens
239 989 363 1025 anima
408 988 458 1025 sit
498 987 702 1024 invisibilis
743 986 902 1024 visibilis
943 988 1129 1037 corporis.
1190 986 1269 1024 Iam
1306 998 1397 1024 vero

71 1057 185 1095 quam
211 1046 352 1084 mirum
379 1051 449 1096 est,
481 1045 595 1096 quod,
628 1057 716 1083 cum
743 1046 993 1095 extinguitur,
1025 1050 1119 1082 tunc
1151 1043 1397 1082 accenditur!

69 1103 119 1141 Ut
162 1104 264 1141 enim
310 1102 461 1141 occulto
504 1104 592 1153 igne
635 1108 787 1154 careat,
832 1114 952 1152 aquae
993 1102 1212 1140 infunditur
1254 1114 1397 1152 aquave

70 1161 335 1212 perfunditur,
368 1166 407 1199 et
439 1172 526 1199 cum
559 1166 645 1199 ante
679 1163 728 1199 sit
761 1161 917 1212 frigida,
949 1160 1037 1198 inde
1071 1161 1264 1211 fervescit,
1295 1160 1398 1198 unde

70 1220 259 1257 ferventia
303 1224 443 1257 cuncta
486 1219 711 1269 frigescunt.
785 1218 898 1256 Velut
941 1220 1141 1268 expirante
1193 1230 1285 1268 ergo
1336 1218 1398 1255 illa

70 1276 181 1327 gleba
207 1276 412 1315 discedens
437 1278 549 1328 ignis,
582 1278 648 1327 qui
674 1276 827 1327 latebat,
860 1282 1031 1327 apparet,
1064 1288 1106 1313 ac
1133 1276 1271 1314 deinde
1303 1282 1397 1314 tam-

71 1347 186 1385 quam
226 1340 350 1373 morte
389 1336 444 1372 sic
476 1334 614 1384 frigida
647 1341 721 1385 est,
761 1340 803 1373 ut
835 1334 982 1372 adiecta
1014 1335 1116 1372 unda
1149 1346 1226 1372 non
1259 1335 1308 1372 sit
1340 1346 1398 1372 ar-

71 1405 161 1431 sura
200 1398 239 1431 et
276 1404 389 1442 quam
430 1392 574 1430 calcem
611 1392 841 1431 vocabamus
884 1394 1023 1444 vivam,
1062 1404 1246 1430 vocemus
1279 1393 1400 1430 extin-

72 1457 183 1498 ctam.
247 1450 346 1495 Quid
374 1456 433 1489 est
459 1450 561 1501 quod
588 1450 678 1489 huic
710 1450 897 1489 miraculo
930 1450 1017 1488 addi
1048 1462 1162 1501 posse
1195 1447 1401 1489 videatur?

71 1515 110 1548 et
157 1515 286 1547 tamen
335 1508 499 1547 additur.
561 1508 655 1547 Nam
700 1510 732 1547 si
776 1521 852 1547 non
897 1508 1076 1546 adhibeas
1122 1520 1283 1560 aquam,
1333 1508 1399 1546 sed

71 1567 211 1619 oleum,
243 1567 346 1617 quod
378 1568 498 1617 magis
530 1567 652 1605 fomes
685 1572 744 1605 est
774 1568 892 1618 ignis,
924 1566 1028 1604 nulla
1061 1568 1144 1604 eius
1175 1567 1399 1617 perfusione

71 1625 130 1663 vel
161 1625 356 1663 infusione
394 1625 586 1663 fervescit.
648 1624 729 1663 Hoc
768 1625 997 1663 miraculum
1037 1625 1069 1662 si
1101 1624 1146 1662 de
1180 1624 1308 1674 aliquo
1339 1623 1399 1662 In-

72 1683 157 1721 dico
190 1682 314 1733 lapide
346 1682 564 1733 legeremus
609 1684 687 1721 sive
721 1683 943 1721 audiremus
985 1687 1023 1721 et
1054 1684 1093 1720 in
1126 1687 1303 1721 nostrum
1336 1694 1398 1720 ex-

71 1742 331 1792 perimentum
368 1742 500 1778 venire
538 1752 616 1778 non
653 1746 800 1792 posset,
844 1741 1019 1791 profecto
1060 1745 1126 1779 aut
1157 1740 1401 1778 mendacium

71 1804 298 1850 putaremus
330 1803 396 1836 aut
427 1804 533 1836 certe
571 1799 768 1848 granditer
799 1800 1041 1837 miraremur.
1105 1798 1277 1844 Quarum
1308 1810 1400 1836 vero

72 1868 205 1895 rerum
231 1861 318 1894 ante
346 1861 500 1894 nostros
532 1856 665 1894 oculos
698 1856 888 1895 cotidiana
921 1856 1152 1895 documenta
1184 1861 1400 1909 versantur,

72 1927 150 1953 non
181 1926 322 1965 genere
355 1915 483 1952 minus
515 1914 697 1966 mirabili,
730 1915 796 1952 sed
829 1916 911 1965 ipsa
943 1915 1167 1953 assiduitate
1200 1914 1401 1966 vilescunt,

72 1974 125 2011 ita
155 1978 200 2011 ut
231 1984 276 2010 ex
308 1973 390 2022 ipsa
421 1971 538 2024 India,
571 1984 667 2022 quae
695 1978 844 2011 remota
875 1978 935 2011 est
965 1985 1054 2023 pars
1087 1972 1192 2010 orbis
1224 1984 1244 2010 a
1276 1971 1400 2024 nobis,

166 2085 224 2127 26)
249 2083 342 2117 Plin.
369 2087 424 2127 33,
451 2087 471 2118 5
498 2085 587 2128 (30);
613 2083 775 2118 indidem
800 2084 1031 2128 insequentia
1056 2084 1183 2128 petita.

168 2250 211 2281 16
237 2256 351 2290 aquae
376 2245 440 2279 inf.
467 2246 517 2281 ed.
539 2246 697 2288 Lovan.;
723 2257 818 2290 aqua
844 2247 941 2280 enim
960 2246 1060 2280 fund.
1082 2246 1138 2289 R‚·
1162 2257 1258 2290 aqua,
1282 2246 1400 2280 infun-

74 2292 172 2327 ditur
196 2293 252 2326 Av
271 2294 283 2337 ΙΙ
302 2296 345 2326 20
369 2293 514 2326 mortua
539 2293 573 2326 A
599 2293 674 2328 edd.
701 2292 768 2327 Er.
803 2292 886 2327 Ven.

1427 764 1467 793 10

1428 1053 1467 1082 15

1427 1343 1468 1372 20

1427 1631 1469 1662 25

1427 1923 1469 1952 30
