1548 2562
386 126 438 150 DE
458 125 644 151 c1vrrA'rE
664 126 733 150 DEI
752 126 784 150 L.
803 126 869 150 xv.
890 125 918 150 c.
939 127 962 150 1.
1304 116 1358 156 59

34 216 158 266 primo
203 216 253 252 sit
295 226 454 252 necesse
499 219 558 252 est
601 226 647 252 ex
690 214 809 252 Adam
852 213 974 252 malus
1019 219 1135 264 atque
1180 214 1360 264 carnalis,

35 273 136 323 quod
183 274 214 310 si
263 274 302 310 in
348 271 544 310 Christum
595 272 834 310 renascendo
877 272 1110 323 profecerit,
1153 278 1241 322 post
1284 273 1358 310 erit

34 331 159 369 honus
192 336 229 369 et
261 326 481 382 spiritalis):
513 332 567 367 sic
599 332 639 368 in
671 332 858 368 universo
883 343 1025 381 genere
1057 330 1237 381 humano,
1269 342 1357 368 cum

32 391 201 440 primum
239 388 335 427 dnae
373 390 468 426 istae
513 394 727 438 coeperunt
770 388 962 426 nascendo
1001 394 1115 439 atque
1157 389 1357 426 moriendo

32 459 266 498 procurrere
306 448 497 497 civitates,
533 448 641 497 prior
681 452 738 484 est
775 452 888 485 natus
930 448 1022 485 civis
1056 447 1171 485 huius
1204 447 1359 498 saeculi,

33 507 228 556 posterius
267 510 395 543 autem
433 506 507 542 isto
545 506 776 555 peregrinus
814 506 853 542 in
891 505 1044 543 saeculo
1085 511 1123 543 et
1159 507 1360 556 pertinens

34 563 77 601 ad
113 565 305 601 civitatem
331 563 411 614 Dei,
443 564 562 613 gratia
588 563 899 613 praedestinatus
931 565 1052 613 gratia
1085 563 1243 615 electus,
1275 575 1358 614 gra-

35 624 85 660 tia
117 623 346 672 peregrinus
384 620 565 659 deorsum
605 622 725 671 gratia
758 622 850 659 civis
883 633 1050 660 sursum.
1112 621 1206 659 Nam
1239 634 1357 672 quan-

35 686 116 718 tum
150 679 194 717 ad
227 681 354 731 ipsum
387 680 552 730 adtinet,
586 691 631 717 ex
664 679 797 717 eadem
829 691 952 717 massa
985 682 1121 731 oritur,
1154 692 1251 730 quae
1285 681 1359 718 ori-

35 737 215 788 ginaliter
259 743 317 776 est
360 742 439 776 tota
483 737 676 789 damnata,
720 737 786 775 sed
831 743 1024 787 tamquam
1069 739 1209 788 figulus
1256 738 1358 776 Deus

34 792 152 848 (hanc
185 797 286 834 enim
327 795 618 834 similitudinem
650 808 725 833 non
758 795 1010 847 inpudenter,
1048 796 1113 834 sed
1147 797 1361 847 prudenter

35 854 248 893 introducit
286 850 502 907 apostolus)
541 866 587 892 ex
626 854 758 892 eadem
797 866 921 892 massa
961 855 1053 892 fecit
1091 854 1192 892 aliud
1226 867 1289 893 vas
1321 856 1360 892 in

34 912 242 964 honorem,
274 912 374 950 aliud
406 914 445 950 in
477 912 760 950 contumeliam.
821 912 934 950 Prius
968 919 1096 950 autem
1128 914 1270 951 sactum
1302 918 1362 951 est

36 983 99 1009 vas
130 973 168 1009 in
203 970 492 1022 contumeliam,
523 976 611 1021 post
642 983 733 1008 vero
766 970 930 1008 alterum
962 972 1000 1008 in
1035 971 1240 1022 honorem,
1272 973 1360 1021 quia

36 1035 72 1067 et
104 1031 142 1067 in
175 1031 258 1079 ipso
290 1041 387 1080 uno,
425 1030 526 1067 sicut
557 1030 630 1066 iam
663 1029 759 1080 dixi,
802 1029 957 1066 homine
995 1031 1104 1079 prius
1137 1036 1195 1067 est
1227 1042 1359 1080 repro-

34 1087 138 1139 bum,
169 1087 270 1125 unde
298 1099 455 1125 necesse
483 1093 542 1125 est
567 1089 796 1137 incipiamus
829 1092 867 1125 et
898 1087 964 1125 uhi
997 1100 1073 1125 non
1107 1093 1166 1126 est
1198 1100 1357 1125 necesse

34 1151 77 1183 ut
108 1157 394 1196 remaneamus,
431 1147 626 1195 posterius
658 1158 749 1183 vero
781 1145 965 1197 probum,
1003 1158 1079 1196 quo
1111 1146 1360 1196 proficientes

34 1205 230 1242 veniamus
268 1209 307 1242 et
347 1216 422 1254 quo
463 1205 735 1254 pervenientes
776 1216 1009 1242 maneamus.
1077 1204 1245 1242 Proinde
1283 1217 1361 1242 non

36 1262 190 1312 quidem
230 1264 354 1300 omnis
391 1262 505 1299 homo
538 1262 659 1300 malus
691 1263 766 1300 erit
797 1262 940 1313 honus,
981 1274 1093 1300 nemo
1126 1269 1254 1301 tamen
1287 1264 1362 1301 erit

34 1320 159 1358 bonus
204 1322 270 1370 qui
312 1332 389 1358 non
434 1325 516 1358 erat
560 1320 698 1371 malus,
742 1320 808 1358 sed
855 1326 997 1370 quanto
1039 1322 1204 1370 quisque
1246 1322 1360 1359 citius

34 1383 206 1417 mutatur
238 1380 276 1416 in
304 1378 453 1428 melius,
485 1378 557 1416 hoc
590 1380 628 1416 in
661 1391 702 1416 se
735 1380 824 1416 facit
856 1380 1058 1430 nominari,
1091 1379 1191 1429 quod
1226 1379 1359 1430 adpre-

34 1437 185 1488 hendit,
223 1437 388 1475 celerius
427 1442 465 1474 et
502 1438 716 1486 posteriore
761 1439 936 1487 cooperit
974 1436 1201 1475 vocabulum
1240 1440 1360 1488 prius.

36 1495 232 1546 Scriptum
271 1500 330 1533 est
366 1496 494 1545 itaque
533 1495 579 1533 de
613 1494 723 1546 Cain,
765 1495 866 1545 quod
900 1495 1118 1533 condiderit
1150 1497 1360 1547 civitatem,

34 1553 128 1591 Abel
161 1558 289 1591 autem
326 1559 520 1603 tamquam
558 1555 789 1603 peregrinus
830 1566 904 1591 non
939 1553 1122 1591 condidit.
1185 1553 1360 1604 Superna

35 1617 95 1650 est
126 1613 228 1649 enim
267 1618 488 1649 sanctorum
520 1613 670 1662 civitas,
709 1613 881 1661 quamvis
913 1611 974 1649 hic
1007 1613 1129 1661 pariat
1162 1613 1281 1663 cives,
1320 1614 1358 1650 in

36 1669 177 1720 quibus
214 1672 502 1721 peregrinatur,
543 1670 665 1707 donec
706 1671 816 1719 regni
854 1671 937 1707 eius
976 1675 1129 1719 tempus
1173 1670 1360 1722 adveniat,

36 1740 125 1765 cum
164 1734 443 1778 congregatura
482 1733 541 1765 est
585 1739 718 1765 omnes
757 1729 918 1765 11151115
959 1727 1188 1778 corporibus
1230 1741 1359 1766 resur-

34 1792 187 1838 gentes,
226 1786 378 1836 quando
417 1787 473 1824 eis
503 1787 739 1836 promissum
771 1785 924 1824 dabitur
956 1798 1140 1837 regnum,
1173 1786 1239 1824 uhi
1271 1799 1359 1825 cum

36 1856 105 1882 suo
148 1846 323 1895 principe
367 1856 458 1895 rege
503 1844 746 1882 saeculorum
793 1846 875 1882 sine
925 1844 1004 1883 ullo
1054 1846 1240 1895 temporis
1284 1846 1358 1883 fine

35 1902 262 1952 regnabunt.

131 2005 188 2047 13)
214 2003 316 2038 Rom.
344 2007 378 2047 9,
403 2007 457 2039 21.

38 2130 168 2172 Parr.;
192 2132 252 2166 sed
270 2132 314 2174 cf.
341 2134 398 2173 54,
418 2135 486 2173 32,·
512 2135 570 2174 59,
589 2135 655 2173 10‚·
680 2142 708 2166 c.
728 2135 774 2167 21
795 2132 860 2166 sub
885 2132 947 2174 fin.
966 2133 978 2176 ΙΙ
998 2136 1018 2167 6
1043 2132 1223 2176 posterior
1247 2144 1266 2167 υ
1287 2135 1298 2177 ΙΙ
1319 2137 1358 2167 11

34 2176 158 2222 inpud.
193 2178 279 2221 VR,·
304 2178 446 2222 inprud.
473 2179 529 2213 Av

1387 747 1429 777 10

1387 1330 1430 1361 20

1386 1620 1429 1650 25

1387 1912 1431 1943 30
