1495 2489
43 727 84 758 10

42 1019 83 1051 15

38 1313 82 1343 20

38 1605 81 1635 25

113 93 168 133 22
647 104 673 129 s.
693 103 908 129 AUGUSTmI

112 192 205 244 buS,
248 192 342 231 ssere
381 205 469 231 cum
506 192 712 243 flentibus,
753 193 847 231 soris
884 192 1088 232 habentem
1126 205 1292 245 pugnas,
1332 195 1436 232 intus

114 253 284 302 timores,
311 253 531 302 cupientem
558 251 712 289 dissolvi
738 256 777 289 et
801 263 886 290 esse
914 264 1001 290 cum
1022 251 1188 303 Christo,
1215 252 1435 309 desideran-

113 316 191 348 tem
229 310 358 348 videre
396 310 612 360 Romanos,
655 315 695 347 ut
735 309 902 360 aliquem
942 311 1112 349 fructum
1151 310 1288 349 habeat
1326 316 1364 349 et
1395 312 1435 349 in

113 367 205 419 illis,
243 370 343 406 sicut
381 374 419 406 et.
450 369 488 405 in
521 369 662 406 ceteris
694 368 895 420 gentibus,
927 369 1183 408 aemulantem
1215 369 1436 408 Corinthios

114 433 151 464 et
193 428 276 477 ipsa
319 425 573 464 aemulatione
624 432 883 474 metuentem,
928 439 976 465 ne
1020 427 1257 467 seducantur
1300 440 1437 466 eorum

112 490 261 523 mentes
293 497 313 522 a
345 486 531 536 castitate,
563 497 659 535 quae
686 486 725 523 in
752 484 904 524 Christo
937 492 1007 537 cst,
1039 498 1213 537 magnam
1240 488 1436 525 tristitiam

112 549 150 581 et
181 545 408 581 continuum
434 543 606 581 dolorem
637 543 764 582 cordis
796 544 843 582 de
868 543 1053 583 Israelitis
1083 544 1301 597 habentem,
1333 545 1436 596 quod

110 603 333 651 ignorantes
364 601 433 639 Dei
470 603 656 640 iustitiam
694 608 733 640 et
763 614 872 640 suam
903 602 1076 641 volentes
1108 605 1346 642 constituere
1379 605 1435 642 iu-

111 661 236 698 stitiae
262 659 332 697 Dei
358 672 435 698 non
462 666 591 698 essent
617 660 798 711 subiecti3
831 673 902 699 nec
928 661 1053 700 solum
1085 661 1269 712 dolorem,
1300 674 1436 700 verum

111 720 225 756 etiam
269 718 416 757 luctum
461 731 574 757 suum
612 719 904 757 denuntiantem
943 719 1199 771 quibusdam,
1243 722 1310 771 qui
1347 727 1436 759 ante

110 783 370 827 peccaverunt
395 782 433 815 et
458 789 534 815 non
561 784 726 828 egerunt
749 779 1024 829 paenitentiam
1056 790 1174 829 super
1205 778 1436 817 inmunditia

111 841 149 873 et
180 835 500 873 fornicationibus
533 838 624 874 suis.

225 893 273 931 Hi
309 900 454 942 motus,
493 894 532 932 hi
570 896 730 933 affectus
769 895 815 933 de
854 907 983 933 amore
1022 895 1113 933 boni
1155 902 1193 934 et
1224 895 1271 933 de
1304 901 1436 934 sancta

110 953 269 990 caritate
306 954 506 991 venientes
544 954 576 990 si
612 955 701 991 vitia
732 953 901 991 vocanda
934 960 1041 1005 sunt,
1079 955 1267 1005 sinamus,
1306 960 1350 992 ut
1380 966 1436 1006 ea,

111 1022 208 1061 quae
233 1022 323 1049 vere
349 1012 438 1049 vitia
471 1016 573 1063 sunt,
604 1013 768 1050 virtutes
801 1018 999 1050 vocentur.
1063 1012 1137 1050 Sed
1170 1024 1258 1050 cum
1290 1019 1435 1050 rectam

109 1070 299 1107 rationem
338 1076 551 1120 sequantur
589 1071 684 1108 istae
723 1072 964 1118 affectiones,
997 1070 1149 1121 quando
1182 1070 1249 1109 ubi
1280 1076 1436 1121 oportet

109 1127 359 1179 adhibentur,
398 1130 484 1178 quis
523 1140 587 1166 eas
624 1134 716 1166 tunc
758 1128 914 1167 morbos
947 1141 1015 1167 seu
1048 1130 1203 1167 vitiosas
1235 1131 1435 1180 passiones

109 1186 247 1224 audeat
291 1184 449 1225 dicere?
511 1186 633 1232 Quam
677 1187 725 1224 ob
764 1199 846 1225 rem
892 1189 1005 1226 etiam
1046 1189 1128 1238 ipse
1166 1187 1352 1226 Dominus
1396 1190 1436 1226 in

109 1244 232 1282 forma
270 1246 370 1283 servi
408 1257 521 1295 agere
559 1247 672 1284 vitam
713 1246 892 1296 (lignatus
923 1246 1146 1296 humanam,
1188 1246 1254 1284 sed
1287 1245 1436 1285 nullum

108 1302 255 1341 habens
281 1305 436 1341 omnino
462 1310 663 1354 peccatum
690 1304 864 1342 adhibuit
884 1316 960 1356 eaS,
991 1304 1059 1343 ubi
1090 1304 1324 1343 adhibendas
1350 1317 1435 1343 esse

108 1361 302 1399 iudicavit.
363 1361 496 1412 Neque
530 1364 650 1413 enim,
690 1364 729 1400 in
762 1375 838 1413 quo
871 1375 1005 1401 verum
1038 1369 1121 1401 erat
1151 1362 1318 1401 hominis
1350 1375 1434 1402 cor·

107 1432 181 1470 pus
207 1425 246 1458 et
270 1432 386 1458 verus
411 1420 578 1459 hominis
604 1422 765 1472 animus,
793 1421 910 1459 salsus
936 1427 1018 1460 erat
1044 1421 1235 1459 humanus
1261 1421 1434 1460 affectus.

109 1477 206 1516 Cum
243 1490 333 1528 ergo
373 1480 456 1517 eius
494 1481 531 1517 in
565 1479 761 1530 evaugelio
794 1481 866 1518 ista
899 1480 1143 1531 referuntur,
1181 1480 1284 1530 quod
1316 1492 1435 1531 super

108 1536 251 1574 duritia
288 1536 416 1575 cordis
454 1536 685 1575 Iudaeorum
725 1550 814 1576 cum
850 1540 906 1576 ira
944 1540 1197 1577 contristatus
1229 1539 1299 1590 sit,
1331 1538 1434 1588 quod

110 1594 266 1633 dixerit:
309 1596 471 1634 Gaudeo
498 1602 666 1645 propter
699 1608 781 1644 vos,
812 1601 857 1634 ut
887 1599 1081 1645 credatis,
1113 1596 1216 1647 quod
1248 1595 1435 1636 Lazarum

109 1655 367 1692 suscitaturus
394 1655 506 1692 ctiam
534 1654 709 1692 lacrimas
736 1654 891 1707 fuderit,
924 1655 1027 1705 quod
1055 1656 1321 1705 concupiverit
1346 1667 1435 1694 cum

108 1711 309 1762 discipulis
335 1713 416 1750 suis
448 1714 680 1751 manducare
712 1713 864 1765 pascha,
897 1713 999 1763 quod
1032 1715 1320 1764 propinquante
1348 1725 1433 1765 pas-

108 1771 216 1808 sione
250 1772 371 1808 tristis
404 1771 521 1809 suerit
558 1773 682 1809 anima
715 1774 816 1810 eius:
854 1783 929 1809 non
964 1772 1058 1809 salso
1090 1773 1225 1821 utique
1256 1772 1432 1810 referun-

108 1833 183 1866 tur.
244 1827 386 1866 Verum
423 1828 485 1866 ille
524 1829 594 1867 hos
637 1836 765 1868 motus
810 1835 938 1868 certae
976 1830 1274 1880 dispensationis
1311 1831 1434 1880 gratia

203 1931 236 1972 1)
262 1929 365 1964 Rom.
399 1932 459 1972 12,
494 1932 546 1962 15.
596 1930 630 1972 2)
658 1932 688 1963 2.
725 1929 804 1964 Cor.
832 1933 870 1972 7,
896 1933 925 1964 5.
986 1929 1078 1964 Phil.
1108 1934 1138 1972 1,
1165 1933 1219 1963 23.
1269 1932 1304 1973 4)
1330 1930 1432 1966 Rom.

112 1979 224 2019 1,11;
247 1980 299 2010 13.
350 1977 384 2018 6)
410 1979 441 2009 2.
462 1974 540 2009 Cor.
571 1979 622 2016 11,
650 1979 669 2008 2
698 1987 747 2019 sq.
799 1979 832 2020 7)
859 1976 961 2010 Rom.
989 1980 1020 2019 9,
1047 1980 1078 2010 2.
1129 1978 1162 2019 9)
1188 1976 1291 2011 Rom.
1322 1981 1375 2022 10,
1401 1982 1432 2014 3.

111 2024 166 2065 12)
192 2026 224 2056 2.
252 2021 330 2056 Cor.
359 2026 412 2064 12,
440 2026 493 2056 21.
545 2025 601 2063 24)
628 2022 693 2056 Mr.
721 2028 759 2066 3,
786 2026 817 2056 5.
868 2024 927 2066 25)
953 2022 1001 2058 10.
1032 2027 1084 2067 11,
1113 2027 1164 2057 15.
1216 2026 1273 2067 26)
1299 2024 1350 2058 lb.
1377 2028 1431 2060 35.

109 2071 167 2112 27)
192 2069 251 2103 Le.
279 2073 334 2111 22,
362 2072 414 2102 15.
464 2071 522 2112 28)
548 2069 611 2103 Mt.
639 2072 694 2111 26,
720 2073 774 2104 38.

202 2224 221 2254 5
246 2220 326 2264 ipsa
353 2222 422 2261 Vt„-
447 2220 485 2254 in
518 2220 597 2265 ipsa
622 2220 725 2264 ΑΓΗ
746 2223 787 2254 19
808 2210 918 2266 ser‘vi]
940 2220 998 2255 dei
1026 2220 1085 2265 Vll
1105 2225 1149 2256 24
1169 2221 1302 2257 duritia
1329 2222 1436 2257 VAF

107 2269 205 2310 (11);
234 2266 407 2300 duritiam
433 2277 453 2300 υ
