<?xml version="1.0" encoding="UTF-8"?>
<!DOCTYPE html PUBLIC "-//W3C//DTD XHTML 1.0 Transitional//EN"
    "http://www.w3.org/TR/xhtml1/DTD/xhtml1-transitional.dtd">
<html xmlns="http://www.w3.org/1999/xhtml" xml:lang="en" lang="en">
 <head>
  <title>
</title>
<meta http-equiv="Content-Type" content="text/html;charset=utf-8" />
  <meta name='ocr-system' content='tesseract 3.04.00' />
  <meta name='ocr-capabilities' content='ocr_page ocr_carea ocr_par ocr_line ocrx_word'/>
</head>
<body>
  <div class='ocr_page' id='page_1' title='image "./sanctiaureliiaug02auguuoft_0403.png"; bbox 0 0 1548 2562; ppageno 0'>
   <div class='ocr_carea' id='block_1_1' title="bbox 440 109 1412 149">
    <p class='ocr_par' dir='ltr' id='par_1_1' title="bbox 440 109 1412 149">
     <span class='ocr_line' id='line_1_1' title="bbox 440 109 1412 149; baseline 0.001 -6"><span class='ocrx_word' id='word_1_1' title='bbox 440 118 492 143; x_wconf 81' lang='lat' dir='ltr'>DE</span> <span class='ocrx_word' id='word_1_2' title='bbox 512 117 700 143; x_wconf 85' lang='lat' dir='ltr'><strong>CIVITATE</strong></span> <span class='ocrx_word' id='word_1_3' title='bbox 719 118 789 142; x_wconf 83' lang='lat' dir='ltr'>DEI</span> <span class='ocrx_word' id='word_1_4' title='bbox 807 118 840 142; x_wconf 83' lang='lat' dir='ltr'>L.</span> <span class='ocrx_word' id='word_1_5' title='bbox 860 118 941 142; x_wconf 83' lang='lat' dir='ltr'>XIX.</span> <span class='ocrx_word' id='word_1_6' title='bbox 962 118 990 143; x_wconf 84' lang='lat' dir='ltr'>c.</span> <span class='ocrx_word' id='word_1_7' title='bbox 1012 119 1052 143; x_wconf 76' lang='lat'>23.</span> <span class='ocrx_word' id='word_1_8' title='bbox 1330 109 1412 149; x_wconf 76' lang='lat'>397</span> 
     </span>
    </p>
   </div>
   <div class='ocr_carea' id='block_1_2' title="bbox 84 206 1492 2179">
    <p class='ocr_par' dir='ltr' id='par_1_2' title="bbox 84 206 1492 2179">
     <span class='ocr_line' id='line_1_2' title="bbox 86 206 1417 257; baseline -0.001 -10"><span class='ocrx_word' id='word_1_9' title='bbox 86 209 234 247; x_wconf 83' lang='lat' dir='ltr'>terreni</span> <span class='ocrx_word' id='word_1_10' title='bbox 266 208 414 245; x_wconf 87' lang='lat' dir='ltr'>minimi</span> <span class='ocrx_word' id='word_1_11' title='bbox 439 206 524 244; x_wconf 91' lang='lat' dir='ltr'>loco</span> <span class='ocrx_word' id='word_1_12' title='bbox 551 206 717 256; x_wconf 88' lang='lat' dir='ltr'>quodam</span> <span class='ocrx_word' id='word_1_13' title='bbox 749 207 938 244; x_wconf 88' lang='lat' dir='ltr'>malorum</span> <span class='ocrx_word' id='word_1_14' title='bbox 970 207 1202 245; x_wconf 89' lang='lat' dir='ltr'>daemonum</span> <span class='ocrx_word' id='word_1_15' title='bbox 1232 209 1417 257; x_wconf 79' lang='lat' dir='ltr'>potestati</span> 
     </span>
     <span class='ocr_line' id='line_1_3' title="bbox 86 260 1415 317; baseline -0.002 -12"><span class='ocrx_word' id='word_1_16' title='bbox 86 265 262 305; x_wconf 91' lang='lat' dir='ltr'>subiecti.</span> <span class='ocrx_word' id='word_1_17' title='bbox 332 264 389 302; x_wconf 86' lang='lat' dir='ltr'>Ab</span> <span class='ocrx_word' id='word_1_18' title='bbox 429 264 490 302; x_wconf 91' lang='lat' dir='ltr'>his</span> <span class='ocrx_word' id='word_1_19' title='bbox 534 266 728 315; x_wconf 89' lang='lat' dir='ltr'>sapientes</span> <span class='ocrx_word' id='word_1_20' title='bbox 772 264 1039 317; x_wconf 84' lang='lat' dir='ltr'>Hebraeorum</span> <span class='ocrx_word' id='word_1_21' title='bbox 1084 260 1272 316; x_wconf 83' lang='lat' dir='ltr'>(quorum</span> <span class='ocrx_word' id='word_1_22' title='bbox 1312 277 1415 304; x_wconf 91' lang='lat' dir='ltr'>unus</span> 
     </span>
     <span class='ocr_line' id='line_1_4' title="bbox 85 322 1414 374; baseline -0.002 -11"><span class='ocrx_word' id='word_1_23' title='bbox 85 326 159 363; x_wconf 85' lang='lat' dir='ltr'>iste</span> <span class='ocrx_word' id='word_1_24' title='bbox 191 325 304 362; x_wconf 85' lang='lat' dir='ltr'>etiam</span> <span class='ocrx_word' id='word_1_25' title='bbox 338 323 446 361; x_wconf 85' lang='lat' dir='ltr'>lesus</span> <span class='ocrx_word' id='word_1_26' title='bbox 480 323 570 374; x_wconf 87' lang='lat' dir='ltr'>fuit,</span> <span class='ocrx_word' id='word_1_27' title='bbox 609 324 710 361; x_wconf 91' lang='lat' dir='ltr'>sicut</span> <span class='ocrx_word' id='word_1_28' title='bbox 742 323 883 361; x_wconf 90' lang='lat' dir='ltr'>audisti</span> <span class='ocrx_word' id='word_1_29' title='bbox 915 323 1041 361; x_wconf 88' lang='lat' dir='ltr'>divina</span> <span class='ocrx_word' id='word_1_30' title='bbox 1073 322 1277 374; x_wconf 78' lang='lat' dir='ltr'>Apollinis,</span> <span class='ocrx_word' id='word_1_31' title='bbox 1317 335 1414 372; x_wconf 88' lang='lat' dir='ltr'>quae</span> 
     </span>
     <span class='ocr_line' id='line_1_5' title="bbox 85 376 1414 433; baseline -0.002 -13"><span class='ocrx_word' id='word_1_32' title='bbox 85 383 266 433; x_wconf 87' lang='lat' dir='ltr'>superius</span> <span class='ocrx_word' id='word_1_33' title='bbox 298 381 399 419; x_wconf 88' lang='lat' dir='ltr'>dicta</span> <span class='ocrx_word' id='word_1_34' title='bbox 437 376 548 432; x_wconf 90' lang='lat' dir='ltr'>sunt)</span> <span class='ocrx_word' id='word_1_35' title='bbox 585 401 633 407; x_wconf 95' lang='lat'>—</span> <span class='ocrx_word' id='word_1_36' title='bbox 669 381 714 419; x_wconf 88' lang='lat' dir='ltr'>ab</span> <span class='ocrx_word' id='word_1_37' title='bbox 747 381 806 419; x_wconf 82' lang='lat' dir='ltr'>his</span> <span class='ocrx_word' id='word_1_38' title='bbox 839 393 930 431; x_wconf 85' lang='lat' dir='ltr'>ergo</span> <span class='ocrx_word' id='word_1_39' title='bbox 963 380 1130 419; x_wconf 82' lang='lat' dir='ltr'>Hebraei</span> <span class='ocrx_word' id='word_1_40' title='bbox 1162 381 1414 419; x_wconf 84' lang='lat' dir='ltr'>daemonibus</span> 
     </span>
     <span class='ocr_line' id='line_1_6' title="bbox 85 438 1461 491; baseline -0.002 -13"><span class='ocrx_word' id='word_1_41' title='bbox 85 441 264 491; x_wconf 83' lang='lat' dir='ltr'>pessimis</span> <span class='ocrx_word' id='word_1_42' title='bbox 313 445 352 477; x_wconf 85' lang='lat' dir='ltr'>et</span> <span class='ocrx_word' id='word_1_43' title='bbox 394 438 610 477; x_wconf 90' lang='lat' dir='ltr'>minoribus</span> <span class='ocrx_word' id='word_1_44' title='bbox 660 439 862 490; x_wconf 90' lang='lat' dir='ltr'>spiritibus</span> <span class='ocrx_word' id='word_1_45' title='bbox 907 438 1087 477; x_wconf 62' lang='lat' dir='ltr'>vetabant</span> <span class='ocrx_word' id='word_1_46' title='bbox 1130 439 1331 489; x_wconf 86' lang='lat' dir='ltr'>religiosos</span> <span class='ocrx_word' id='word_1_47' title='bbox 1378 445 1416 478; x_wconf 90' lang='lat' dir='ltr'>et</span> <span class='ocrx_word' id='word_1_48' title='bbox 1443 446 1461 475; x_wconf 85' lang='lat'>5</span> 
     </span>
     <span class='ocr_line' id='line_1_7' title="bbox 84 496 1416 550; baseline -0.001 -14"><span class='ocrx_word' id='word_1_49' title='bbox 84 499 178 550; x_wconf 88' lang='lat' dir='ltr'>ipsis</span> <span class='ocrx_word' id='word_1_50' title='bbox 216 509 350 536; x_wconf 87' lang='lat' dir='ltr'>vacare</span> <span class='ocrx_word' id='word_1_51' title='bbox 388 496 662 548; x_wconf 81' lang='lat' dir='ltr'>prohibebant3</span> <span class='ocrx_word' id='word_1_52' title='bbox 699 498 875 535; x_wconf 90' lang='lat' dir='ltr'>venerari</span> <span class='ocrx_word' id='word_1_53' title='bbox 915 503 1043 536; x_wconf 90' lang='lat' dir='ltr'>autem</span> <span class='ocrx_word' id='word_1_54' title='bbox 1077 499 1196 547; x_wconf 82' lang='lat' dir='ltr'>magis</span> <span class='ocrx_word' id='word_1_55' title='bbox 1229 497 1416 536; x_wconf 87' lang='lat' dir='ltr'>caelestes</span> 
     </span>
     <span class='ocr_line' id='line_1_8' title="bbox 85 555 1415 608; baseline -0.002 -13"><span class='ocrx_word' id='word_1_56' title='bbox 85 557 191 608; x_wconf 90' lang='lat' dir='ltr'>deos,</span> <span class='ocrx_word' id='word_1_57' title='bbox 222 556 385 607; x_wconf 87' lang='lat' dir='ltr'>amplius</span> <span class='ocrx_word' id='word_1_58' title='bbox 418 560 546 594; x_wconf 89' lang='lat' dir='ltr'>autem</span> <span class='ocrx_word' id='word_1_59' title='bbox 580 557 757 594; x_wconf 89' lang='lat' dir='ltr'>venerari</span> <span class='ocrx_word' id='word_1_60' title='bbox 784 555 905 594; x_wconf 89' lang='lat' dir='ltr'>Deum</span> <span class='ocrx_word' id='word_1_61' title='bbox 932 555 1098 594; x_wconf 89' lang='lat' dir='ltr'>Patrem.</span> <span class='ocrx_word' id='word_1_62' title='bbox 1160 555 1242 593; x_wconf 90' lang='lat' dir='ltr'>Hoc</span> <span class='ocrx_word' id='word_1_63' title='bbox 1275 562 1415 607; x_wconf 90' lang='lat' dir='ltr'>autem,</span> 
     </span>
     <span class='ocr_line' id='line_1_9' title="bbox 86 613 1415 666; baseline -0.001 -13"><span class='ocrx_word' id='word_1_64' title='bbox 86 616 229 666; x_wconf 86' lang='lat' dir='ltr'>inquit,</span> <span class='ocrx_word' id='word_1_65' title='bbox 266 620 305 653; x_wconf 88' lang='lat' dir='ltr'>et</span> <span class='ocrx_word' id='word_1_66' title='bbox 342 614 395 652; x_wconf 90' lang='lat' dir='ltr'>dii</span> <span class='ocrx_word' id='word_1_67' title='bbox 433 615 678 664; x_wconf 87' lang='lat' dir='ltr'>praecipiunt</span> <span class='ocrx_word' id='word_1_68' title='bbox 719 619 757 652; x_wconf 89' lang='lat' dir='ltr'>et</span> <span class='ocrx_word' id='word_1_69' title='bbox 788 615 827 652; x_wconf 92' lang='lat' dir='ltr'>in</span> <span class='ocrx_word' id='word_1_70' title='bbox 860 614 1129 664; x_wconf 89' lang='lat' dir='ltr'>superioribus</span> <span class='ocrx_word' id='word_1_71' title='bbox 1161 613 1415 664; x_wconf 84' lang='lat' dir='ltr'>ostendimus,</span> 
     </span>
     <span class='ocr_line' id='line_1_10' title="bbox 85 671 1416 723; baseline -0.001 -12"><span class='ocrx_word' id='word_1_72' title='bbox 85 685 202 723; x_wconf 89' lang='lat' dir='ltr'>quem</span> <span class='ocrx_word' id='word_1_73' title='bbox 234 672 280 711; x_wconf 89' lang='lat' dir='ltr'>ad</span> <span class='ocrx_word' id='word_1_74' title='bbox 312 672 469 711; x_wconf 89' lang='lat' dir='ltr'>modum</span> <span class='ocrx_word' id='word_1_75' title='bbox 507 673 678 710; x_wconf 89' lang='lat' dir='ltr'>animum</span> <span class='ocrx_word' id='word_1_76' title='bbox 719 672 919 710; x_wconf 84' lang='lat' dir='ltr'>advertere</span> <span class='ocrx_word' id='word_1_77' title='bbox 953 672 998 710; x_wconf 89' lang='lat' dir='ltr'>ad</span> <span class='ocrx_word' id='word_1_78' title='bbox 1031 671 1153 710; x_wconf 82' lang='lat' dir='ltr'>Deum</span> <span class='ocrx_word' id='word_1_79' title='bbox 1186 679 1345 710; x_wconf 89' lang='lat' dir='ltr'>monent</span> <span class='ocrx_word' id='word_1_80' title='bbox 1377 678 1416 710; x_wconf 92' lang='lat' dir='ltr'>et</span> 
     </span>
     <span class='ocr_line' id='line_1_11' title="bbox 85 730 1486 781; baseline -0.001 -12"><span class='ocrx_word' id='word_1_81' title='bbox 85 731 193 770; x_wconf 91' lang='lat' dir='ltr'>illum</span> <span class='ocrx_word' id='word_1_82' title='bbox 231 730 358 770; x_wconf 85' lang='lat' dir='ltr'>colere</span> <span class='ocrx_word' id='word_1_83' title='bbox 397 730 542 781; x_wconf 90' lang='lat' dir='ltr'>ubique</span> <span class='ocrx_word' id='word_1_84' title='bbox 579 732 782 781; x_wconf 84' lang='lat' dir='ltr'>imperant.</span> <span class='ocrx_word' id='word_1_85' title='bbox 845 730 987 768; x_wconf 90' lang='lat' dir='ltr'>Verum</span> <span class='ocrx_word' id='word_1_86' title='bbox 1028 730 1174 768; x_wconf 89' lang='lat' dir='ltr'>indocti</span> <span class='ocrx_word' id='word_1_87' title='bbox 1206 736 1244 768; x_wconf 83' lang='lat' dir='ltr'>et</span> <span class='ocrx_word' id='word_1_88' title='bbox 1276 732 1416 781; x_wconf 83' lang='lat' dir='ltr'>impiae</span> <span class='ocrx_word' id='word_1_89' title='bbox 1445 738 1486 767; x_wconf 86' lang='lat'>10</span> 
     </span>
     <span class='ocr_line' id='line_1_12' title="bbox 85 788 1416 841; baseline 0 -14"><span class='ocrx_word' id='word_1_90' title='bbox 85 795 264 841; x_wconf 88' lang='lat' dir='ltr'>naturae,</span> <span class='ocrx_word' id='word_1_91' title='bbox 303 789 445 839; x_wconf 92' lang='lat' dir='ltr'>quibus</span> <span class='ocrx_word' id='word_1_92' title='bbox 484 801 572 827; x_wconf 88' lang='lat' dir='ltr'>vere</span> <span class='ocrx_word' id='word_1_93' title='bbox 611 789 732 827; x_wconf 84' lang='lat' dir='ltr'>satum</span> <span class='ocrx_word' id='word_1_94' title='bbox 770 801 847 827; x_wconf 91' lang='lat' dir='ltr'>non</span> <span class='ocrx_word' id='word_1_95' title='bbox 886 790 1079 827; x_wconf 84' lang='lat' dir='ltr'>concessit</span> <span class='ocrx_word' id='word_1_96' title='bbox 1117 788 1162 826; x_wconf 92' lang='lat' dir='ltr'>ab</span> <span class='ocrx_word' id='word_1_97' title='bbox 1202 788 1275 826; x_wconf 86' lang='lat' dir='ltr'>diis</span> <span class='ocrx_word' id='word_1_98' title='bbox 1317 789 1416 827; x_wconf 88' lang='lat' dir='ltr'>dona</span> 
     </span>
     <span class='ocr_line' id='line_1_13' title="bbox 86 847 1416 898; baseline -0.001 -12"><span class='ocrx_word' id='word_1_99' title='bbox 86 847 262 886; x_wconf 85' lang='lat' dir='ltr'>obtinere</span> <span class='ocrx_word' id='word_1_100' title='bbox 306 859 434 897; x_wconf 91' lang='lat' dir='ltr'>neque</span> <span class='ocrx_word' id='word_1_101' title='bbox 478 847 620 885; x_wconf 90' lang='lat' dir='ltr'>habere</span> <span class='ocrx_word' id='word_1_102' title='bbox 666 847 766 885; x_wconf 90' lang='lat' dir='ltr'>Iovis</span> <span class='ocrx_word' id='word_1_103' title='bbox 815 847 1030 885; x_wconf 90' lang='lat' dir='ltr'>inmortalis</span> <span class='ocrx_word' id='word_1_104' title='bbox 1075 848 1294 898; x_wconf 90' lang='lat' dir='ltr'>notionem,</span> <span class='ocrx_word' id='word_1_105' title='bbox 1339 859 1416 885; x_wconf 87' lang='lat' dir='ltr'>non</span> 
     </span>
     <span class='ocr_line' id='line_1_14' title="bbox 86 904 1416 955; baseline -0.001 -11"><span class='ocrx_word' id='word_1_106' title='bbox 86 906 287 945; x_wconf 80' lang='lat' dir='ltr'>audientes</span> <span class='ocrx_word' id='word_1_107' title='bbox 314 911 352 944; x_wconf 90' lang='lat' dir='ltr'>et</span> <span class='ocrx_word' id='word_1_108' title='bbox 371 905 464 944; x_wconf 89' lang='lat' dir='ltr'>deos</span> <span class='ocrx_word' id='word_1_109' title='bbox 491 911 529 944; x_wconf 88' lang='lat' dir='ltr'>et</span> <span class='ocrx_word' id='word_1_110' title='bbox 560 905 709 943; x_wconf 92' lang='lat' dir='ltr'>divinos</span> <span class='ocrx_word' id='word_1_111' title='bbox 741 906 844 943; x_wconf 88' lang='lat' dir='ltr'>viros</span> <span class='ocrx_word' id='word_1_112' title='bbox 876 905 968 943; x_wconf 91' lang='lat' dir='ltr'>deos</span> <span class='ocrx_word' id='word_1_113' title='bbox 1001 904 1157 955; x_wconf 89' lang='lat' dir='ltr'>quidem</span> <span class='ocrx_word' id='word_1_114' title='bbox 1190 916 1324 942; x_wconf 90' lang='lat' dir='ltr'>omnes</span> <span class='ocrx_word' id='word_1_115' title='bbox 1356 917 1416 943; x_wconf 89' lang='lat' dir='ltr'>re—</span> 
     </span>
     <span class='ocr_line' id='line_1_15' title="bbox 86 961 1417 1016; baseline -0.002 -13"><span class='ocrx_word' id='word_1_116' title='bbox 86 970 332 1016; x_wconf 90' lang='lat' dir='ltr'>cusaverunt,</span> <span class='ocrx_word' id='word_1_117' title='bbox 357 963 573 1014; x_wconf 87' lang='lat' dir='ltr'>prohibitos</span> <span class='ocrx_word' id='word_1_118' title='bbox 594 969 722 1002; x_wconf 88' lang='lat' dir='ltr'>autem</span> <span class='ocrx_word' id='word_1_119' title='bbox 743 963 949 1001; x_wconf 89' lang='lat' dir='ltr'>daemones</span> <span class='ocrx_word' id='word_1_120' title='bbox 971 961 995 988; x_wconf 58' lang='lat'>²³&lt;</span> <span class='ocrx_word' id='word_1_121' title='bbox 1017 968 1055 1000; x_wconf 89' lang='lat' dir='ltr'>et</span> <span class='ocrx_word' id='word_1_122' title='bbox 1074 962 1145 1000; x_wconf 89' lang='lat' dir='ltr'>hos</span> <span class='ocrx_word' id='word_1_123' title='bbox 1173 975 1250 1000; x_wconf 91' lang='lat' dir='ltr'>non</span> <span class='ocrx_word' id='word_1_124' title='bbox 1276 962 1417 1014; x_wconf 88' lang='lat' dir='ltr'>odisse,</span> 
     </span>
     <span class='ocr_line' id='line_1_16' title="bbox 87 1020 1487 1073; baseline -0.002 -12"><span class='ocrx_word' id='word_1_125' title='bbox 87 1023 154 1062; x_wconf 88' lang='lat' dir='ltr'>sed</span> <span class='ocrx_word' id='word_1_126' title='bbox 198 1024 381 1061; x_wconf 85' lang='lat' dir='ltr'>revereri.</span> <span class='ocrx_word' id='word_1_127' title='bbox 442 1021 565 1060; x_wconf 89' lang='lat' dir='ltr'>Deum</span> <span class='ocrx_word' id='word_1_128' title='bbox 610 1027 738 1060; x_wconf 90' lang='lat' dir='ltr'>autem</span> <span class='ocrx_word' id='word_1_129' title='bbox 780 1021 1006 1059; x_wconf 82' lang='lat' dir='ltr'>simulantes</span> <span class='ocrx_word' id='word_1_130' title='bbox 1049 1020 1197 1072; x_wconf 87' lang='lat' dir='ltr'>colere,</span> <span class='ocrx_word' id='word_1_131' title='bbox 1242 1033 1285 1058; x_wconf 90' lang='lat' dir='ltr'>ea</span> <span class='ocrx_word' id='word_1_132' title='bbox 1325 1021 1418 1073; x_wconf 89' lang='lat' dir='ltr'>sola,</span> <span class='ocrx_word' id='word_1_133' title='bbox 1446 1028 1487 1058; x_wconf 85' lang='lat'>15</span> 
     </span>
     <span class='ocr_line' id='line_1_17' title="bbox 87 1079 1418 1133; baseline -0.002 -14"><span class='ocrx_word' id='word_1_134' title='bbox 87 1094 158 1133; x_wconf 85' lang='lat' dir='ltr'>per</span> <span class='ocrx_word' id='word_1_135' title='bbox 189 1093 285 1132; x_wconf 87' lang='lat' dir='ltr'>quae</span> <span class='ocrx_word' id='word_1_136' title='bbox 318 1080 421 1118; x_wconf 91' lang='lat' dir='ltr'>Deus</span> <span class='ocrx_word' id='word_1_137' title='bbox 454 1080 653 1130; x_wconf 87' lang='lat' dir='ltr'>adoratur,</span> <span class='ocrx_word' id='word_1_138' title='bbox 686 1092 762 1117; x_wconf 93' lang='lat' dir='ltr'>non</span> <span class='ocrx_word' id='word_1_139' title='bbox 795 1085 924 1130; x_wconf 82' lang='lat' dir='ltr'>agunt.</span> <span class='ocrx_word' id='word_1_140' title='bbox 985 1079 1080 1117; x_wconf 88' lang='lat' dir='ltr'>Nam</span> <span class='ocrx_word' id='word_1_141' title='bbox 1113 1079 1216 1117; x_wconf 90' lang='lat' dir='ltr'>Deus</span> <span class='ocrx_word' id='word_1_142' title='bbox 1248 1079 1418 1131; x_wconf 87' lang='lat' dir='ltr'>quidem,</span> 
     </span>
     <span class='ocr_line' id='line_1_18' title="bbox 87 1137 1418 1191; baseline -0.002 -13"><span class='ocrx_word' id='word_1_143' title='bbox 87 1144 221 1191; x_wconf 87' lang='lat' dir='ltr'>utpote</span> <span class='ocrx_word' id='word_1_144' title='bbox 248 1140 421 1177; x_wconf 89' lang='lat' dir='ltr'>omnium</span> <span class='ocrx_word' id='word_1_145' title='bbox 446 1138 573 1189; x_wconf 85' lang='lat' dir='ltr'>Pater,</span> <span class='ocrx_word' id='word_1_146' title='bbox 606 1138 749 1176; x_wconf 90' lang='lat' dir='ltr'>nullius</span> <span class='ocrx_word' id='word_1_147' title='bbox 776 1139 939 1188; x_wconf 81' lang='lat' dir='ltr'>indiget3</span> <span class='ocrx_word' id='word_1_148' title='bbox 972 1138 1039 1175; x_wconf 90' lang='lat' dir='ltr'>sed</span> <span class='ocrx_word' id='word_1_149' title='bbox 1072 1137 1184 1175; x_wconf 88' lang='lat' dir='ltr'>nobis</span> <span class='ocrx_word' id='word_1_150' title='bbox 1216 1144 1275 1176; x_wconf 87' lang='lat' dir='ltr'>est</span> <span class='ocrx_word' id='word_1_151' title='bbox 1306 1137 1418 1189; x_wconf 85' lang='lat' dir='ltr'>bene,</span> 
     </span>
     <span class='ocr_line' id='line_1_19' title="bbox 87 1196 1418 1248; baseline -0.002 -12"><span class='ocrx_word' id='word_1_152' title='bbox 87 1210 176 1236; x_wconf 88' lang='lat' dir='ltr'>cum</span> <span class='ocrx_word' id='word_1_153' title='bbox 220 1209 310 1236; x_wconf 92' lang='lat' dir='ltr'>eum</span> <span class='ocrx_word' id='word_1_154' title='bbox 353 1209 423 1248; x_wconf 91' lang='lat' dir='ltr'>per</span> <span class='ocrx_word' id='word_1_155' title='bbox 466 1198 653 1235; x_wconf 86' lang='lat' dir='ltr'>iustitiam</span> <span class='ocrx_word' id='word_1_156' title='bbox 698 1202 736 1234; x_wconf 90' lang='lat' dir='ltr'>et</span> <span class='ocrx_word' id='word_1_157' title='bbox 780 1198 994 1234; x_wconf 78' lang='lat' dir='ltr'>castitatem</span> <span class='ocrx_word' id='word_1_158' title='bbox 1039 1196 1209 1245; x_wconf 89' lang='lat' dir='ltr'>aliasque</span> <span class='ocrx_word' id='word_1_159' title='bbox 1253 1197 1418 1234; x_wconf 87' lang='lat' dir='ltr'>virtutes</span> 
     </span>
     <span class='ocr_line' id='line_1_20' title="bbox 88 1254 1419 1307; baseline -0.002 -13"><span class='ocrx_word' id='word_1_160' title='bbox 88 1257 314 1307; x_wconf 87' lang='lat' dir='ltr'>adoramus,</span> <span class='ocrx_word' id='word_1_161' title='bbox 357 1257 478 1306; x_wconf 90' lang='lat' dir='ltr'>ipsam</span> <span class='ocrx_word' id='word_1_162' title='bbox 522 1256 638 1293; x_wconf 87' lang='lat' dir='ltr'>vitam</span> <span class='ocrx_word' id='word_1_163' title='bbox 675 1267 834 1305; x_wconf 81' lang='lat' dir='ltr'>precem</span> <span class='ocrx_word' id='word_1_164' title='bbox 872 1254 917 1292; x_wconf 91' lang='lat' dir='ltr'>ad</span> <span class='ocrx_word' id='word_1_165' title='bbox 955 1256 1084 1305; x_wconf 89' lang='lat' dir='ltr'>ipsum</span> <span class='ocrx_word' id='word_1_166' title='bbox 1123 1255 1307 1292; x_wconf 83' lang='lat' dir='ltr'>facientes</span> <span class='ocrx_word' id='word_1_167' title='bbox 1348 1266 1419 1305; x_wconf 86' lang='lat' dir='ltr'>per</span> 
     </span>
     <span class='ocr_line' id='line_1_21' title="bbox 87 1312 1490 1363; baseline -0.001 -10"><span class='ocrx_word' id='word_1_168' title='bbox 87 1316 342 1353; x_wconf 89' lang='lat' dir='ltr'>imitationem</span> <span class='ocrx_word' id='word_1_169' title='bbox 387 1319 426 1352; x_wconf 91' lang='lat' dir='ltr'>et</span> <span class='ocrx_word' id='word_1_170' title='bbox 468 1315 761 1363; x_wconf 86' lang='lat' dir='ltr'>inquisitionem</span> <span class='ocrx_word' id='word_1_171' title='bbox 808 1313 853 1350; x_wconf 94' lang='lat' dir='ltr'>de</span> <span class='ocrx_word' id='word_1_172' title='bbox 898 1314 994 1363; x_wconf 72' lang='lat' dir='ltr'>ipso</span> <span class='ocrx_word' id='word_1_173' title='bbox 1068 1312 1271 1362; x_wconf 84' lang='lat' dir='ltr'>Inquisitio</span> <span class='ocrx_word' id='word_1_174' title='bbox 1316 1314 1420 1351; x_wconf 89' lang='lat' dir='ltr'>enim</span> <span class='ocrx_word' id='word_1_175' title='bbox 1446 1320 1490 1351; x_wconf 81' lang='grc'>20</span> 
     </span>
     <span class='ocr_line' id='line_1_22' title="bbox 88 1370 1418 1424; baseline -0.003 -12"><span class='ocrx_word' id='word_1_176' title='bbox 88 1379 239 1424; x_wconf 85' lang='lat' dir='ltr'>purgat,</span> <span class='ocrx_word' id='word_1_177' title='bbox 269 1374 413 1424; x_wconf 79' lang='lat' dir='ltr'>inquit3</span> <span class='ocrx_word' id='word_1_178' title='bbox 443 1373 605 1410; x_wconf 88' lang='lat' dir='ltr'>imitatio</span> <span class='ocrx_word' id='word_1_179' title='bbox 632 1371 785 1409; x_wconf 85' lang='lat' dir='ltr'>deificat</span> <span class='ocrx_word' id='word_1_180' title='bbox 810 1372 1053 1409; x_wconf 79' lang='lat' dir='ltr'>affectionem</span> <span class='ocrx_word' id='word_1_181' title='bbox 1085 1370 1131 1408; x_wconf 90' lang='lat' dir='ltr'>ad</span> <span class='ocrx_word' id='word_1_182' title='bbox 1166 1372 1293 1421; x_wconf 88' lang='lat' dir='ltr'>ipsum</span> <span class='ocrx_word' id='word_1_183' title='bbox 1329 1383 1418 1421; x_wconf 90' lang='lat' dir='ltr'>ope-</span> 
     </span>
     <span class='ocr_line' id='line_1_23' title="bbox 88 1427 1417 1481; baseline -0.002 -12"><span class='ocrx_word' id='word_1_184' title='bbox 88 1427 248 1470; x_wconf 79' lang='lat' dir='ltr'>rando.“</span> <span class='ocrx_word' id='word_1_185' title='bbox 307 1430 411 1469; x_wconf 92' lang='lat' dir='ltr'>Bene</span> <span class='ocrx_word' id='word_1_186' title='bbox 450 1430 607 1481; x_wconf 88' lang='lat' dir='ltr'>quidem</span> <span class='ocrx_word' id='word_1_187' title='bbox 633 1430 869 1480; x_wconf 88' lang='lat' dir='ltr'>praedicavit</span> <span class='ocrx_word' id='word_1_188' title='bbox 901 1429 1023 1467; x_wconf 88' lang='lat' dir='ltr'>Deum</span> <span class='ocrx_word' id='word_1_189' title='bbox 1055 1428 1230 1480; x_wconf 85' lang='lat' dir='ltr'>Patrem,</span> <span class='ocrx_word' id='word_1_190' title='bbox 1264 1434 1302 1467; x_wconf 88' lang='lat' dir='ltr'>et</span> <span class='ocrx_word' id='word_1_191' title='bbox 1335 1430 1417 1479; x_wconf 89' lang='lat' dir='ltr'>qui-</span> 
     </span>
     <span class='ocr_line' id='line_1_24' title="bbox 88 1487 1417 1539; baseline -0.003 -11"><span class='ocrx_word' id='word_1_192' title='bbox 88 1490 161 1528; x_wconf 87' lang='lat' dir='ltr'>bus</span> <span class='ocrx_word' id='word_1_193' title='bbox 194 1491 244 1528; x_wconf 90' lang='lat' dir='ltr'>sit</span> <span class='ocrx_word' id='word_1_194' title='bbox 269 1488 454 1527; x_wconf 90' lang='lat' dir='ltr'>colendus</span> <span class='ocrx_word' id='word_1_195' title='bbox 481 1488 655 1526; x_wconf 86' lang='lat' dir='ltr'>moribus</span> <span class='ocrx_word' id='word_1_196' title='bbox 687 1488 799 1539; x_wconf 80' lang='lat' dir='ltr'>dixit3</span> <span class='ocrx_word' id='word_1_197' title='bbox 832 1487 974 1538; x_wconf 90' lang='lat' dir='ltr'>quibus</span> <span class='ocrx_word' id='word_1_198' title='bbox 1000 1489 1220 1537; x_wconf 76' lang='lat' dir='ltr'>praeceptis</span> <span class='ocrx_word' id='word_1_199' title='bbox 1252 1488 1417 1537; x_wconf 87' lang='lat' dir='ltr'>prophe-</span> 
     </span>
     <span class='ocr_line' id='line_1_25' title="bbox 88 1545 1419 1598; baseline -0.003 -11"><span class='ocrx_word' id='word_1_200' title='bbox 88 1550 156 1587; x_wconf 88' lang='lat' dir='ltr'>tici</span> <span class='ocrx_word' id='word_1_201' title='bbox 188 1548 276 1586; x_wconf 86' lang='lat' dir='ltr'>libri</span> <span class='ocrx_word' id='word_1_202' title='bbox 308 1547 413 1598; x_wconf 88' lang='lat' dir='ltr'>pleni</span> <span class='ocrx_word' id='word_1_203' title='bbox 451 1552 541 1585; x_wconf 91' lang='lat' dir='ltr'>sunt</span> <span class='ocrx_word' id='word_1_204' title='bbox 573 1546 857 1597; x_wconf 78' lang='lat' dir='ltr'>Hebraeorum,</span> <span class='ocrx_word' id='word_1_205' title='bbox 895 1545 1048 1595; x_wconf 89' lang='lat' dir='ltr'>quando</span> <span class='ocrx_word' id='word_1_206' title='bbox 1088 1550 1312 1583; x_wconf 89' lang='lat' dir='ltr'>sanctorum</span> <span class='ocrx_word' id='word_1_207' title='bbox 1344 1546 1419 1583; x_wconf 88' lang='lat' dir='ltr'>vita</span> 
     </span>
     <span class='ocr_line' id='line_1_26' title="bbox 91 1602 1490 1656; baseline -0.004 -11"><span class='ocrx_word' id='word_1_208' title='bbox 91 1608 169 1646; x_wconf 91' lang='lat' dir='ltr'>sive</span> <span class='ocrx_word' id='word_1_209' title='bbox 202 1608 416 1656; x_wconf 86' lang='lat' dir='ltr'>imperatur</span> <span class='ocrx_word' id='word_1_210' title='bbox 454 1607 533 1643; x_wconf 91' lang='lat' dir='ltr'>sive</span> <span class='ocrx_word' id='word_1_211' title='bbox 575 1604 764 1643; x_wconf 86' lang='lat' dir='ltr'>laudatur.</span> <span class='ocrx_word' id='word_1_212' title='bbox 827 1603 902 1641; x_wconf 85' lang='lat' dir='ltr'>Sed</span> <span class='ocrx_word' id='word_1_213' title='bbox 935 1605 973 1641; x_wconf 91' lang='lat' dir='ltr'>in</span> <span class='ocrx_word' id='word_1_214' title='bbox 1007 1602 1238 1641; x_wconf 81' lang='lat' dir='ltr'>Christianis</span> <span class='ocrx_word' id='word_1_215' title='bbox 1269 1608 1420 1641; x_wconf 87' lang='lat' dir='ltr'>tantum</span> <span class='ocrx_word' id='word_1_216' title='bbox 1448 1611 1490 1641; x_wconf 79' lang='lat'>25</span> 
     </span>
     <span class='ocr_line' id='line_1_27' title="bbox 91 1660 1422 1714; baseline -0.004 -11"><span class='ocrx_word' id='word_1_217' title='bbox 91 1670 196 1704; x_wconf 87' lang='lat' dir='ltr'>errat</span> <span class='ocrx_word' id='word_1_218' title='bbox 226 1670 293 1702; x_wconf 89' lang='lat' dir='ltr'>aut</span> <span class='ocrx_word' id='word_1_219' title='bbox 324 1669 474 1702; x_wconf 89' lang='lat' dir='ltr'>tantum</span> <span class='ocrx_word' id='word_1_220' title='bbox 507 1663 784 1714; x_wconf 78' lang='lat' dir='ltr'>calumniatur,</span> <span class='ocrx_word' id='word_1_221' title='bbox 817 1667 1003 1712; x_wconf 87' lang='lat' dir='ltr'>quantum</span> <span class='ocrx_word' id='word_1_222' title='bbox 1037 1660 1170 1699; x_wconf 89' lang='lat' dir='ltr'>volunt</span> <span class='ocrx_word' id='word_1_223' title='bbox 1202 1660 1422 1713; x_wconf 88' lang='lat' dir='ltr'>daemones,</span> 
     </span>
     <span class='ocr_line' id='line_1_28' title="bbox 91 1719 1423 1774; baseline -0.004 -13"><span class='ocrx_word' id='word_1_224' title='bbox 91 1735 189 1774; x_wconf 87' lang='lat' dir='ltr'>quos</span> <span class='ocrx_word' id='word_1_225' title='bbox 228 1724 408 1773; x_wconf 89' lang='lat' dir='ltr'>opinatur</span> <span class='ocrx_word' id='word_1_226' title='bbox 446 1722 558 1772; x_wconf 69' lang='lat' dir='ltr'>deos,</span> <span class='ocrx_word' id='word_1_227' title='bbox 597 1722 707 1771; x_wconf 89' lang='lat' dir='ltr'>quasi</span> <span class='ocrx_word' id='word_1_228' title='bbox 745 1722 925 1770; x_wconf 85' lang='lat' dir='ltr'>cuiquam</span> <span class='ocrx_word' id='word_1_229' title='bbox 967 1719 1121 1757; x_wconf 81' lang='lat' dir='ltr'>difficile</span> <span class='ocrx_word' id='word_1_230' title='bbox 1154 1720 1205 1757; x_wconf 89' lang='lat' dir='ltr'>sit</span> <span class='ocrx_word' id='word_1_231' title='bbox 1236 1719 1423 1772; x_wconf 86' lang='lat' dir='ltr'>recolere,</span> 
     </span>
     <span class='ocr_line' id='line_1_29' title="bbox 93 1776 1423 1832; baseline -0.004 -13"><span class='ocrx_word' id='word_1_232' title='bbox 93 1793 190 1832; x_wconf 86' lang='lat' dir='ltr'>quae</span> <span class='ocrx_word' id='word_1_233' title='bbox 228 1782 374 1832; x_wconf 82' lang='lat' dir='ltr'>turpia,</span> <span class='ocrx_word' id='word_1_234' title='bbox 419 1791 516 1830; x_wconf 89' lang='lat' dir='ltr'>quae</span> <span class='ocrx_word' id='word_1_235' title='bbox 555 1779 746 1817; x_wconf 89' lang='lat' dir='ltr'>dedecora</span> <span class='ocrx_word' id='word_1_236' title='bbox 784 1791 874 1829; x_wconf 84' lang='lat' dir='ltr'>erga</span> <span class='ocrx_word' id='word_1_237' title='bbox 913 1777 1075 1815; x_wconf 88' lang='lat' dir='ltr'>deorum</span> <span class='ocrx_word' id='word_1_238' title='bbox 1114 1776 1345 1827; x_wconf 84' lang='lat' dir='ltr'>obsequium</span> <span class='ocrx_word' id='word_1_239' title='bbox 1383 1779 1423 1815; x_wconf 89' lang='lat' dir='ltr'>in</span> 
     </span>
     <span class='ocr_line' id='line_1_30' title="bbox 92 1835 1423 1889; baseline -0.003 -11"><span class='ocrx_word' id='word_1_240' title='bbox 92 1840 253 1878; x_wconf 87' lang='lat' dir='ltr'>theatris</span> <span class='ocrx_word' id='word_1_241' title='bbox 285 1838 498 1889; x_wconf 81' lang='lat' dir='ltr'>agebantur</span> <span class='ocrx_word' id='word_1_242' title='bbox 531 1843 569 1876; x_wconf 82' lang='lat' dir='ltr'>et</span> <span class='ocrx_word' id='word_1_243' title='bbox 600 1837 771 1887; x_wconf 84' lang='lat' dir='ltr'>templis,</span> <span class='ocrx_word' id='word_1_244' title='bbox 804 1842 843 1874; x_wconf 88' lang='lat' dir='ltr'>et</span> <span class='ocrx_word' id='word_1_245' title='bbox 873 1836 1082 1874; x_wconf 85' lang='lat' dir='ltr'>adtendere</span> <span class='ocrx_word' id='word_1_246' title='bbox 1115 1848 1213 1886; x_wconf 89' lang='lat' dir='ltr'>quae</span> <span class='ocrx_word' id='word_1_247' title='bbox 1245 1835 1423 1886; x_wconf 81' lang='lat' dir='ltr'>legantur</span> 
     </span>
     <span class='ocr_line' id='line_1_31' title="bbox 93 1894 1492 1946; baseline -0.003 -10"><span class='ocrx_word' id='word_1_248' title='bbox 93 1899 271 1936; x_wconf 89' lang='lat' dir='ltr'>dicantur</span> <span class='ocrx_word' id='word_1_249' title='bbox 303 1897 509 1935; x_wconf 88' lang='lat' dir='ltr'>audiantur</span> <span class='ocrx_word' id='word_1_250' title='bbox 540 1897 579 1934; x_wconf 93' lang='lat' dir='ltr'>in</span> <span class='ocrx_word' id='word_1_251' title='bbox 612 1895 805 1946; x_wconf 88' lang='lat' dir='ltr'>ecclesiis,</span> <span class='ocrx_word' id='word_1_252' title='bbox 836 1895 895 1933; x_wconf 91' lang='lat' dir='ltr'>vel</span> <span class='ocrx_word' id='word_1_253' title='bbox 927 1894 1005 1932; x_wconf 91' lang='lat' dir='ltr'>Deo</span> <span class='ocrx_word' id='word_1_254' title='bbox 1038 1906 1128 1931; x_wconf 88' lang='lat' dir='ltr'>vero</span> <span class='ocrx_word' id='word_1_255' title='bbox 1162 1894 1253 1943; x_wconf 90' lang='lat' dir='ltr'>quid</span> <span class='ocrx_word' id='word_1_256' title='bbox 1287 1895 1422 1932; x_wconf 80' lang='lat' dir='ltr'>offera-</span> <span class='ocrx_word' id='word_1_257' title='bbox 1449 1902 1492 1932; x_wconf 90' lang='lat'>30</span> 
     </span>
     <span class='ocr_line' id='line_1_32' title="bbox 94 1951 1424 2007; baseline -0.004 -13"><span class='ocrx_word' id='word_1_258' title='bbox 94 1962 176 2007; x_wconf 85' lang='lat' dir='ltr'>tur,</span> <span class='ocrx_word' id='word_1_259' title='bbox 214 1962 252 1994; x_wconf 89' lang='lat' dir='ltr'>et</span> <span class='ocrx_word' id='word_1_260' title='bbox 290 1955 380 1993; x_wconf 91' lang='lat' dir='ltr'>hinc</span> <span class='ocrx_word' id='word_1_261' title='bbox 417 1954 643 2004; x_wconf 83' lang='lat' dir='ltr'>intellegere</span> <span class='ocrx_word' id='word_1_262' title='bbox 682 1953 748 1991; x_wconf 92' lang='lat' dir='ltr'>ubi</span> <span class='ocrx_word' id='word_1_263' title='bbox 787 1953 1022 2003; x_wconf 81' lang='lat' dir='ltr'>aedificium,</span> <span class='ocrx_word' id='word_1_264' title='bbox 1061 1957 1099 1990; x_wconf 89' lang='lat' dir='ltr'>et</span> <span class='ocrx_word' id='word_1_265' title='bbox 1131 1951 1197 1989; x_wconf 90' lang='lat' dir='ltr'>ubi</span> <span class='ocrx_word' id='word_1_266' title='bbox 1229 1953 1340 1990; x_wconf 89' lang='lat' dir='ltr'>ruina</span> <span class='ocrx_word' id='word_1_267' title='bbox 1374 1954 1424 1990; x_wconf 92' lang='lat' dir='ltr'>sit</span> 
     </span>
     <span class='ocr_line' id='line_1_33' title="bbox 94 2010 1421 2061; baseline -0.002 -10"><span class='ocrx_word' id='word_1_268' title='bbox 94 2026 257 2052; x_wconf 90' lang='lat' dir='ltr'>morum.</span> <span class='ocrx_word' id='word_1_269' title='bbox 321 2013 416 2058; x_wconf 86' lang='lat' dir='ltr'>Quis</span> <span class='ocrx_word' id='word_1_270' title='bbox 454 2018 583 2051; x_wconf 88' lang='lat' dir='ltr'>autem</span> <span class='ocrx_word' id='word_1_271' title='bbox 621 2012 711 2050; x_wconf 91' lang='lat' dir='ltr'>huic</span> <span class='ocrx_word' id='word_1_272' title='bbox 751 2011 847 2049; x_wconf 88' lang='lat' dir='ltr'>dixit</span> <span class='ocrx_word' id='word_1_273' title='bbox 883 2010 941 2048; x_wconf 86' lang='lat' dir='ltr'>vel</span> <span class='ocrx_word' id='word_1_274' title='bbox 980 2011 1199 2061; x_wconf 88' lang='lat' dir='ltr'>inspiravit,</span> <span class='ocrx_word' id='word_1_275' title='bbox 1237 2011 1311 2048; x_wconf 88' lang='lat' dir='ltr'>nisi</span> <span class='ocrx_word' id='word_1_276' title='bbox 1343 2010 1421 2048; x_wconf 87' lang='lat' dir='ltr'>dia-</span> 
     </span>
     <span class='ocr_line' id='line_1_34' title="bbox 94 2068 1422 2122; baseline -0.004 -12"><span class='ocrx_word' id='word_1_277' title='bbox 94 2072 244 2110; x_wconf 89' lang='lat' dir='ltr'>bolicus</span> <span class='ocrx_word' id='word_1_278' title='bbox 271 2073 443 2122; x_wconf 89' lang='lat' dir='ltr'>spiritus,</span> <span class='ocrx_word' id='word_1_279' title='bbox 474 2076 551 2108; x_wconf 87' lang='lat' dir='ltr'>tam</span> <span class='ocrx_word' id='word_1_280' title='bbox 578 2082 717 2108; x_wconf 89' lang='lat' dir='ltr'>vanum</span> <span class='ocrx_word' id='word_1_281' title='bbox 744 2075 998 2120; x_wconf 86' lang='lat' dir='ltr'>apertumque</span> <span class='ocrx_word' id='word_1_282' title='bbox 1032 2068 1286 2118; x_wconf 88' lang='lat' dir='ltr'>mendacium,</span> <span class='ocrx_word' id='word_1_283' title='bbox 1320 2068 1422 2118; x_wconf 89' lang='lat' dir='ltr'>quod</span> 
     </span>
     <span class='ocr_line' id='line_1_35' title="bbox 94 2127 1423 2179; baseline -0.002 -11"><span class='ocrx_word' id='word_1_284' title='bbox 94 2130 301 2168; x_wconf 77' lang='lat' dir='ltr'>daemones</span> <span class='ocrx_word' id='word_1_285' title='bbox 339 2128 385 2166; x_wconf 89' lang='lat' dir='ltr'>ab</span> <span class='ocrx_word' id='word_1_286' title='bbox 412 2128 600 2167; x_wconf 84' lang='lat' dir='ltr'>Hebraeis</span> <span class='ocrx_word' id='word_1_287' title='bbox 639 2128 712 2166; x_wconf 91' lang='lat' dir='ltr'>coli</span> <span class='ocrx_word' id='word_1_288' title='bbox 749 2127 963 2178; x_wconf 86' lang='lat' dir='ltr'>prohibitos</span> <span class='ocrx_word' id='word_1_289' title='bbox 995 2131 1250 2165; x_wconf 84' lang='lat' dir='ltr'>revereantur</span> <span class='ocrx_word' id='word_1_290' title='bbox 1280 2129 1423 2179; x_wconf 88' lang='lat' dir='ltr'>potius,</span> 
     </span>
    </p>
   </div>
   <div class='ocr_carea' id='block_1_3' title="bbox 123 2227 337 2230">
    <p class='ocr_par' dir='ltr' id='par_1_3' title="bbox 123 2227 337 2230">
     <span class='ocr_line' id='line_1_36' title="bbox 123 2227 337 2230; baseline 0 0"><span class='ocrx_word' id='word_1_291' title='bbox 123 2227 337 2230; x_wconf 95' lang='lat' dir='ltr'> </span> 
     </span>
    </p>
   </div>
   <div class='ocr_carea' id='block_1_4' title="bbox 191 2273 1200 2320">
    <p class='ocr_par' dir='ltr' id='par_1_4' title="bbox 191 2273 1200 2320">
     <span class='ocr_line' id='line_1_37' title="bbox 191 2273 1200 2320; baseline -0.002 -12"><span class='ocrx_word' id='word_1_292' title='bbox 191 2280 230 2309; x_wconf 91' lang='lat'>11</span> <span class='ocrx_word' id='word_1_293' title='bbox 259 2286 281 2309; x_wconf 78' lang='lat' dir='ltr'>a</span> <span class='ocrx_word' id='word_1_294' title='bbox 306 2286 324 2309; x_wconf 82' lang='lat' dir='ltr'><em>v</em></span> <span class='ocrx_word' id='word_1_295' title='bbox 344 2276 356 2319; x_wconf 78' lang='grc' dir='ltr'>ΙΙ</span> <span class='ocrx_word' id='word_1_296' title='bbox 376 2279 418 2310; x_wconf 77' lang='lat'>25</span> <span class='ocrx_word' id='word_1_297' title='bbox 444 2275 644 2320; x_wconf 79' lang='lat' dir='ltr'>imperatur</span> <span class='ocrx_word' id='word_1_298' title='bbox 670 2276 807 2319; x_wconf 74' lang='lat' dir='ltr'><em>RAb9‚·</em></span> <span class='ocrx_word' id='word_1_299' title='bbox 832 2275 1062 2318; x_wconf 76' lang='lat' dir='ltr'>uituperatur</span> <span class='ocrx_word' id='word_1_300' title='bbox 1086 2273 1200 2315; x_wconf 79' lang='lat' dir='ltr'>Laef&#39;v</span> 
     </span>
    </p>
   </div>
  </div>
 </body>
</html>
