1611 2465
134 816 174 846 10

134 1108 174 1136 15

133 1399 175 1429 20

134 1690 176 1720 25

135 1982 178 2012 :30

200 48 219 85 1
230 47 283 86 74
739 54 765 80 s.
785 53 1002 80 Aueusnm

198 156 291 183 num
325 144 457 183 datum
489 150 548 182 est
575 145 690 182 etiam
716 143 791 181 tale
818 154 1062 194 responsum,
1094 148 1137 180 ut
1159 142 1374 181 diceretur:
1407 143 1534 181 Abra-

197 205 289 241 ham
321 205 399 242 erit
430 205 469 240 in
502 213 690 250 magnam
714 207 871 249 §entem
903 206 941 240 et
971 203 1145 249 multam,
1179 206 1217 240 et
1248 202 1536 239 benedicentur

199 264 238 299 e'n
277 272 321 300 eo
360 272 492 299 omnes
528 265 666 308 qentes
704 265 851 298 terrae.
914 258 963 297 Et
1001 259 1062 297 hic
1103 258 1179 298 duo
1210 258 1274 297 illa
1306 258 1534 297 brevissime

199 319 501 370 plenissimeque
523 319 714 369 promissa
735 324 837 369 sunt,
869 330 963 368 gens
985 317 1103 356 lsrael
1136 317 1352 356 secundum
1380 329 1536 357 carnem

199 384 237 416 et
270 389 404 415 ornnes
438 382 574 427 gentes
608 376 825 415 secundum
859 375 984 414 fidem.

714 523 867 566 CAPUT
900 524 1033 566 XXX.

200 611 260 649 De
292 610 391 648 Loth
433 622 457 648 a
491 610 670 648 Sodomis
708 611 876 648 liberato
916 616 1035 657 atque
1075 611 1220 648 eisdem
1253 611 1418 648 caelesti
1449 612 1540 658 iyne

201 670 441 717 consumptis
468 673 506 707 et
526 670 574 706 de
595 669 831 715 Abimelech,
866 670 979 706 cetius
1012 670 1339 717 concupiscentia
1361 671 1541 707 castitati

567 727 723 765 Sarrae
755 737 901 765 nocere
933 737 1011 764 non
1038 728 1179 774 potuit.

321 808 413 846 Post
445 807 544 846 hanc
577 809 877 859 promissionem
910 807 1073 845 liberato
1106 806 1153 845 de
1176 806 1354 847 Sodomis
1375 807 1475 847 Loth
1501 815 1540 847 et

203 868 380 905 veniente
412 868 525 917 igneo
558 866 683 904 imbre
716 866 762 905 de
797 866 901 904 caelo
935 871 1013 904 tota
1045 865 1108 903 illa
1141 867 1248 916 regio
1283 868 1422 917 impiae
1450 868 1538 906 civi·

202 927 290 964 tatis
323 926 362 963 in
396 926 569 963 cinerem
601 936 712 963 versa
744 930 815 976 est,
847 924 914 962 ubi
941 930 1075 975 stupra
1102 926 1142 962 in
1170 925 1363 963 masculos
1390 926 1429 963 in
1456 930 1538 964 tan-

201 991 278 1022 tam
323 983 649 1022 consuetudinem
693 982 987 1033 convaluerant,
1032 988 1214 1033 quantam
1258 983 1363 1034 leges
1413 983 1541 1022 solent

203 1042 366 1080 aliorum
400 1042 590 1080 factorum
629 1040 818 1092 praebere
852 1040 1058 1079 licentiam.
1121 1039 1266 1079 Verum
1301 1048 1338 1080 et
1370 1041 1444 1080 hoc
1477 1054 1539 1080 eo-

203 1112 290 1138 rum
324 1099 557 1150 supplicium
592 1101 789 1150 specimen
823 1099 946 1138 futuri
979 1098 1112 1137 iudicii
1146 1099 1264 1137 divini
1297 1100 1379 1138 fuit.
1443 1100 1540 1138 Nam

203 1170 278 1209 quo
310 1159 482 1209 pertinet
515 1158 617 1207 quod
650 1157 837 1208 prohibiti
871 1156 962 1195 sunt
995 1158 1061 1208 qui
1093 1157 1361 1196 liberabantur
1394 1158 1440 1196 ab
1475 1171 1538 1196 an-

201 1217 297 1267 gelis
329 1222 436 1254 retro
469 1218 679 1268 respicere,
711 1217 786 1254 nisi
819 1217 908 1266 quia
941 1227 1018 1253 non
1052 1222 1110 1253 est
1137 1217 1264 1254 animo
1293 1215 1540 1255 redeundum

202 1274 247 1313 ad
286 1281 458 1313 veterem
496 1275 629 1322 vitam,
671 1286 746 1325 qua
787 1285 857 1324 per
890 1275 1052 1324 gratiam
1085 1280 1339 1324 regeneratus
1373 1276 1541 1328 exuitur,

202 1335 232 1371 si
272 1333 453 1371 ultimum
493 1332 655 1371 evadere
694 1332 882 1370 iudicium
925 1329 1170 1382 cogitamus?
1232 1332 1408 1384 Denique
1442 1346 1541 1372 uxor

201 1390 322 1442 Loth,
367 1390 434 1429 ubi
466 1392 655 1442 respexit,
688 1392 873 1428 remansit
906 1396 943 1428 et
976 1392 1014 1428 in
1048 1390 1165 1428 salem
1199 1402 1385 1430 conversa
1418 1391 1539 1430 homi-

201 1449 317 1488 nibus
349 1448 528 1487 fidelibus
569 1448 761 1499 quoddam
793 1450 987 1499 praestitit
1020 1448 1330 1502 condimentum,
1373 1461 1449 1500 quo
1483 1462 1540 1488 sa-

201 1509 309 1558 piant
341 1507 497 1558 aliquid,
529 1507 632 1545 unde
664 1507 758 1545 illud
792 1513 972 1545 caveatur
1005 1507 1236 1557 exemplum.

320 1565 413 1603 Inde
456 1577 594 1604 rursus
636 1565 829 1603 Abraham
870 1566 962 1603 fecit
1000 1567 1039 1603 in
1072 1564 1228 1604 Geraris
1268 1565 1370 1617 apud
1409 1578 1541 1618 regem

203 1625 368 1662 civitatis
412 1623 516 1661 illius
555 1623 801 1675 Abimelech,
845 1623 949 1674 quod
993 1624 1031 1661 in
1074 1623 1246 1675 Aegypto
1288 1623 1335 1662 de
1377 1627 1542 1676 coniuge

204 1683 373 1734 fecerat,
423 1683 537 1732 eique
582 1683 724 1720 intacta
771 1682 949 1720 similiter
994 1681 1144 1720 reddita
1188 1687 1257 1721 est.
1332 1681 1406 1721 Ubi
1451 1695 1542 1722 sane

203 1740 396 1778 Abraham
435 1739 657 1790 obiurganti
696 1742 795 1791 regi,
834 1752 904 1778 cur
936 1741 1122 1778 tacuisset
1155 1752 1315 1779 uxorem
1349 1753 1541 1780 sororem-

205 1811 279 1849 que
321 1798 502 1849 dixisset,
547 1799 725 1848 aperiens
767 1798 859 1848 quid
905 1799 1079 1836 timuerit
1120 1799 1234 1836 etiam
1274 1798 1346 1837 hoc
1379 1799 1542 1839 addidit:

205 1858 360 1895 Etenim
391 1868 485 1895 vere
515 1867 632 1895 soror
664 1868 750 1894 mea
783 1862 839 1894 es!
871 1858 920 1894 de
945 1860 1077 1904 patre,
1110 1857 1182 1894 sed
1211 1867 1290 1895 non
1323 1858 1371 1895 de
1403 1863 1542 1907 matre,

205 1917 293 1965 quia
326 1914 372 1952 de
405 1919 515 1965 patre
548 1926 618 1952 suo
651 1925 762 1951 soror
795 1919 877 1951 erat
909 1912 1101 1962 Abrahae,
1134 1913 1179 1951 de
1214 1926 1289 1964 quo
1322 1917 1542 1966 propinqua

205 1974 288 2011 eius
322 1978 414 2011 erat.
478 1972 622 2011 Tantae
656 1977 785 2010 autem
818 1971 1120 2022 pulchritudinis
1154 1972 1246 2023 suit,
1278 1978 1321 2010 ut
1355 1975 1469 2012 etiam
1501 1976 1540 2012 in

206 2031 267 2068 illa
300 2036 423 2069 aetate
457 2036 589 2081 posset
622 2030 800 2068 adamari.

299 2134 333 2174 3)
361 2130 448 2164 Gen.
477 2133 531 2174 18,
561 2134 613 2165 18.
667 2133 723 2173 12)
751 2130 838 2165 Gen.
867 2134 920 2173 19,
948 2134 991 2164 24
1019 2142 1069 2173 sq.
1120 2132 1178 2174 28)
1206 2130 1293 2165 Gen.
1321 2134 1377 2174 20,
1406 2135 1459 2167 12.
