1548 2562
431 155 484 180 DE
504 155 691 181 CIVITATE
710 156 779 180 DEI
798 156 830 181 L.
851 156 915 181 xv.
935 155 964 182 c.
984 157 1007 182 7.
1330 147 1385 188 69

51 256 146 295 pace
189 248 370 295 terrena,
419 255 497 281 non
547 245 706 282 caritate
751 243 1002 296 consulendi,
1046 244 1113 282 sed
1163 244 1386 283 dominandi

53 302 275 353 cupiditate.
337 300 434 339 Boni
461 303 603 351 quippe
631 302 675 339 ad
703 302 775 340 hoc
801 307 967 354 utuntur
992 302 1150 354 mundo,
1182 308 1225 341 ut
1256 303 1385 341 fruan-

52 366 117 399 tur
160 359 259 411 Deo3
302 359 391 398 mali
436 364 564 397 autem
609 365 766 412 contra,
810 366 854 399 ut
898 361 1077 399 fruantur
1121 361 1284 412 mundo,
1328 363 1386 399 uti

50 418 186 457 volunt
225 417 323 469 Deo3
366 419 431 467 qui
473 422 602 455 tamen
644 429 734 456 eum
774 418 833 456 vel
871 430 957 456 esse
995 419 1054 456 vel
1093 431 1157 457 res
1198 418 1385 457 humanas

51 488 189 515 curare
221 477 295 514 iam
322 476 497 514 credunt.
560 475 660 513 Sunt
691 477 794 513 enim
826 476 947 515 multo
979 476 1206 529 deteriores,
1238 479 1305 527 qui
1336 489 1384 516 ne

50 535 124 573 hoc
166 534 322 584 quidem
365 533 541 572 credunt.
612 532 774 584 Cognito
816 536 945 584 itaque
987 534 1080 573 Cain
1122 535 1225 585 quod
1268 547 1385 586 super

51 595 135 631 eius
160 593 334 643 germani
360 592 606 643 sacrificium,
637 603 708 630 nec
735 604 853 642 super
879 605 993 631 suum
1019 599 1244 644 respexerat
1269 593 1384 645 Deus,

53 652 186 701 utique
219 650 378 688 fratrem
410 649 556 688 bonum
587 655 758 688 mutatus
790 652 956 702 imitari,
987 663 1064 689 non
1097 651 1220 689 elatus
1252 651 1386 690 debuit

51 708 248 747 aemulari.
311 707 385 746 Sed
431 709 684 746 contristatus
730 714 788 746 est
832 714 870 747 et
913 710 1083 747 concidit
1126 710 1244 748 facies
1289 711 1385 749 eius.

50 767 132 805 Hoc
163 771 367 817 peccatum
402 767 567 804 maxime
600 767 727 816 arguit
758 766 878 818 Deus,
918 769 1114 805 tristitiam
1147 767 1194 805 de
1226 768 1386 807 alterius

50 825 241 876 bonitate,
273 830 311 863 et
341 824 415 862 hoc
447 825 590 862 fratris.
652 824 733 862 Hoc
767 826 908 876 quippe
942 825 1139 875 arguendo
1171 827 1384 877 interroga-

50 885 105 922 vit
135 882 287 921 dicens:
335 883 469 928 Quare
501 884 760 921 contristatus
792 896 849 929 es,
889 888 927 922 et
957 895 1084 931 quare
1116 886 1295 923 concidit
1320 884 1384 933 fa-

51 944 132 981 cies
158 943 253 980 tua?
286 940 383 986 Quia
410 942 513 978 enim
539 941 650 978 fratri
681 941 887 993 invidebat,
921 941 1023 979 Deus
1056 941 1209 980 videbat
1241 947 1279 980 et
1310 942 1384 981 hoc

51 999 247 1050 arguebat.
308 999 404 1037 Nam
441 997 681 1049 hominibus,
723 999 864 1049 quihus
903 999 1172 1038 absconditum
1213 1005 1273 1038 est
1317 1013 1384 1038 cor

51 1059 222 1108 alterius,
255 1069 339 1095 esse
366 1062 499 1107 posset
524 1056 747 1107 ambiguum
768 1063 806 1095 et
831 1069 993 1108 prorsus
1020 1060 1225 1110 incertum,
1251 1063 1383 1097 utrum

51 1116 113 1154 illa
138 1116 296 1154 tristitia
322 1115 598 1165 malignitatem
630 1127 752 1163 suam,
783 1117 821 1153 in
855 1128 928 1165 qua
962 1128 1002 1154 se
1029 1116 1107 1154 Deo
1140 1116 1384 1167 displicuisse

51 1174 251 1225 didicerat,
282 1185 329 1211 an
362 1174 493 1211 fratris
525 1173 694 1211 doluerit
724 1173 956 1225 bonitatem,
989 1186 1085 1224 quae
1118 1174 1197 1212 Deo
1229 1174 1385 1226 placuit,

51 1244 141 1271 cum
177 1233 217 1270 in
255 1232 487 1270 sacrificium
526 1233 610 1269 eius
649 1233 808 1281 aspexit.
872 1232 947 1270 Sed
986 1234 1176 1271 rationem
1217 1233 1385 1271 reddens

50 1290 172 1342 Deus,
204 1301 275 1328 cur
306 1291 390 1328 eius
422 1289 656 1327 oblationem
689 1291 866 1340 accipere
899 1290 1088 1342 noluerit,
1121 1297 1164 1328 ut
1196 1290 1270 1329 sibi
1300 1293 1384 1342 ipse

50 1350 180 1399 potius
218 1348 356 1386 merito
395 1359 509 1397 quam
547 1349 582 1385 ei
626 1348 746 1385 frater
788 1350 970 1386 inmerito
1009 1348 1251 1401 displiceret,
1295 1362 1385 1388 cum

50 1412 155 1445 esset
197 1407 366 1444 iniustus
405 1418 481 1444 non
525 1410 630 1444 recte
676 1406 900 1457 dividendo,
938 1406 1010 1445 hoc
1054 1412 1114 1445 est
1162 1419 1239 1445 non
1278 1413 1385 1446 recte

50 1464 230 1515 vivendo,
274 1469 313 1502 et
355 1464 537 1514 indignus
586 1466 697 1502 cuius
741 1464 1023 1515 adprobaretur
1067 1464 1226 1517 oblatio,
1271 1477 1387 1516 quam

51 1528 155 1561 esset
173 1524 367 1573 iniustior,
393 1522 495 1572 quod
516 1522 677 1560 fratrem
704 1524 850 1561 iustum
876 1524 995 1573 gratis
1021 1522 1179 1574 odisset,
1205 1524 1385 1562 ostendit.

166 1580 253 1619 Non
278 1586 407 1619 tamen
434 1592 524 1619 eum
549 1581 748 1618 dimittens
775 1582 858 1619 sine
890 1580 1070 1619 mandato
1103 1587 1249 1633 saneto,
1280 1583 1383 1620 iusto

51 1645 90 1678 et
120 1639 240 1678 hono:
278 1640 460 1686 Quiesce,
498 1640 641 1689 inquit3
679 1640 736 1676 ad
764 1643 801 1677 te
833 1641 935 1677 enim
966 1641 1173 1677 conversio
1205 1641 1308 1687 eim,
1348 1644 1387 1678 et

51 1703 92 1737 tu
135 1698 404 1736 dominaberis
448 1699 564 1735 illius.
625 1696 821 1746 Numquid
861 1694 1021 1734 fratris?
1083 1696 1203 1735 Absit.
1266 1697 1386 1736 Cuius

50 1757 182 1806 igitur,
213 1756 288 1793 nisi
319 1752 498 1805 peccati?
546 1754 703 1792 Dixerat
735 1756 856 1793 enim:
897 1755 1098 1802 Peccastz’‚
1130 1760 1212 1792 tum
1245 1755 1386 1793 deinde

51 1813 212 1853 addidit:
251 1814 438 1859 Quiesce·
470 1814 527 1851 ad
550 1817 587 1851 te
619 1815 721 1851 enim
754 1815 958 1851 conversio
991 1815 1087 1861 θέας,
1121 1818 1158 1851 et
1189 1818 1230 1851 tu
1263 1816 1384 1852 domi-

50 1873 214 1912 naberis
240 1874 355 1910 illius.
417 1871 553 1910 Potest
579 1871 735 1921 quidem
761 1872 813 1909 ita
838 1871 1010 1921 intellegi
1037 1870 1082 1909 ad
1109 1872 1237 1921 ipsum
1263 1871 1384 1910 homi-

50 1943 141 1969 nem
167 1932 460 1969 conversionem
487 1941 571 1968 esse
605 1928 747 1967 debere
779 1931 941 1980 peccati,
972 1934 1016 1967 ut
1048 1928 1143 1966 nulli
1175 1928 1238 1967 alii
1270 1941 1385 1980 quam

51 1988 125 2028 sibi
164 1989 261 2027 sciat
297 1988 473 2027 tribuere
511 1987 654 2026 debere
694 1987 797 2038 quod
834 1992 980 2038 peccat.
1042 1986 1146 2024 Haec
1185 1992 1244 2025 est
1281 1989 1385 2025 enim

51 2046 218 2086 salubris
254 2048 514 2097 paenitentiae
552 2045 742 2084 medicina
787 2050 826 2084 et
868 2047 1001 2084 veniae
1038 2046 1174 2095 petitio
1213 2057 1290 2083 non
1327 2047 1384 2084 in-

51 2117 241 2156 congrua,
286 2110 347 2157 ut,
385 2104 451 2143 ubi
490 2105 559 2143 ait:
603 2105 667 2142 Ad
703 2109 739 2143 te
776 2105 879 2142 enim
917 2105 1123 2142 conversio
1164 2105 1264 2152 eius,
1306 2115 1384 2141 non

52 2163 306 2202 subaudiatur
336 2158 488 2215 ,‚erit“,
520 2162 586 2200 sed
618 2158 747 2214 „sit“;
777 2162 1053 2213 praecipientis
1085 2161 1274 2213 videlicet,
1307 2173 1383 2199 non

146 2312 166 2344 5
192 2319 238 2344 ne
270 2308 357 2350 VR,·
381 2318 448 2343 neo
474 2309 531 2342 Av

1412 485 1431 515 σι

1413 776 1456 807 10

1412 1066 1454 1097 15

1412 1358 1455 1388 20

1412 1647 1455 1678 25

1410 1938 1455 1968 30
