1548 2562
417 194 469 219 DE
489 192 677 219 CIVITATE
697 193 767 218 DEI
785 193 817 218 L.
837 193 935 218 xxn.
955 193 984 218 c.
1004 194 1028 219 5.
1300 184 1383 223 559

53 284 296 335 paucissimis
328 281 619 321 remanentibus
652 287 766 332 atque
800 281 1046 332 stupentibus
1079 280 1138 319 vel
1170 280 1293 319 doctis
1326 281 1384 319 vel

53 342 232 393 indoctis,
263 341 338 378 iam
366 340 617 379 crediderunt
643 345 681 378 et
706 340 810 378 docti
836 344 875 378 et
900 339 1056 378 indocti.
1119 338 1160 377 Si
1186 351 1270 377 rem
1302 351 1383 377 cre-

55 399 211 438 dibilem
249 398 518 451 crediderunt,
556 398 709 436 videant
748 410 862 448 quam
904 399 981 436 sint
1020 396 1167 449 stolidi,
1208 398 1275 448 qui
1307 409 1384 435 non

54 457 236 508 credunt3
275 458 307 495 si
344 462 473 495 autem
505 468 569 495 res
600 455 839 495 incredibilis
872 456 1019 495 credita
1051 461 1127 507 est,
1166 457 1281 494 etiam
1311 455 1384 494 hoc

53 518 187 566 utique
219 515 447 554 incredibile
474 520 544 567 cst,
576 515 633 553 sic
665 514 858 553 creditum
891 525 988 566 esse,
1021 513 1123 565 quod
1156 513 1383 552 incredibile

55 580 123 613 est.
185 573 288 612 Haec
319 575 437 624 igitur
469 572 545 611 duo
576 572 836 624 incredibilia,
873 573 1203 610 resurrectionem
1236 571 1386 610 scilicet

54 633 179 670 nostri
205 633 381 683 corporis
407 632 446 670 in
473 636 676 670 aeternum
703 635 741 669 et
766 642 850 669 rem
876 636 953 669 tam
980 629 1249 668 incredibilem
1274 642 1385 668 mun-

54 691 147 729 dum
188 702 272 728 esse
311 689 572 738 crediturum,
619 689 722 727 idem
760 688 880 741 Deus,
924 693 1131 739 antequam
1168 688 1227 726 vel
1264 699 1386 727 unum

55 760 191 787 eorum
223 748 346 799 fieret,
377 747 488 786 ambo
522 748 653 786 futura
685 759 770 786 esse
802 746 1003 798 praedixit.
1065 746 1191 785 Unum
1218 746 1386 785 duorum

54 806 341 846 incredibilium
372 808 447 844 iam
480 807 624 845 factum
656 805 847 853 videmus,
880 810 935 857 ut,
968 804 1070 855 quod
1103 810 1187 843 erat
1218 804 1384 843 incredi-

54 864 148 917 bile,
188 864 367 903 crederet
400 864 584 903 mundus:
624 876 694 903 cur
726 863 763 902 id
797 862 899 914 quod
932 863 1126 913 reliquum
1161 868 1219 901 est
1251 863 1386 913 despe-

55 929 175 975 ratur,
206 927 251 962 ut
277 924 392 961 etiam
418 923 492 961 hoc
517 923 656 973 veniat,
689 921 791 972 quod
818 921 1045 960 incredibile
1079 921 1244 959 credidit
1277 933 1386 959 mun-

55 982 146 1033 dus,
187 982 289 1020 sicut
325 983 400 1019 iam
439 982 563 1033 venit,
605 980 707 1032 quod
747 979 924 1018 similiter
956 979 1183 1018 incredibile
1216 980 1307 1031 fuit,
1345 983 1389 1017 ut

54 1052 138 1078 rem
176 1045 254 1078 tam
294 1039 562 1078 incredibilem
600 1039 779 1077 crederet
819 1037 1005 1088 munduS,
1045 1038 1197 1088 quando
1231 1037 1388 1087 quidem

55 1098 128 1136 hoc
153 1103 366 1148 utrumque
392 1097 631 1148 incredibile,
664 1108 830 1147 quorum
856 1096 1030 1134 videmus
1056 1107 1190 1146 unum,
1223 1095 1388 1134 alterum

57 1156 264 1208 credimus,
296 1158 335 1194 in
361 1155 507 1194 eisdem
533 1155 674 1193 litteris
706 1154 948 1205 praedictum
981 1155 1041 1206 sit,
1074 1166 1143 1204 per
1176 1165 1271 1204 quas
1305 1165 1386 1192 cre·

56 1215 153 1253 didit
184 1211 384 1253 mundus?
445 1213 494 1252 Et
524 1215 607 1264 ipse
640 1212 795 1263 modus,
828 1225 903 1263 quo
938 1212 1106 1250 mundus
1140 1211 1322 1263 credidit,
1355 1213 1388 1249 si

57 1273 348 1324 consideretur,
390 1271 656 1310 incredibilior
702 1272 910 1309 invenitur.
981 1270 1202 1308 Ineruditos
1250 1269 1387 1308 libera-

55 1330 157 1369 libus
189 1330 404 1381 disciplinis
431 1336 470 1368 et
495 1331 663 1381 omnino,
696 1334 883 1379 quantum
916 1328 961 1366 ad
993 1329 1157 1366 istorum
1190 1327 1387 1366 doctrinas

57 1389 223 1440 adtinet,
254 1388 458 1440 inpolitos,
503 1400 580 1426 non
618 1388 765 1438 peritos
805 1387 1073 1437 grammatica,
1111 1398 1189 1424 non
1221 1390 1388 1424 armatos

57 1447 267 1498 dialectica,
300 1458 377 1485 non
409 1446 603 1484 rhetorica
635 1445 810 1497 inflatos,
841 1446 1056 1495 piscatores
1089 1443 1267 1482 Christus
1300 1456 1389 1482 cum

57 1504 206 1543 retibus
238 1505 328 1543 fidei
360 1503 405 1542 ad
438 1516 543 1543 mare
577 1504 692 1541 huius
725 1503 870 1541 saeculi
912 1503 1167 1553 paucissimos
1200 1503 1305 1540 misit
1336 1507 1389 1540 at-

58 1575 132 1614 que
176 1564 228 1601 ita
268 1568 306 1601 et
343 1574 389 1601 ex
427 1564 532 1600 omni
569 1573 711 1612 genere
750 1567 826 1599 tam
865 1560 1008 1599 multos
1045 1562 1173 1611 pisces
1212 1565 1251 1598 et
1283 1564 1388 1598 tanto

58 1620 332 1672 mirabiliores,
366 1625 509 1671 quanto
541 1621 728 1671 rariores,
762 1620 875 1657 etiam
908 1620 1013 1670 ipsos
1044 1617 1295 1669 philosophos
1328 1629 1389 1656 ce-

57 1681 125 1730 pit.
186 1678 345 1718 Duobus
388 1679 464 1717 illis
508 1677 823 1729 incredibilibus,
874 1678 905 1715 si
946 1677 1091 1728 placet,
1140 1677 1258 1714 immo
1301 1677 1424 1726 quia·

58 1737 210 1788 placere
244 1736 371 1789 debet,
402 1736 586 1775 addamus
618 1736 691 1774 hoc
724 1737 896 1774 tertium.
958 1734 1035 1773 Iam
1070 1746 1161 1784 ergo
1193 1736 1267 1773 tria
1300 1738 1391 1772 sunt

58 1795 312 1847 incredibilia,
343 1807 441 1846 quae
473 1800 603 1834 tamen
634 1794 733 1833 facta
766 1799 866 1832 sunt.
929 1792 1159 1831 Incredibile
1192 1797 1251 1830 est
1283 1791 1390 1829 Chri-

60 1859 163 1892 stum
194 1854 458 1892 resurrexisse
495 1854 535 1891 in
576 1864 691 1891 carne
724 1857 763 1890 et
794 1854 833 1890 in
866 1851 1015 1890 caelum
1048 1850 1268 1889 ascendisse
1302 1861 1391 1887 cum

59 1923 192 1964 carne,
224 1911 452 1950 incredibile
480 1916 539 1949 est
565 1911 752 1949 mundum
784 1921 868 1949 rem
899 1915 977 1948 tam
1008 1908 1275 1947 incredibilem
1309 1919 1390 1945 cre-

60 1969 220 2021 didisse,
252 1969 479 2008 incredibile
512 1974 572 2007 est
602 1969 779 2007 homines
810 1967 1012 2019 ignobiles,
1045 1967 1210 2018 infimos,
1241 1966 1390 2016 paucis-

60 2029 201 2080 simos,
251 2029 440 2079 inperitos
489 2039 573 2065 rem
617 2033 694 2065 tam
742 2025 1011 2065 incredibilem
1061 2030 1138 2063 tam
1182 2024 1392 2062 efficaciter

59 2085 203 2124 mundo
231 2091 270 2124 et
295 2087 334 2124 in
360 2086 424 2124 illo
451 2087 565 2124 etiam
593 2085 717 2123 doctis
743 2084 980 2136 persuadere
1006 2084 1191 2134 potuisse.
1243 2081 1391 2119 Horum

60 2145 178 2182 trium
210 2143 495 2182 incredibilium
527 2145 697 2194 primum
730 2143 867 2181 nolunt
898 2143 981 2193 isti,
1019 2153 1108 2179 cum
1141 2139 1284 2190 quibus
1316 2141 1392 2190 agi-

154 2235 188 2275 9)
214 2232 280 2267 Mt.
307 2236 361 2273 26,
389 2236 442 2268 13.

156 2352 196 2382 16
223 2347 271 2381 sit
295 2358 358 2381 om.
385 2347 421 2382 R

1414 812 1456 842 10

1416 1103 1456 1133 15

1418 1974 1461 2004 30
