1548 2562
428 138 479 162 DE
500 137 686 163 cwrrATE
707 137 776 162 DEI
796 137 828 162 L.
848 137 929 161 XVI.
949 136 978 162 c.
999 137 1040 162 26.
1323 127 1402 167 167

79 230 173 265 mini
206 237 369 265 carnem
397 227 604 274 praeputii
635 228 765 272 vestri,
798 230 835 264 et
866 228 944 264 erit
975 227 1015 263 in
1046 227 1159 272 siano
1186 227 1411 263 testamenti

80 288 184 323 inter
221 296 281 322 me
318 288 357 322 et
391 294 467 321 vos.
536 283 589 320 Et
620 295 724 331 puer
762 287 849 322 octo
888 285 1042 322 dierum
1081 285 1407 330 circumcidetur,

80 347 251 381 vestrum
282 353 394 380 omne
425 343 687 379 masculinum
720 344 759 379 in
788 340 1002 390 proqenies
1034 345 1197 380 vestras.
1258 341 1405 380 Verna-

80 403 193 439 culus
231 405 270 439 et
300 401 505 448 empticius
538 400 588 436 ab
620 401 727 437 omni
753 402 836 445 filio
870 402 1018 447 alieno,
1062 402 1132 447 qui
1161 411 1239 438 non
1272 404 1330 438 est
1360 401 1409 439 de

79 461 226 497 semine
246 462 329 505 tuo,
349 459 656 496 circumcisione
676 459 990 496 circumcidetur
1010 460 1252 496 vernaculus
1273 459 1408 496 domus

80 522 172 555 tuae
210 521 249 554 et
279 517 494 564 empticius.
556 515 609 553 Et
639 517 719 554 erit
748 520 1021 554 testamentum
1052 527 1178 554 meum
1211 518 1251 554 in
1283 527 1410 554 carne

80 579 213 613 vestra
245 576 286 612 in
318 578 547 612 testamento
579 578 753 612 aeterno.
804 573 855 611 Et
879 576 949 621 qui
973 586 1050 612 non
1079 573 1209 621 fuerit
1238 575 1408 612 circum-

80 635 186 671 cisus
217 634 427 678 masculus,
459 633 529 679 qui
558 643 635 670 non
667 633 982 670 circumcidetur
1014 644 1177 670 carnem
1204 634 1414 680 praeputii

79 693 144 729 sui
174 694 316 733 octava
348 691 424 738 die,
456 691 635 728 interibit
665 691 801 727 anima
834 692 901 728 illa
935 692 983 728 de
1005 702 1156 737 qenere
1188 692 1283 738 eius,
1316 692 1411 738 quia

80 752 354 787 testamentum
391 759 518 786 meum
557 749 772 796 dissipavit.
835 748 886 785 Et
923 749 1028 785 dixit
1058 749 1166 786 Deus
1197 750 1253 786 ad
1281 749 1410 786 Abra—

80 808 190 845 ham:
221 807 329 845 Sara
360 818 467 845 uxor
499 811 579 853 tua,
612 817 690 844 non
722 807 989 855 appellabitur
1014 818 1154 844 nomen
1187 808 1271 844 eius
1292 807 1411 855 Sara,

80 867 152 903 sed
182 865 316 903 Sarra
348 867 426 903 erit
456 875 595 903 nomen
628 866 722 902 eius.
785 864 1028 902 Benedicam
1060 870 1191 902 autem
1231 866 1336 902 illam
1375 870 1414 904 et

81 924 184 961 dabo
223 923 295 960 tibi
332 934 384 961 ex
422 934 470 960 ea
503 924 647 972 filium,
691 926 731 959 et
760 923 993 961 benedicam
1026 924 1149 968 illum,
1195 927 1232 960 et
1263 925 1341 960 erit
1371 925 1410 961 in

81 983 279 1027 nationes,
324 985 362 1019 et
400 992 516 1028 reyes
553 982 729 1027 gentium
773 992 824 1018 ex
865 992 909 1019 eo
951 984 1078 1018 erunt.
1148 981 1200 1018 Et
1234 982 1413 1029 procidit

82 1040 287 1077 Abraham
324 1050 445 1086 super
478 1037 628 1085 faciem
664 1049 777 1076 suam
816 1043 854 1077 et
884 1040 975 1076 risit
1006 1044 1044 1077 et
1074 1040 1179 1076 dixit
1210 1040 1249 1076 in
1282 1040 1413 1077 animo

80 1108 151 1135 suo
196 1098 352 1135 dicens:
401 1097 447 1134 Si
488 1097 587 1135 milii
637 1101 792 1135 centum
837 1108 963 1134 annos
1012 1097 1178 1134 habenti
1224 1102 1414 1134 nascetur

81 1153 261 1205 <silius>‚
303 1159 342 1193 et
371 1156 406 1192 si
436 1155 569 1192 Sarra
600 1166 796 1192 annorum
828 1156 1049 1202 nonaqinta
1077 1156 1237 1203 pariet?
1300 1155 1415 1192 Discit

82 1217 213 1251 autem
233 1213 438 1250 Abraham
470 1213 526 1250 ad
549 1213 693 1251 Deum:
726 1213 872 1250 Ismael
900 1214 965 1250 liic
998 1215 1104 1250 vivat
1135 1215 1173 1250 in.
1201 1218 1414 1261 conspectu

83 1276 159 1309 tuo.
222 1271 339 1309 Dixit
375 1275 506 1309 autem
538 1271 644 1309 Deus
682 1272 738 1308 ad
767 1272 991 1309 Abraham:
1037 1271 1118 1318 Ita,
1157 1282 1250 1309 ecce
1282 1271 1413 1308 Sarra

82 1340 189 1367 uxor
221 1333 291 1367 tua
318 1330 455 1377 pariet
487 1329 559 1366 tibi
585 1330 723 1375 filium,
757 1334 794 1367 et
819 1330 979 1367 vocabis
1005 1340 1144 1366 nomen
1172 1331 1256 1367 eius
1277 1329 1414 1373 Isaac,-

83 1392 122 1425 et
157 1390 330 1425 statuam
369 1390 644 1425 testamentum
682 1398 809 1425 meum
842 1389 898 1425 ad
928 1389 1035 1425 illum
1068 1389 1108 1424 in
1141 1392 1414 1425 testamentum

84 1449 308 1493 aeternum,
349 1456 433 1483 esse
470 1446 528 1483 illi
559 1445 667 1483 Deus
705 1449 743 1483 et
771 1447 914 1483 semini
943 1447 1027 1483 eius
1054 1450 1144 1493 post
1176 1447 1293 1483 illum.
1357 1446 1415 1483 De

85 1503 232 1541 Ismael
267 1506 398 1541 autem
435 1514 529 1541 ecce
566 1504 759 1541 eacaudivi
796 1508 853 1548 te;
897 1514 990 1541 ecce
1028 1504 1218 1541 benedixi
1254 1514 1341 1541 eum
1379 1508 1415 1541 et

85 1561 283 1610 ampliabo
325 1562 432 1599 illum
473 1565 511 1599 et
550 1562 820 1609 multiplicabo
865 1572 952 1598 eum
996 1562 1120 1599 valde.
1196 1561 1415 1599 Duodecim

81 1623 219 1667 qentes
247 1620 471 1667 qenerabit,
504 1623 542 1657 et
573 1620 674 1657 dabo
706 1621 813 1656 illum
848 1620 887 1656 in
919 1630 1104 1665 maynam
1133 1623 1300 1665 ²aentem.
1348 1619 1415 1656 Te-

85 1681 320 1715 stamentum
352 1681 484 1715 autem
515 1688 642 1715 meum
674 1681 846 1714 statuam
879 1678 934 1714 ad
965 1677 1101 1723 Isaac,
1141 1688 1254 1723 quem
1282 1679 1418 1725 pariet

86 1736 158 1773 tibi
189 1735 321 1773 Sarra
353 1736 395 1772 in
427 1738 600 1783 tempore
632 1735 708 1772 hoc
740 1735 795 1772 ad
825 1745 973 1772 annum
1005 1738 1240 1782 sequentem.

202 1791 273 1830 Hic
306 1793 499 1842 apertiora
530 1793 721 1842 promissa
754 1797 845 1830 sunt
877 1791 922 1829 de
950 1793 1150 1830 vocatione
1176 1793 1351 1841 gentium
1377 1793 1417 1831 in

84 1850 207 1901 Isaac,
238 1850 277 1888 id
311 1854 370 1888 est
401 1851 440 1888 in
472 1850 549 1888 filio
581 1851 870 1901 promissionis,
902 1862 978 1900 quo
1012 1850 1252 1900 significatur
1284 1852 1416 1900 gratia,

86 1920 162 1946 non
194 1913 344 1958 natura,
376 1909 465 1958 quia
497 1908 544 1946 de
577 1920 668 1946 sene
701 1912 740 1946 et
772 1920 847 1946 anu
880 1908 1003 1946 sterili
1028 1909 1271 1958 promittitur
1303 1908 1415 1947 filius.

180 2021 237 2063 27)
265 2018 352 2053 Gen.
383 2023 436 2061 17,
465 2023 481 2052 1
510 2030 586 2063 sqq.

181 2150 199 2181 1
227 2146 329 2191 signo
355 2157 425 2180 mss
456 2143 513 2190 (ἐν
539 2148 675 2193 σημείῳ
701 2148 775 2182 cod.
803 2147 942 2190 Alex.);
977 2147 1122 2191 signum
1145 2157 1166 2182 v
1202 2149 1214 2192 ΙΙ
1251 2151 1273 2181 4
1298 2147 1418 2182 alieno

84 2202 154 2227 mss
162 2206 175 2234 ‚·
200 2192 409 2237 alienigena
433 2204 453 2226 v
472 2194 484 2237 ΙΙ
505 2197 522 2227 7
549 2197 590 2227 ut
614 2194 733 2228 editur
757 2204 846 2235 mss;
878 2194 916 2228 in
940 2195 1204 2228 testamenfum
1231 2195 1419 2228 aeternum

85 2249 105 2272 v
142 2240 154 2282 ΙΙ
191 2243 211 2273 9
238 2240 371 2273 octaua,
394 2238 472 2273 RF
493 2241 596 2283 (169,
629 2243 672 2281 6‚·
704 2244 785 2283 17)‚·
822 2242 953 2275 octauo
987 2240 1074 2274 VAv
1111 2242 1122 2283 ΙΙ
1162 2244 1203 2274 17
1230 2240 1326 2274 filius
1353 2252 1417 2276 om.

93 2284 240 2319 VRAF
260 2286 320 2328 (cf.
348 2288 431 2328 168,
456 2289 524 2327 18,·
549 2289 632 2328 178,
657 2288 811 2330 14)1124
837 2297 920 2320 eum
945 2297 1031 2328 mss;
1058 2286 1163 2320 illum
1187 2297 1208 2321 v

1440 756 1480 786 10

1441 1046 1482 1075 15

1440 1336 1484 1366 20

1443 1916 1487 1948 30
