1548 2562
383 151 436 176 DE
456 150 646 176 CIVITATE
664 150 734 175 DEI
753 150 786 175 Ia⁴
805 150 886 175 XVI.
906 149 935 174 C.
957 150 998 174 13.
1274 136 1354 177 147

549 303 701 347 CAPUT
732 305 855 361 XIII„

106 391 217 436 Quae
248 391 354 427 ratio
382 388 528 437 fecisse
560 391 757 436 videatur,
790 395 833 427 ut
864 392 903 427 in
936 389 1289 436 transmiyratione

175 447 349 493 ΤΙιαναε,
381 459 460 495 qua
498 448 718 486 Chaldaeos
750 450 935 486 deserens
968 449 1007 485 in
1040 447 1217 495 Mesopo·

237 507 398 543 lamiam
429 507 601 552 transiz'l,
633 507 743 543 nulla
771 508 849 552 filli
879 508 963 543 eius
995 506 1154 544 Nachor

503 562 620 611 facta
650 565 702 601 sit
731 566 884 602 menlio.
1385 569 1405 600 5

146 644 292 682 Deinde
331 648 511 682 narratur
550 656 666 694 quem
710 644 754 682 ad
794 644 951 683 modum
983 644 1108 682 Thara
1149 655 1237 681 eum
1279 643 1359 680 suis

29 704 229 753 regionem
265 702 469 752 reliquerit
501 700 779 740 Chaldaeorum
817 708 856 741 et
894 704 1044 740 venerit
1074 704 1113 740 in
1146 701 1359 751 Mesopota-

31 763 145 799 miam
185 766 223 799 et
258 759 491 798 habitaverit
527 761 567 798 in
608 760 763 799 Charra.
825 761 993 799 Taeetur
1030 766 1158 797 autem
1197 759 1243 796 de
1282 770 1359 797 uno

30 820 115 857 eius
142 818 230 869 filio,
263 820 328 868 qui
355 817 563 856 vocabatur
589 818 752 870 Nachor,
784 824 979 869 tamquam
1012 830 1100 856 eum
1134 829 1210 855 non
1242 817 1358 855 duxe-

32 879 82 915 rit
114 889 257 915 secum.
318 876 413 914 Nam
445 877 496 914 ita
529 882 725 915 narratur:
764 878 815 915 Et
845 879 1007 925 sumpsit
1044 877 1177 914 leara
1209 876 1359 913 Abram
1388 883 1431 914 10

26 938 153 981 filiam
190 946 304 973 saum
347 939 385 972 et
421 934 521 972 Loth
555 937 682 981 filiam
721 936 876 982 Arraa,
922 937 1048 981 fillum
1086 936 1164 980 filie·
1193 935 1278 979 sui,
1324 938 1361 971 et

31 994 177 1031 Saram
215 1004 360 1031 nurum
398 1004 510 1030 saam
548 1004 715 1031 uxorem
747 995 898 1032 Abram
926 995 1003 1040 silli
1032 995 1111 1040 sui,
1152 997 1190 1030 et
1221 993 1361 1029 eduxit

32 1054 116 1089 illos
154 1053 203 1089 de
240 1053 403 1098 reqe'one
445 1051 736 1089 Chaldaeorum
775 1054 835 1090 ire
872 1054 912 1090 in
951 1057 1101 1089 terram
1144 1051 1360 1093 Camarum,-

31 1114 69 1148 εί
95 1111 199 1147 venit
226 1111 265 1147 in
297 1109 485 1147 Clearran
511 1114 547 1147 el
572 1110 768 1147 habitavit
793 1111 857 1148 ibi.
919 1109 1119 1158 Nusquam
1144 1108 1207 1146 hic
1240 1108 1359 1145 nomi-

31 1172 145 1205 natus
187 1172 246 1205 est
276 1166 429 1204 Nachor
474 1172 513 1205 et
549 1179 648 1205 uxor
686 1169 769 1205 eius
807 1167 964 1205 Meloha.
1028 1166 1103 1204 Sed
1142 1167 1359 1204 invenimus
1388 1174 1429 1204 15

30 1231 182 1276 postea,
213 1236 302 1263 cum
334 1237 488 1262 servum
522 1237 634 1263 suum
667 1227 839 1264 mitteret
869 1225 1060 1264 Abraham
1092 1224 1138 1262 ad
1170 1226 1359 1274 accipien-

31 1283 118 1320 dam
161 1294 322 1320 uxorem
366 1282 443 1320 filio
489 1295 560 1321 suo
604 1283 726 1335 lsaao,
769 1285 822 1322 ita
866 1285 1072 1334 scriptum:
1116 1284 1167 1320 Et
1205 1284 1361 1330 aceepit

27 1353 131 1390 puer
163 1343 297 1379 decem
336 1343 505 1379 camelos
547 1343 595 1379 de
626 1344 786 1380 camelis
819 1344 969 1380 domini
997 1344 1061 1379 sae?
1091 1346 1129 1379 ec
1160 1342 1208 1379 de
1238 1342 1359 1379 omni—

32 1400 103 1437 hus
135 1400 246 1437 bonis
287 1401 436 1437 dommi
464 1401 530 1437 sui
558 1411 708 1447 secum,
747 1405 785 1438 et
816 1412 1036 1447 exsurqens
1065 1399 1272 1448 profectus
1304 1403 1362 1437 est

33 1459 73 1495 in
102 1457 429 1505 Mesopotamiam
466 1459 506 1494 in
539 1459 737 1496 civitatem
773 1459 945 1496 Nachor.
1008 1457 1085 1495 Isto
1119 1463 1157 1495 et
1188 1457 1271 1494 aliis
1303 1468 1359 1494 sa·
1386 1465 1430 1496 20

32 1526 120 1553 crae
158 1514 273 1552 huius
318 1514 501 1552 historiae
544 1517 776 1553 testimoniis
809 1516 1028 1553 ostenditur
1061 1516 1176 1553 etiam
1208 1515 1360 1552 Nachor

31 1573 150 1610 frater
194 1572 367 1610 Abrahae
405 1574 529 1610 exisse
569 1573 614 1611 de
656 1575 813 1623 regione
853 1573 1131 1611 Chaldaeorum
1170 1573 1360 1623 sedesque

33 1632 280 1668 constituisse
300 1632 340 1668 in
360 1630 646 1682 Mesopotamia,
678 1631 744 1669 nbi
771 1643 859 1669 cum
891 1637 999 1681 patre
1027 1642 1097 1668 suo
1123 1630 1362 1668 habitaverat

31 1688 234 1727 Abraham.
302 1687 380 1726 Cur
418 1700 510 1738 ergo
555 1700 644 1727 eum
688 1691 881 1739 scriptura
919 1701 996 1726 non
1034 1690 1361 1740 commemoravit,

33 1746 185 1796 quando
224 1758 269 1784 ex
308 1751 421 1796 gente
455 1746 641 1785 Chaldaea
681 1759 768 1785 cum
801 1749 881 1785 suis
912 1747 1112 1797 profectus
1145 1752 1204 1784 est
1235 1746 1360 1784 Thara
1387 1755 1430 1786 25

33 1810 72 1842 et
115 1804 299 1842 habitavit
342 1806 381 1842 in
424 1804 716 1856 Mesopotami33
770 1805 835 1843 nbi
879 1817 957 1842 non
1001 1805 1124 1843 solum
1169 1804 1360 1842 Abraham

31 1862 132 1900 filius
164 1864 265 1913 eius,
305 1874 439 1900 verum
472 1864 586 1900 etiam
621 1862 734 1900 Sarra
768 1875 889 1901 nurus
922 1868 960 1901 et
992 1862 1089 1901 Loth
1123 1875 1244 1913 nepos
1276 1864 1360 1901 eius

32 1926 396 1972 commemorantur,
429 1921 531 1971 quod
565 1933 630 1959 eos
663 1922 817 1959 duxerit
849 1919 1009 1959 secum?
1047 1921 1136 1972 Cur,
1167 1926 1361 1972 putamus,

31 1980 106 2016 nisi
144 1979 243 2017 sorte
282 1978 384 2028 quod
422 1991 443 2016 a
480 1985 639 2029 paterna
677 1986 715 2018 et
759 1980 927 2017 fraterna
965 1981 1108 2030 pietate
1147 1978 1361 2017 desciverat

31 2042 71 2075 et
114 2038 381 2087 superstitioni
425 2037 652 2076 adhaeserat
693 2037 973 2076 Chaldaeorum
1015 2043 1054 2074 et
1093 2044 1227 2086 postea
1270 2037 1358 2074 inde
1386 2046 1431 2076 30

32 2095 111 2132 sive
137 2094 368 2145 paenitendo
396 2096 475 2132 sive
500 2097 812 2145 persecutionem
838 2107 987 2147 passus,
1019 2095 1123 2145 quod
1155 2101 1360 2145 suspectus

128 2196 184 2237 14)
210 2194 299 2228 Gen.
328 2198 382 2237 11,
408 2198 461 2229 31.
514 2197 570 2238 20)
598 2194 686 2230 Gen.
713 2200 768 2238 24,
798 2200 851 2230 10.

126 2302 170 2332 14
195 2298 349 2333 charran
374 2300 529 2342 (carran)
563 2298 650 2341 VF‚-
683 2299 856 2334 Charram
882 2311 901 2334 v
921 2302 932 2344 ΙΙ
950 2299 1160 2334 nominatur
1184 2299 1220 2334 R

1009 2358 1079 2391 10*
