1548 2562
390 139 440 163 DE
461 138 649 164 01V1TATE
669 140 738 164 DEI
758 140 790 164 L.
810 140 891 164 XXI.
912 139 940 165 c.
961 142 1002 166 23.
1022 142 1064 165 24.
1308 133 1393 173 529

64 228 245 279 accipiet,
282 226 348 265 ubi
387 226 667 266 cruciabuntur
708 229 748 265 in
779 227 931 266 saecula
965 228 1220 267 saeculorum.
1283 230 1392 275 Quod

63 286 97 323 si
128 286 180 323 ita
207 290 276 335 est,
309 297 384 334 quo
412 285 524 322 modo
558 284 603 323 ab
635 286 750 323 liuius
782 287 1010 324 aeternitate
1041 299 1188 337 poenae
1220 288 1278 326 vel
1311 290 1394 326 uni-

63 344 165 381 versi
219 342 276 380 vel
326 343 481 393 quidam
529 343 704 381 homines
748 350 835 394 post
881 345 1162 394 (plantumlibet
1207 348 1395 396 temporis

64 400 361 452 subtrahentur,
393 413 436 438 ae
468 413 545 438 non
579 403 707 440 statim
739 402 987 440 enervabitur
1018 403 1132 454 fides,
1166 416 1239 454 qua
1272 404 1395 442 credi-

63 464 129 497 tur
155 461 436 509 sempiternum
463 459 694 498 daemonum
721 460 896 498 futurum
929 472 1014 498 esse
1047 460 1310 511 supplicium?
1355 462 1395 500 Si

64 519 165 555 enim
194 516 335 567 quibus
361 517 530 555 dicetur:
563 518 765 556 De'scedlte
790 530 815 556 α
847 530 916 566 me,
949 521 1161 571 maledieti,
1195 523 1234 558 in
1267 523 1396 569 ifflzem

64 581 292 626 aeternum,
335 577 405 623 qui
436 580 608 623 paratus
646 580 704 614 est
741 577 897 615 diabolo
936 582 974 615 et
1005 580 1158 625 anyele's
1191 581 1292 630 eius,
1337 579 1396 617 vel

63 635 236 672 universi
279 633 337 671 vel
381 633 499 683 aliqui
537 645 672 671 eorum
717 646 794 672 non
833 646 987 685 semper
1031 635 1082 672 ibi
1121 643 1259 689 erunt,
1304 637 1395 687 quid

63 703 201 730 causae
240 696 300 729 est
337 703 408 729 cur
445 691 620 729 diabolus
660 697 698 730 et
730 692 853 742 angeli
886 694 970 730 eius
1003 705 1157 744 semper
1188 694 1242 732 ibi
1275 696 1397 733 futuri

64 762 149 788 esse
188 747 426 787 credantur?
487 750 543 787 An
577 750 676 788 forte
716 750 784 788 Dei
822 752 1031 802 sententia,
1074 764 1170 801 quae
1203 754 1242 790 in
1276 754 1396 791 malos

64 813 102 846 et
147 807 303 857 angelos
343 813 381 845 et
418 807 594 845 homines
633 809 873 861 proferetur,
910 810 950 846 in
988 810 1144 859 angelos
1185 823 1273 849 vera
1313 813 1397 863 erit,

63 867 102 904 in
135 866 311 903 homines
344 863 465 903 salsa?
526 865 580 904 lta
613 866 723 916 plane
756 866 829 904 hoe
861 869 952 918 erit,
985 869 1017 904 si
1048 880 1125 905 non
1159 869 1260 918 quod
1294 869 1397 907 Deus

62 924 179 976 dixit,
217 924 283 962 sed
324 924 425 974 quod
465 926 713 974 suspicantur
745 924 921 962 homines
954 925 1040 975 plus
1072 926 1222 965 valebit.
1286 927 1395 972 Quod

63 983 149 1020 fieri
187 984 275 1032 quia
314 995 390 1020 non
430 988 578 1033 potest,
620 995 695 1020 non
735 985 997 1032 argumentari
1039 983 1224 1023 adversus
1262 985 1397 1037 Deum,

64 1040 132 1079 sed
165 1041 293 1078 divino
326 1042 472 1091 potius,
510 1040 603 1078 dum
643 1046 796 1091 tempus
830 1047 905 1092 est,
943 1041 1086 1079 debent
1117 1054 1255 1092 parere
1288 1056 1396 1093 prae-

63 1105 196 1150 cepto,
235 1100 299 1148 qui
340 1100 576 1148 sempiterno
617 1100 781 1148 cupiunt
819 1111 953 1137 carere
987 1099 1188 1149 supplicio.
1251 1100 1396 1139 Deinde

64 1157 175 1207 quale
203 1163 261 1194 est
288 1162 490 1195 aeternum
517 1156 749 1207 supplicium
777 1169 847 1207 pro
880 1158 968 1206 igne
1002 1157 1177 1196 diuturni
1209 1161 1397 1210 temporis

63 1217 284 1254 existimare
332 1220 369 1252 et
412 1216 527 1252 vitam
571 1221 765 1252 aeternam
816 1215 976 1253 credere
1022 1217 1103 1253 siue
1155 1218 1251 1268 fine,
1309 1230 1397 1255 cum

64 1273 242 1311 Christus
287 1272 422 1310 eodem
466 1274 550 1323 ipso
595 1272 700 1323 loeo,
743 1275 782 1310 in
827 1286 901 1311 una
947 1274 1159 1324 eademque
1205 1277 1396 1314 sententia

63 1332 204 1370 dixerit
230 1337 439 1381 utrumque
474 1330 714 1381 complexus:
748 1332 816 1369 Sic
849 1333 961 1369 ibunt
992 1334 1058 1370 iste·
1089 1335 1129 1370 in
1160 1336 1397 1381 suppliCe'um

65 1394 282 1436 aeternum,
316 1392 411 1427 iuste·
441 1395 572 1428 aulem
605 1392 643 1427 in
676 1392 795 1427 vitam
827 1387 1062 1428 aeternam?
1113 1390 1153 1428 Si
1186 1397 1397 1442 utrumque

64 1454 288 1499 aeternum,
328 1447 503 1497 profecto
551 1452 617 1485 aut
662 1453 872 1497 utrumque
921 1460 1009 1486 eum
1050 1448 1125 1486 fine
1167 1449 1397 1488 diuturnum

64 1512 130 1544 aut
149 1512 359 1556 utrumque
386 1507 468 1543 sine
496 1506 570 1543 fine
591 1511 823 1556 perpetuum
848 1505 963 1544 debet
982 1506 1164 1557 intellegi.
1214 1507 1289 1546 Par
1314 1510 1398 1558 pari

64 1566 169 1602 enim
210 1564 328 1602 relata
369 1569 479 1615 sunt,
523 1563 613 1601 hine
654 1564 886 1614 supplicium
926 1569 1149 1616 aeternum,
1193 1565 1282 1603 inde
1322 1568 1397 1605 vita

64 1629 233 1661 aeterna.
283 1622 419 1660 Dicere
445 1628 573 1660 autem
600 1623 639 1659 in
666 1621 738 1659 hoc
765 1634 841 1659 uno
875 1622 1088 1672 eodemque
1122 1635 1258 1662 sensu:
1288 1624 1396 1675 „Vita

65 1686 221 1719 aeterna
247 1682 329 1718 sine
356 1681 431 1718 fine
459 1682 545 1731 erit,
576 1679 807 1730 supplicium
836 1685 1037 1718 aeternum
1068 1681 1184 1718 finem
1216 1680 1398 1721 habebit“

65 1739 229 1777 multum
256 1738 467 1776 absurdum
494 1743 564 1776 est.
626 1737 748 1790 Unde,
774 1739 862 1788 quia
889 1739 963 1776 vita
990 1744 1145 1777 aeterna
1173 1746 1397 1779 sanctorum

66 1798 148 1835 sine
190 1797 266 1834 fine
308 1798 399 1843 erit,
442 1796 673 1846 supplicium
712 1808 867 1846 quoque
906 1802 1108 1835 aeternum
1148 1797 1290 1848 quibus
1322 1800 1398 1838 erit

65 1855 180 1893 finem
213 1854 350 1905 procul
381 1854 498 1892 dubio
530 1866 607 1892 non
639 1853 806 1892 habehit.

562 1954 714 1997 CAPUT
746 1956 900 1997 XXIV.

70 2030 218 2068 Contra
258 2041 395 2068 eorum
432 2041 605 2077 sensum,
643 2031 714 2077 qui
744 2032 785 2067 in
818 2031 968 2067 iudicio
1001 2030 1077 2068 Dei
1106 2031 1284 2068 omnibus
1315 2033 1396 2070 reis

137 2092 305 2136 propter
335 2092 565 2126 sanctorum
590 2099 735 2136 preces
762 2092 909 2136 putant
940 2100 1023 2125 esse
1050 2090 1313 2136 parcendum.

183 2156 264 2194 Hoc
302 2162 430 2194 autem
470 2162 509 2195 et
546 2157 730 2195 adversus
762 2169 829 2194 eos
861 2156 978 2208 valet,
1017 2159 1083 2207 qui
1116 2170 1205 2196 suas
1239 2164 1396 2209 agentes

65 2226 200 2253 causas
233 2219 367 2252 eontra
400 2214 469 2252 Dei
499 2216 631 2253 venire
669 2214 785 2253 verba
816 2214 921 2253 velut
952 2216 1217 2254 misericordia
1250 2218 1395 2255 maiore

159 2293 217 2336 21)
242 2291 305 2327 Mt.
333 2294 388 2333 25,
414 2295 469 2325 46.

135 2363 208 2382 Ano.
228 2363 269 2381 mv:
289 2362 348 2383 cxv.
369 2363 431 2382 nm.
468 2357 508 2382 11.
1068 2355 1114 2385 34

1424 761 1467 790 10

1423 1341 1467 1371 20

1423 1632 1467 1662 25

1423 1969 1468 2000 30
