1611 2465
60 739 102 768 10

61 1031 102 1061 15

61 1321 105 1352 20

65 1614 108 1644 25

63 1908 105 1937 30

128 105 212 146 332
668 113 694 138 S.
714 113 932 139 AUGUSTINI

127 206 263 255 utique
303 205 460 241 maioris
500 209 559 241 est
596 202 759 254 gloriae,
797 208 941 252 quanto
983 202 1163 241 meliores
1195 209 1287 241 sunt
1318 203 1465 254 lapides

128 264 221 314 vivi,
268 262 410 312 quibus
452 260 703 299 credentibus
753 262 1026 311 renovatisque
1071 263 1325 300 construitur.
1389 261 1463 300 Sed

127 321 214 359 ideo
247 333 317 371 per
357 321 682 358 instaurationem
713 318 848 370 templi
880 319 982 358 illius
1015 320 1229 370 significata
1262 326 1337 367 est,
1376 322 1466 371 quia

127 381 208 430 ipsa
242 379 440 417 renovatio
479 377 582 416 illius
621 377 786 415 aedificii
827 379 1018 427 significat
1049 378 1203 428 eloquio
1236 378 1465 429 prophetico

129 438 294 476 alterum
321 442 610 487 testamentum,
642 436 744 486 quod
772 436 987 487 appellatur
1013 449 1165 475 novum.
1229 436 1340 482 Quod
1373 449 1465 488 ergo

128 496 231 534 Deus
269 496 365 533 dixit
405 507 476 546 per
515 500 774 533 memoratum
811 494 1059 545 prophetam:
1098 496 1149 533 Ec
1185 497 1289 534 dabo
1323 507 1467 545 pacem

130 557 169 593 ἱη
201 557 288 592 loco
327 556 415 601 isto,
454 566 524 604 per
563 554 845 604 significantem
883 553 1011 592 locum
1049 553 1130 604 ille,
1171 555 1237 604 qui
1270 566 1315 591 eo
1349 555 1466 604 signi-

128 613 279 664 ficatur,
297 612 585 662 intellegendus
606 617 681 663 est3
703 617 756 663 ut,
790 613 878 662 quia
905 612 968 649 illo
995 612 1079 650 loco
1106 614 1321 651 instaurato
1348 614 1466 663 signi-

128 672 238 709 ficata
271 677 331 709 est
369 670 550 722 ecclesia,
595 682 700 721 quae·
727 670 853 708 suerat
885 670 1121 708 aedificanda
1154 683 1224 721 per
1256 670 1468 722 Christum,

129 729 224 768 nihil
257 729 359 767 aliud
399 730 629 780 accipiatur,
668 729 771 779 quod
805 729 951 767 dictum
991 734 1066 767 est:
1108 730 1222 768 Dabo
1248 741 1393 778 pacem
1426 732 1466 768 in

128 791 214 827 loco
247 790 331 836 isto,
364 789 439 826 nisi
470 787 593 839 „dabo
620 799 755 838 pacem
786 788 825 825 in
858 786 956 838 1000,
988 799 1104 837 quem
1136 788 1327 838 significat
1357 788 1467 826 locus

128 842 238 885 iste“.
291 846 482 891 Quoniam
509 847 636 884 omnia
663 846 919 895 significantia
946 846 1126 884 videntur
1153 846 1320 896 quodam
1352 846 1467 884 modo

129 917 264 943 earum
297 916 451 956 rerum,
489 916 586 955 quas
619 904 857 955 significant,
900 905 1094 942 sustinere
1126 916 1332 956 personas3
1364 906 1467 943 sicut

128 963 276 1002 dictum
317 968 377 1001 est
417 962 463 1001 ab
505 962 697 1014 apostolo:
740 963 864 1001 Petra
888 968 995 1001 =erat
1040 963 1239 1009 Christus,
1286 964 1468 1013 quoniam

128 1028 239 1073 petra
282 1021 365 1068 illa,
416 1022 463 1059 de
509 1033 584 1071 qua
627 1020 701 1059 hoc
741 1021 888 1059 dictum
930 1027 1009 1073 est,
1053 1021 1295 1071 significabat
1332 1022 1467 1071 utique

133 1080 342 1118 Christum.
417 1079 538 1117 Maior
589 1085 647 1117 est
696 1080 826 1130 itaque
871 1079 993 1129 gloria
1037 1080 1175 1117 domus
1219 1079 1335 1118 huius
1380 1081 1469 1118 novi

129 1140 354 1177 testamenti
405 1150 520 1188 quam
570 1138 708 1176 domus
758 1139 900 1188 prioris
945 1139 1088 1176 veteris
1132 1139 1380 1189 testamenti,
1430 1144 1469 1176 et

130 1203 223 1236 tunc
256 1196 457 1247 apparebit
489 1198 611 1234 maior
638 1208 727 1234 cum
759 1195 1012 1234 dedicabitur.
1074 1195 1184 1234 Tunc
1211 1198 1315 1234 enim
1342 1199 1471 1235 veniet

130 1257 383 1294 desideratus
427 1256 583 1294 eunetis
623 1256 825 1302 yentz'bus,
871 1256 972 1292 sicut
1011 1254 1153 1305 legitur
1196 1256 1234 1292 in
1280 1254 1468 1299 Hebraeo.

131 1313 227 1352 Nam
258 1315 410 1364 primus
437 1314 520 1351 eius
546 1312 734 1351 adventus
767 1311 937 1351 nondum
965 1318 1048 1351 erat
1073 1313 1316 1351 desideratus
1348 1314 1468 1351 omni-

129 1372 203 1411 bus
229 1371 422 1422 gentibus.
485 1371 570 1409 Non
604 1372 707 1409 enim
740 1383 855 1421 quem
888 1370 1078 1409 deberent
1117 1370 1340 1410 desiderare
1373 1373 1468 1409 scie-

129 1430 244 1482 bant,
290 1432 330 1468 in
378 1442 492 1480 quem
539 1441 617 1467 non
670 1429 928 1467 crediderant.
1008 1429 1119 1468 Tunc
1169 1431 1284 1468 etiam
1331 1441 1468 1468 secun-

130 1489 223 1527 dum
268 1489 512 1539 septuaginta
559 1489 796 1538 interpretes
845 1483 954 1539 (quia
1003 1494 1041 1526 et
1089 1489 1172 1539 ipse
1216 1488 1469 1538 propheticus

131 1559 270 1585 sensus
314 1542 394 1599 est)
440 1549 598 1585 venient
637 1558 741 1594 quae
781 1549 907 1585 electa
948 1552 1041 1585 sunt
1084 1548 1245 1585 Domini
1281 1548 1330 1585 de
1373 1558 1468 1586 cun-

135 1609 209 1645 ctis
240 1606 437 1654 qentibus.
509 1604 619 1643 Tunc
657 1606 760 1642 enim
794 1616 884 1642 vere
919 1616 998 1642 non
1036 1607 1193 1643 venient
1230 1606 1305 1643 nisi
1336 1604 1470 1657 electa,

131 1664 178 1703 de
218 1663 360 1714 quibus
398 1664 492 1701 dicit
529 1663 743 1714 apostolus:
783 1664 895 1702 Sicut
933 1666 1050 1711 eleqe't
1088 1675 1158 1702 nos
1190 1666 1229 1701 in
1262 1665 1345 1712 ipso
1377 1669 1471 1702 ante

131 1724 271 1761 mundi
295 1724 624 1761 constitutionem.
686 1721 772 1772 lpse
800 1723 942 1772 quippe
976 1721 1225 1772 architectus,
1258 1723 1324 1771 qui
1356 1721 1469 1760 dixit:

132 1782 253 1820 Multi
288 1783 439 1828 vocati,
474 1782 604 1828 pauci
640 1791 733 1818 vero
765 1783 900 1827 electi,
941 1792 1018 1818 non
1057 1779 1103 1818 de
1136 1779 1216 1831 his,
1248 1781 1315 1831 qui
1347 1781 1470 1818 vocati

132 1842 188 1878 sic
220 1843 429 1889 venerunt,
460 1844 504 1877 ut
535 1838 582 1876 de
615 1839 789 1876 convivio
822 1840 1115 1889 proicerentul,
1147 1837 1214 1876 sed
1247 1837 1294 1875 de
1335 1837 1470 1876 electis

132 1898 471 1936 demonstraturus
512 1902 572 1934 est
603 1896 842 1958 aedificatam
874 1896 1051 1948 domum,
1084 1908 1182 1946 quae
1215 1895 1358 1934 nullam
1391 1897 1468 1935 rui-

132 1968 221 1994 nam
248 1956 432 2005 deinceps
465 1953 697 1992 formidabit.
748 1933 870 1992 Nunc
903 1960 1044 2005 autem,
1076 1954 1228 2004 quando
1263 1959 1301 1992 et
1332 1954 1370 1992 hi
1408 1966 1467 1992 re—

228 2081 262 2122 7)
294 2080 386 2123 Agg.
421 2082 457 2121 2,
494 2082 545 2113 10.
599 2079 655 2120 14)
689 2082 717 2111 1.
752 2077 829 2112 Cor.
868 2081 925 2119 10,
959 2081 989 2112 4.
1044 2080 1099 2120 19)
1131 2078 1224 2122 Agg.
1257 2082 1296 2121 2,
1330 2082 1361 2114 8.
1412 2079 1470 2121 27)

132 2126 224 2170 Eph.
255 2132 284 2168 1,
311 2130 342 2160 4.
394 2127 453 2168 28)
480 2125 544 2158 Mt.
573 2128 628 2165 22,
658 2128 710 2158 14.

229 2282 272 2311 20
297 2277 397 2321 prius
423 2287 441 2309 v
461 2278 472 2319 11
493 2280 536 2310 ‘28
563 2278 685 2310 autem
711 2287 730 2309 v
