1548 2562
352 97 404 122 DE
423 96 610 123 CIVITATE
630 98 699 122 DEI
718 97 750 122 L.
770 97 849 122 ΧΠ.
869 97 898 123 c.
919 98 959 123 19.
979 98 1021 123 20.
1314 87 1370 128 43

42 186 293 237 repugnando
336 185 623 237 modificantur,
661 198 737 224 non
776 191 835 224 est
871 187 1006 236 utique
1045 187 1187 224 sanitas
1225 198 1271 224 ex
1304 198 1367 223 na-

42 250 141 295 tura,
175 244 242 285 sed
275 244 436 294 languor
462 256 506 281 ex
534 244 656 294 culpa.
718 244 828 289 Quod
861 249 988 282 autem
1020 246 1099 282 irae
1132 255 1248 294 opera
1281 244 1367 281 alia-

41 314 208 352 rumque
241 302 488 340 affectionum
525 303 562 339 in
602 301 822 352 quibusque
855 303 968 352 dictis
1000 307 1115 352 atque
1148 303 1258 340 factis
1290 314 1367 340 non

43 361 97 398 sic
124 360 326 398 abscondit
342 359 594 411 ,verecundia‚
625 366 668 398 ut
694 372 811 411 opera
835 360 1016 412 lihidinis,
1048 372 1145 411 quae
1176 361 1274 398 fiunt
1304 373 1367 411 ge-

17 418 225 458 .nitalibus
264 417 465 469 membris,
504 418 594 467 quid
633 430 769 456 causae
808 424 883 469 est,
921 420 995 457 nisi
1035 420 1123 468 quia
1154 420 1193 456 in
1226 420 1367 456 ceteris
1394 427 1412 456 5

41 475 214 514 membra
247 478 422 527 corporis
448 488 524 514 non
556 478 660 526 ipsae
694 477 927 529 affectiones,
960 477 1038 528 sed,
1070 489 1159 515 cum
1191 478 1246 515 eis
1278 488 1367 514 con-

42 536 221 587 senserit,
254 534 429 572 voluntas
460 540 607 586 movet,
640 546 737 584 quae
769 536 808 572 in
841 547 914 573 usu
947 547 1082 573 eorum
1114 536 1270 573 omnino
1303 535 1368 573 do-

40 590 239 631 minatur?
299 592 394 630 Nam
437 594 612 642 quisquis
643 592 805 630 verbum
838 594 977 631 emittit
1009 595 1131 631 iratus
1162 593 1221 631 vel
1253 595 1368 631 etiam

40 651 276 701 quemquam
305 652 499 702 percutit,
518 662 595 689 non
627 656 758 701 posset
789 650 861 688 hoc.
894 652 1033 703 facere,
1065 653 1139 689 nisi
1170 651 1299 702 lingua
1331 649 1370 689 et

39 721 177 747 manus
209 708 367 748 iubente
400 709 565 759 quodam
597 709 710 747 modo
743 709 937 747 voluntate
971 715 1236 760 moverentur3
1270 721 1367 759 quae
1396 718 1437 748 10

40 767 224 819 membra,
256 769 370 805 etiam
396 779 484 805 cum
511 768 566 805 ira
598 767 700 805 nulla
732 773 802 818 est,
834 773 1039 805 moventur
1071 767 1203 805 eadem
1236 768 1367 805 volun-

40 830 129 864 tate.
180 826 228 864 At
254 838 343 863 vero
370 825 555 875 genitales
588 829 763 876 corporis
795 832 926 876 partes
957 827 1009 863 ita
1041 825 1157 863 libido
1190 838 1260 864 suo
1293 827 1368 864 iuri

40 883 207 933 quodam
240 883 353 921 modo
386 885 635 935 mancipavit,
670 889 712 921 ut
744 885 889 921 moveri
921 896 998 921 non
1031 884 1191 934 valeant,
1224 885 1255 922 si
1287 886 1369 934 ipsa

41 941 210 980 desuerit
250 947 289 980 et
337 943 411 979 nisi
457 943 539 992 ipsa
582 941 642 979 vel
685 942 787 979 ultro
831 941 889 979 vel
933 944 1097 980 excitata
1141 944 1368 980 surrexerit.

40 998 122 1037 Hoc
150 1005 209 1038 est
235 999 338 1050 quod
363 999 495 1051 pudet,
526 1000 599 1038 hoc
626 1006 684 1038 est
710 1000 812 1050 quod
845 1001 1082 1038 intuentium
1115 999 1248 1038 oculos
1282 1012 1368 1038 eru·
1398 1008 1438 1039 15

40 1056 235 1096 bescendo
269 1058 427 1109 devitat3
466 1059 663 1108 magisque
697 1059 773 1096 fert
803 1058 917 1095 homo
951 1060 1209 1108 spectantium
1242 1058 1368 1096 multi-

41 1116 229 1167 tudinem,
261 1116 414 1166 quando
440 1117 583 1154 iniuste
616 1118 797 1154 irascitur
828 1116 986 1167 homini,
1019 1128 1131 1166 quam
1164 1116 1222 1154 vel
1255 1117 1370 1154 unius

39 1180 252 1226 aspectum,
285 1180 323 1212 et
354 1174 505 1224 quaudo
538 1176 638 1213 iuste
671 1176 857 1213 miscetur
889 1176 1012 1213 uxori.

564 1310 717 1352 CAPUT
750 1311 839 1352 XX.

267 1396 326 1435 De
357 1398 570 1435 vanissima
602 1398 850 1445 turpitudine
885 1397 1135 1445 Cynicorum.
1395 1404 1438 1435 20

158 1477 240 1516 Hoc
272 1477 325 1515 illi
358 1479 483 1515 canini
514 1477 754 1528 philosophi,
786 1477 859 1515 hoc
891 1484 949 1515 est
982 1477 1125 1529 Cynici,
1158 1490 1235 1515 non
1266 1478 1368 1515 vide-

40 1540 143 1588 runt,
174 1536 419 1587 proferentes
446 1542 580 1574 contra
608 1536 812 1574 humanam
839 1536 1109 1573 verecundiam
1142 1536 1233 1585 quid
1267 1535 1368 1574 aliud

40 1606 154 1645 quam
187 1596 374 1646 caninam,
405 1594 478 1632 hoc
505 1600 564 1632 est
595 1594 818 1632 inmundam
852 1594 1181 1644 inpudentemque
1215 1600 1368 1631 senten-

38 1649 159 1691 tiam?
191 1658 234 1690 ut
266 1652 430 1702 scilicet,
469 1654 649 1702 quoniam
691 1654 835 1690 iustum
868 1657 926 1689 est
958 1652 1060 1701 quod
1092 1653 1134 1690 fit
1164 1653 1203 1689 in
1236 1664 1369 1702 uxore,

38 1710 162 1760 palam
202 1722 279 1748 non
320 1710 462 1760 pudeat
499 1710 536 1747 id
581 1722 693 1760 agere
736 1722 807 1747 nec
839 1702 992 1748 in‘vico
1025 1716 1090 1748 aut
1122 1709 1245 1760 platea
1277 1722 1367 1759 qua·
1395 1717 1436 1747 25

38 1768 133 1806 libet
160 1768 400 1818 coniugalem
427 1767 676 1806 concubitum
710 1768 892 1806 devitare.
954 1767 1052 1806 V-icit
1083 1773 1211 1806 tamen
1244 1768 1369 1818 pudor

38 1826 224 1865 naturalis
264 1828 484 1877 opinionem
524 1826 639 1864 huius
678 1828 833 1864 erroris.
903 1826 997 1864 Nam
1037 1828 1110 1863 etsi
1151 1825 1369 1877 perhibent,

38 1883 112 1923 hoc
145 1884 348 1934 aliquando
380 1884 676 1935 gloriabundum
709 1883 1107 1934 fecisse'Diogenem‚
1148 1886 1200 1922 ita
1231 1889 1367 1934 putan-

40 1948 119 1980 tem
163 1948 306 1981 sectam
351 1955 458 1981 suam
503 1942 730 1980 nobiliorem
775 1943 965 1992 futuram,
1010 1944 1042 1980 si
1085 1944 1123 1979 in
1167 1942 1367 1980 hominum

40 2002 225 2039 memoria
255 2002 443 2051 insignior
475 2002 559 2039 eius
591 2001 815 2051 inpudentia
847 2001 1043 2051 figeretur,
1074 2006 1207 2050 postea
1239 2006 1368 2038 tamen
1394 2009 1438 2039 30

40 2070 60 2096 a
86 2058 239 2109 Cynicis
265 2060 349 2097 fieri
376 2065 569 2097 cessatum
596 2065 665 2110 est,
697 2059 861 2109 plusque
888 2058 1005 2097 valuit
1037 2058 1173 2110 pudor,
1205 2064 1248 2096 ut
1280 2071 1366 2096 eru-

38 2115 246 2155 bescerent
285 2117 462 2155 homines
505 2117 744 2168 hominibus,
785 2129 899 2167 quam
938 2128 1066 2167 error,
1110 2122 1153 2155 ut
1191 2116 1368 2155 homines

133 2257 150 2286 1
179 2253 416 2298 repugnando
442 2263 531 2294 mss;
557 2253 772 2287 refrenando
798 2263 818 2286 v
