1611 2465
116 750 156 780 10

115 1146 156 1176 15

114 1462 157 1492 20

116 2045 158 2075 30

183 118 268 158 480
721 126 747 152 s.
767 125 985 152 AUGUSTIM

184 218 309 255 cerint
341 216 589 254 dilectionem
615 215 741 253 Patris
773 216 813 253 in
839 214 989 253 Filium.
1053 214 1165 260 Quod
1197 227 1289 253 vero
1322 217 1517 266 seqnitur:

184 275 235 313 Et
277 286 349 314 cor
386 276 554 313 hominis
593 275 649 312 ad
679 275 908 323 proximum
946 285 1077 320 suum,
1122 273 1159 311 id
1198 280 1274 325 est,
1318 280 1518 313 convertet

183 333 311 371 Helias
350 338 388 370 et
427 344 493 371 cor
531 332 699 370 hominis
738 331 784 370 ad
822 333 1043 382 proximum
1076 343 1213 370 suum:
1255 332 1347 383 quid
1379 332 1518 371 melius

184 391 423 441 intellegitur
468 402 583 441 quam
633 402 700 429 eor
744 390 910 428 hominis
960 389 1006 428 ad
1053 389 1249 429 hominem
1291 388 1519 430 Christum?

184 450 280 488 Cum
322 451 426 488 enim
466 450 516 487 sit
552 450 592 488 in
630 449 753 487 forma
785 448 853 487 Dei
891 448 993 487 Deus
1032 454 1183 501 noster,
1220 449 1384 489 formam
1416 450 1519 488 servi

184 509 378 558 accipiens
412 519 496 546 esse
536 507 716 559 dignatus
758 514 817 546 est
849 509 964 546 etiam
995 508 1196 558 proximus
1229 513 1374 546 noster.
1435 507 1518 546 Hoc

185 579 275 617 ergo
304 567 418 604 faciet
444 566 583 605 Helias.
647 567 705 605 Ne
725 565 844 615 forte,
876 567 1013 616 inquit,
1045 568 1200 605 veniam
1227 572 1266 605 et
1290 569 1518 616 percutiam

184 631 334 664 terram
371 627 541 674 penitus.
603 624 725 663 Terra
767 630 858 662 sunt
895 626 1015 676 enim,
1054 626 1120 674 qui
1158 631 1313 663 terrena
1353 627 1518 676 sapiunt,

183 685 284 722 siout
322 683 453 721 Iudaei
494 683 667 721 carnales
709 695 833 733 usque
878 694 999 733 nunc;
1041 695 1088 720 ex
1131 695 1206 733 quo
1250 685 1341 722 vitio
1384 689 1518 722 contra

183 741 304 780 Deum
338 754 539 780 murmura
571 741 633 780 illa
666 747 874 780 venerunt:
919 742 1022 787 Quia
1053 744 1150 780 mali
1180 744 1219 780 ei
1243 745 1423 793 placent,
1462 747 1517 780 et:

194 801 325 839 Vanus
358 806 415 839 est
446 803 516 849 qui
543 802 668 839 servit
698 800 791 839 Deo.

695 936 846 980 CAPUT
878 936 1008 997 XXX.

193 1024 305 1069 Quod
335 1025 375 1061 in
401 1024 514 1061 libris
540 1025 684 1062 veteris
717 1025 949 1071 testamenti,
982 1034 1071 1061 eum
1096 1022 1205 1060 Deus
1236 1023 1384 1071 leqitur
1416 1023 1516 1061 iudi-

183 1086 368 1129 caturus,
408 1093 485 1120 non
524 1083 728 1120 evidenter
764 1082 914 1120 Christi
943 1092 1119 1130 persona
1151 1086 1410 1127 monstretur,
1448 1082 1520 1120 sed

213 1151 264 1177 ex
296 1141 533 1188 quibusdam
567 1142 808 1187 testimoniis,
841 1141 911 1178 ubi
940 1140 1132 1178 Dominus
1163 1139 1271 1177 Deus
1302 1141 1488 1187 loquitur,

337 1203 535 1247 appareat
565 1209 643 1237 non
676 1199 805 1246 dubie,
837 1200 944 1246 quod
974 1200 1056 1247 ipse
1086 1200 1138 1236 sit
1174 1198 1362 1236 Christus.

300 1279 419 1318 Multa
463 1279 534 1317 alia
579 1285 669 1318 sunt
714 1281 998 1330 scripturarum
1038 1279 1260 1317 testimonia
1300 1279 1517 1317 divinarum

184 1339 229 1377 de
262 1339 471 1376 novissimo
509 1337 652 1376 iudicio
685 1337 771 1390 Dei,
811 1350 908 1388 quae
948 1339 981 1375 si
1012 1338 1140 1376 omnia
1172 1336 1365 1389 colligam,
1403 1339 1518 1376 nimis

185 1397 343 1447 longum
384 1398 469 1434 erit.
533 1395 634 1434 Satis
667 1408 758 1447 ergo
792 1398 858 1448 sit,
897 1396 1000 1446 quod
1039 1401 1077 1434 et
1108 1397 1218 1434 novis
1250 1401 1289 1434 et
1320 1395 1518 1434 veteribus

186 1455 324 1493 litteris
363 1456 482 1492 sacris
520 1454 593 1492 hoc
642 1456 958 1506 praenuntiatum
996 1466 1081 1492 esse
1120 1452 1378 1504 probavimus.
1441 1453 1518 1493 Sed

186 1513 381 1551 veteribus
414 1525 484 1564 per
511 1512 709 1551 Christum
742 1514 918 1551 futurum
950 1524 1035 1551 esse
1068 1512 1267 1564 iudicium,
1298 1511 1338 1550 id
1369 1518 1428 1551 est
1459 1514 1516 1552 iu-

185 1572 313 1609 dicem
347 1570 547 1610 Christum
579 1571 626 1609 de
659 1571 765 1609 caelo
798 1583 884 1610 esse
916 1577 1137 1618 venturum,
1170 1583 1248 1609 non
1281 1576 1370 1624 tam,
1402 1583 1517 1622 quam

185 1631 311 1681 novis,
351 1629 550 1668 evidenter
583 1641 813 1681 expressum
845 1635 921 1681 est,
959 1634 1166 1680 propterea
1199 1630 1306 1681 quia,
1343 1641 1432 1669 cum
1463 1628 1518 1668 ibi

186 1688 279 1726 dicit
304 1687 492 1726 Dominus
519 1687 623 1726 Deus
649 1700 690 1726 se
717 1700 803 1726 esse
836 1694 1044 1726 venturum
1076 1686 1135 1725 vel
1161 1687 1368 1726 Dominum
1394 1687 1517 1726 Deum

118 1776 133 1783 ..
186 1746 328 1784 dicitnr
356 1758 440 1784 esse
467 1752 688 1798 venturum,
720 1758 797 1784 non
830 1751 1116 1797 consequenter
1141 1745 1379 1796 intellegitur
1406 1746 1514 1784 Chri-

186 1811 279 1843 stus.
342 1803 530 1842 Dominus
557 1806 660 1843 enim
688 1804 790 1843 Deus
818 1810 856 1843 et
880 1804 996 1843 Pater
1024 1810 1084 1842 est
1115 1809 1153 1842 et
1178 1803 1298 1842 Filius
1331 1809 1369 1842 et
1395 1804 1514 1855 Spiri-

187 1870 248 1901 tus
281 1868 456 1914 sanetus3
495 1874 621 1913 neque
660 1862 732 1900 hoc
771 1869 899 1901 tamen
931 1864 1158 1901 intestatum
1190 1861 1412 1913 relinquere
1445 1874 1516 1900 nos

185 1927 349 1972 oportet.
411 1920 542 1959 PrImo
593 1922 723 1971 itaque
774 1920 1120 1959 demonstrandum
1171 1926 1253 1971 est,
1304 1932 1420 1970 quem
1469 1920 1515 1958 ad

187 1979 342 2017 modum
381 1979 490 2017 Iesus
529 1978 707 2018 Christus
747 1985 944 2029 tamqnam
982 1978 1168 2016 Dominus
1200 1977 1303 2016 Deus
1334 1978 1515 2029 loquatur

187 2039 224 2075 in
263 2037 501 2088 propheticis
540 2037 667 2088 libris,
712 2043 750 2075 et
788 2043 915 2075 tamen
959 2036 1066 2074 lesus
1100 2036 1277 2074 Christus
1316 2037 1516 2076 evidenter

185 2102 378 2147 appareat,
411 2102 452 2134 ut
479 2101 516 2134 et
543 2095 696 2146 quando
723 2107 801 2134 non
834 2096 889 2133 sic
922 2100 1080 2146 apparet
1112 2101 1150 2133 et
1182 2100 1310 2134 tamen
1342 2094 1389 2133 ad
1421 2094 1515 2134 illud

281 2189 335 2226 11)
363 2184 448 2219 Mal.
477 2189 508 2228 2,
537 2189 596 2227 17;
623 2188 655 2228 3,
684 2188 737 2219 14.

278 2293 317 2322 31
349 2289 398 2322 sie
424 2300 497 2323 non
521 2300 540 2323 v
