1548 2562
373 142 426 166 DE
446 140 634 166 CIVITATE
653 140 723 165 DEI
741 140 774 165 L.
794 139 892 164 xxn.
912 139 941 165 o.
962 140 1002 164 17.
1023 140 1065 164 18.
1287 129 1374 170 595

38 231 131 270 dum
157 232 321 281 quisque
349 241 486 268 eorum
512 229 625 267 vellet
656 228 829 266 defuncti
862 240 1006 275 semen,
1038 229 1139 266 sicut
1170 227 1232 265 lex
1263 240 1371 278 prae-

40 295 213 340 ceperat,
253 289 439 326 excitare:
484 288 663 335 Erratis,
701 287 846 337 inquit,
883 288 1104 325 nescientes
1134 288 1373 334 scripturas,

38 359 165 395 neque
196 349 380 386 virtutem
411 347 508 392 De2‘;
546 351 585 384 et
616 356 704 383 eum
735 343 845 382 locus
878 350 991 395 esset,
1023 349 1067 383 ut
1098 344 1263 383 diceret:
1294 343 1373 396 „De

40 417 114 456 qua
141 406 244 443 enim
270 416 331 443 me
356 405 618 454 interrogatis,
649 404 707 440 vir
733 404 808 440 erit
834 403 947 440 etiam
973 404 1068 453 ipsa,
1094 414 1171 440 non
1197 399 1374 454 mulier“,

39 476 116 502 non
154 463 227 501 hoc
266 463 379 515 dixit,
417 462 484 501 sed
522 461 635 500 dixit:
680 461 729 499 In
767 463 1066 499 resurreetione
1104 463 1206 500 enlm
1246 472 1373 509 neque
1400 468 1419 498 5

39 522 189 560 nubent
219 532 346 569 neque
377 532 526 560 uxores
559 522 723 566 ducent,
753 520 827 557 sed
855 524 975 558 erunt
1004 521 1109 558 sieut
1139 521 1276 567 anyelt
1299 519 1377 558 Dei

41 582 81 618 in
120 582 254 626 eaelo;
292 579 472 630 aequales
509 579 644 628 utique
684 576 828 627 angelis
869 576 1146 616 inmortalitate
1179 589 1221 615 ac
1255 577 1373 615 felici-

40 644 139 690 tate,
180 649 259 676 non
291 649 425 690 earne3
464 638 566 675 sieut
603 648 675 674 nec
713 637 1021 687 resurrectione,
1061 648 1135 686 qua
1167 647 1245 674 non
1277 635 1374 674 indi-

40 701 210 746 guerunt
250 695 395 747 angeli,
440 696 623 746 quoniam
665 706 737 732 nee
777 694 877 732 mori
916 699 1140 744 potuerunt.
1211 694 1376 745 Nuptias

41 766 132 805 ergo
165 753 352 792 Dominus
384 754 536 792 futuras
569 765 654 791 esse
692 753 844 802 negavit
876 753 915 790 in
947 753 1259 804 resurrectione,
1297 764 1375 791 non
1405 760 1444 790 10

41 813 222 863 feminas,
255 818 293 850 et
324 811 377 850 ibi
409 813 581 862 negavit,
619 810 687 849 ubi
724 811 810 849 talis
844 812 1019 861 quaestio
1052 810 1296 863 vertebatur,
1334 816 1377 849 ut

41 882 125 909 eam
167 875 305 921 negato
339 882 433 909 sexu
472 868 654 908 muliebri
693 868 880 907 celeriore
922 868 1103 907 facilitate
1137 868 1378 921 dissolveret,

42 930 73 966 si
112 940 200 966 eum
237 927 293 966 ibi
324 933 600 979 praenosceret
632 939 709 966 non
742 927 936 978 futurum,
976 928 1093 965 immo
1127 928 1242 965 etiam
1274 927 1376 965 sutu-

1 1031 4 1035 ἶ
41 999 130 1025 rum
162 998 247 1025 esse
280 986 445 1025 firmavit
477 985 661 1025 dicendo:
691 987 778 1024 Non
809 986 967 1033 nubent,
1001 985 1103 1035 quod
1136 985 1182 1023 ad
1214 986 1378 1023 feminas

41 1046 223 1096 pertinet,
254 1057 328 1084 nee
359 1056 507 1084 uxores
535 1047 692 1091 ducent,
725 1043 827 1094 quod
861 1043 906 1081 ad
939 1045 1052 1081 viros.
1114 1043 1242 1081 Erunt
1273 1055 1377 1094 ergo,
1406 1051 1446 1082 15

43 1115 140 1154 quae
183 1103 242 1141 vel
282 1102 429 1141 nubere
468 1103 531 1141 hie
571 1102 716 1153 solent,
756 1101 816 1139 vel
855 1101 998 1140 ducere
1032 1113 1192 1152 uxores3
1224 1102 1292 1140 sed
1324 1101 1378 1139 ibi

42 1173 119 1200 non
153 1161 305 1200 sacient.

541 1250 694 1292 CAPUT
725 1250 883 1291 XVIII.

43 1336 103 1374 De
134 1338 220 1374 vtro
248 1334 441 1385 perfecto,
475 1337 518 1373 id
547 1340 605 1374 est
641 1335 816 1381 Christo,
850 1339 888 1373 et
919 1346 1090 1383 corpore
1121 1337 1216 1382 eius,
1250 1336 1294 1372 td
1323 1339 1381 1373 est

313 1396 493 1445 ecclesia,
525 1405 628 1441 quae
660 1397 718 1432 est
748 1395 870 1442 ipsius
898 1394 1113 1441 plenitudo.
1406 1424 1448 1454 ‘30

161 1474 330 1513 Proinde
372 1475 475 1525 quod
518 1476 569 1512 ait
610 1473 828 1526 apostolus,
866 1486 1102 1512 occursuros
1140 1485 1210 1511 nos
1243 1486 1378 1512 omnes

45 1535 83 1572 in
117 1535 242 1572 virum
268 1533 498 1584 perfeetum,
530 1533 651 1571 totius
680 1533 802 1583 ipsius
835 1533 1168 1570 circumstantiam
1200 1531 1379 1570 lectionis

44 1591 291 1630 considerare
324 1591 534 1642 debemus,
579 1603 676 1641 quae
714 1592 767 1629 ita
800 1603 839 1629 se
873 1590 1005 1628 hahet:
1055 1592 1133 1637 Qut
1163 1591 1378 1637 deseendit,

44 1651 188 1701 inquit,
227 1652 310 1699 ipse
348 1654 406 1688 est
443 1654 480 1688 et
516 1651 586 1697 qul
626 1650 809 1688 ascendit
837 1661 958 1698 super
991 1660 1123 1687 omnes
1155 1651 1304 1696 caelos,
1336 1652 1381 1686 ut

45 1710 282 1757 adimpleret
318 1710 460 1746 omnia.
522 1708 574 1745 Et
611 1709 693 1756 ipse
734 1708 841 1745 dedit
873 1709 1063 1755 quosdam
1095 1708 1253 1755 quidem
1286 1718 1378 1755 apo-
1407 1714 1448 1744 25

43 1769 179 1813 Stolos,
211 1767 402 1814 quosdam
440 1770 571 1805 autem
597 1766 832 1814 prophetas,
864 1767 1056 1814 quosdam
1087 1777 1180 1803 vero
1212 1776 1379 1812 evcmye-

44 1826 174 1872 listas,
213 1825 403 1872 quosdam
442 1829 572 1863 autem
607 1830 789 1872 pastores
826 1828 863 1862 et
901 1825 1083 1862 doctores
1115 1824 1171 1861 ad
1200 1834 1378 1861 eonsum-

47 1884 258 1921 mate'onem
282 1887 513 1921 sanctorum
539 1884 579 1920 in
606 1893 703 1931 opus
734 1883 954 1931 ministerii,
987 1884 1028 1920 in
1060 1882 1380 1928 aedificationem

46 1942 227 1989 eorporis
269 1940 434 1988 Christi,
476 1942 601 1979 donee
641 1951 905 1979 occurramus
943 1951 1074 1978 omnes
1116 1941 1156 1977 m
1188 1941 1379 1977 unitatem

44 2000 141 2045 fidei
165 2003 202 2037 et
227 2000 469 2046 manitionem
491 2001 569 2045 stlte·
593 1999 679 2046 Dei,
712 2001 753 2036 2'72
778 2000 908 2036 virum
933 1997 1170 2048 perfeetum,
1203 1999 1242 2035 in
1274 2008 1377 2035 men·
1405 2006 1449 2035 30

45 2068 182 2094 suram
221 2059 363 2094 aetatis
395 2058 658 2105 plenitudinis
700 2057 868 2102 Christ&
912 2062 954 2094 ut
995 2058 1103 2094 ultra
1140 2066 1218 2093 mm
1258 2057 1380 2093 simus

140 2147 176 2189 3)
201 2145 265 2180 Mt.
293 2148 347 2187 22,
375 2149 429 2179 29.
482 2147 515 2188 7)
540 2144 605 2178 Mt.
633 2148 689 2186 22,
715 2148 770 2179 30.

141 2254 162 2285 6
187 2250 294 2284 erunt
312 2248 368 2291 R;
394 2251 478 2283 sunt
496 2250 553 2283 Av
572 2251 584 2293 ΙΙ
605 2253 647 2283 16
672 2249 732 2283 uel
759 2249 821 2292 qui
847 2249 979 2284 ducere
1000 2259 1016 2283 e
1033 2251 1045 2292 Η
1067 2253 1106 2283 17
1136 2259 1209 2283 non
1228 2248 1282 2290 R3
1308 2249 1379 2283 hoc

47 2307 120 2331 non
145 2297 296 2340 Av1124
321 2296 384 2340 qui
410 2297 447 2330 et
470 2295 525 2338 R‚-
551 2297 589 2330 et
612 2306 676 2330 om.
704 2296 759 2338 A,·
784 2296 843 2330 sed
869 2296 912 2338 ef.
939 2299 1022 2338 211,
1050 2299 1074 2330 2

1022 2354 1098 2388 38*
