1611 2465
89 713 129 743 10

86 1005 128 1035 15

85 1298 128 1328 20

86 1588 128 1617 25

85 1878 128 1909 30

154 80 240 121 482
695 88 721 114 s.
742 88 959 116 Anausmnss

155 181 260 218 mino
310 180 576 229 omnipotente
619 189 660 216 se
712 179 884 216 missum.
965 177 1060 223 Quis
1100 178 1163 217 hie
1200 179 1341 218 audeat
1378 181 1491 220 intel-

154 237 284 289 legere
317 239 392 276 nisi
424 236 622 275 Christum
655 235 892 287 loquentem,
923 236 1073 275 scilicet
1103 236 1240 276 ovibus
1273 250 1371 288 quae
1402 251 1490 290 per—

154 298 283 335 ierant
312 296 449 334 domus
475 291 622 332 lsrael?
671 295 734 332 Ait
760 306 928 345 namque
959 296 999 333 in
1032 295 1247 346 evangelio:
1288 298 1375 336 Non
1405 309 1492 336 sum

155 357 295 393 missus
333 355 412 392 nisi
448 354 504 392 ad
538 364 628 392 oves
659 365 762 401 quae
788 355 1003 402 perierunt
1033 355 1171 393 domus
1203 355 1355 401 Israel;
1395 368 1492 406 quas

155 412 218 451 hic
251 412 488 462 comparavit
517 410 686 462 pupillae
707 411 810 450 oculi
829 411 899 450 Dei
930 417 1091 463 propter
1123 412 1492 453 excellentissimum

156 471 373 509 dilectionis
423 470 622 521 affectum3
672 481 719 508 ex
769 482 846 521 quo
890 482 1034 520 genere
1085 472 1212 509 ovium
1257 473 1374 510 etiam
1416 474 1493 524 ipsi

155 528 320 580 apostoli
351 528 523 567 fuerunt.
586 527 663 567 Sed
699 533 789 579 post
826 528 987 579 gloriam
1019 531 1322 568 resurrectionis
1354 532 1491 581 utique

156 599 248 626 suae
289 582 410 638 (quae
449 592 656 637 antequam
693 586 825 639 fieret,
864 588 916 625 ait
953 587 1207 638 evangelista:
1252 588 1364 627 Iesus
1395 600 1491 628 non·

156 647 250 685 dum
280 650 372 684 erat
397 641 670 698 glorificatus)
709 646 826 683 etiam
867 657 985 696 super
1017 651 1152 696 gentes
1185 647 1329 685 missus
1361 652 1421 686 est
1451 649 1491 686 in

156 703 342 755 apostolis
374 705 472 755 suis,
509 715 553 742 ac
591 705 647 741 sic
685 703 888 754 impletum
919 708 980 742 est
1011 704 1114 754 quod
1146 706 1187 742 in
1218 704 1366 756 psalmo
1397 705 1490 756 legi—

156 768 237 801 tur:
268 763 399 801 Erues
431 774 491 801 me
517 763 566 802 de
590 763 978 801 contradictionibus
1004 764 1154 812 populi,
1187 766 1400 803 constitues
1430 775 1492 803 me

156 824 196 860 in
228 826 352 870 caput
378 823 574 869 qenti'um,
616 826 676 872 ut,
715 822 781 871 qui
814 820 1073 871 spoliaverant
1103 819 1298 860 Israelitas
1330 821 1490 872 quibus-

156 892 230 930 que
269 879 466 918 Israelitae
505 879 739 931 servierant,
784 879 937 930 quando
976 884 1068 918 sunt
1111 879 1292 930 gentibus
1332 879 1491 932 subditi,

156 950 232 976 non
276 939 447 976 vicissim
486 937 623 976 eodem
661 937 775 975 modo
815 937 1102 990 spoliarentur,
1146 938 1214 976 sed
1255 940 1330 989 ipsi
1370 938 1492 990 spolia

155 997 293 1035 fierent
319 995 583 1034 Israelitarum
609 992 700 1047 (hoc
728 996 830 1034 enim
856 988 1040 1046 apostolis
1072 997 1306 1047 promiserat
1336 996 1491 1037 dicens:

154 1056 322 1094 Faciam
354 1066 420 1093 vos
447 1056 673 1104 piscatores
704 1055 921 1102 hominum,
955 1059 994 1093 et
1024 1055 1093 1093 uni
1125 1066 1279 1093 eorum:
1320 1055 1386 1094 Ex
1416 1057 1492 1095 hoc

155 1115 250 1161 iam,
294 1114 437 1163 inquit,
481 1113 657 1152 homines
696 1114 777 1151 eris
815 1108 1020 1165 capiens);
1064 1112 1184 1163 spolia
1217 1125 1308 1164 ergo
1340 1113 1492 1166 fierent,

154 1171 221 1210 sed
253 1173 293 1210 in
325 1171 483 1223 bonum,
515 1176 712 1221 tamquam
743 1176 876 1220 erepta
909 1181 996 1208 vasa
1027 1170 1082 1208 illi
1113 1171 1218 1222 forti,
1250 1171 1319 1209 sed
1350 1171 1491 1211 fortius

154 1229 318 1280 alligato.

270 1287 369 1326 Item
405 1298 477 1338 per
515 1286 682 1325 eundem
719 1286 950 1338 prophetam
991 1285 1180 1325 Dominus
1220 1287 1402 1338 loquens:
1440 1289 1494 1327 Et

155 1349 249 1398 erit,
286 1347 433 1397 inquit,
473 1347 513 1384 in
553 1346 618 1384 die
659 1347 728 1384 illa
767 1355 962 1393 quaeram
993 1344 1162 1393 auferre
1193 1357 1325 1385 omnes
1353 1352 1492 1395 ,qentes

154 1417 258 1453 quae
289 1406 451 1443 veniunt
483 1408 627 1443 contra
657 1404 928 1451 Hierusalem,
967 1409 1006 1443 et
1037 1403 1241 1451 effundam
1271 1416 1394 1454 super
1425 1407 1491 1444 do-

154 1474 258 1502 mum
302 1463 437 1501 David
478 1467 517 1501 et
556 1474 679 1511 super
722 1463 969 1501 habitatores
1012 1462 1264 1501 Hierusalem
1307 1465 1493 1512 spiritum

152 1523 315 1570 qratiae
359 1525 397 1560 et
438 1521 765 1566 misericordiam
815 1525 851 1559 et
894 1521 1092 1569 aspicient
1133 1521 1190 1559 ad
1230 1532 1290 1560 me
1328 1533 1406 1570 pro
1447 1533 1492 1561 eo

155 1581 262 1629 quod
291 1581 595 1627 insultaverunt,
628 1583 666 1618 et
691 1581 885 1628 planyent
914 1590 1035 1627 super
1067 1589 1112 1617 eo
1139 1581 1346 1628 planctum
1377 1582 1496 1628 quasi

154 1650 276 1688 super
312 1639 586 1685 carissimum,
625 1643 662 1676 et
700 1638 887 1676 dolebunt
924 1638 1060 1676 dolore
1099 1639 1217 1685 quasi
1251 1649 1373 1686 super
1403 1640 1491 1677 uni-

152 1698 341 1745 gentium.
403 1695 601 1746 Numquid
645 1696 721 1734 nisi
761 1694 831 1733 Dei
875 1700 935 1733 est
978 1695 1132 1733 auferre
1176 1706 1312 1733 omnes
1355 1701 1492 1746 gentes

155 1756 331 1793 inimicas
364 1760 518 1792 sanctae
546 1755 710 1792 civitatis
735 1752 992 1804 Hierusalem,
1024 1765 1123 1804 quae
1155 1755 1319 1792 veniunt
1348 1758 1492 1793 contra

156 1825 260 1865 eam,
292 1812 330 1851 id
364 1818 423 1851 est
455 1813 671 1851 contrariae
704 1817 796 1851 sunt
827 1813 881 1863 ei,
912 1810 990 1863 vel,
1021 1812 1124 1850 sicut
1154 1811 1218 1850 alii
1250 1817 1342 1850 sunt
1372 1813 1491 1850 inter-

156 1873 308 1923 pretati,
340 1872 503 1910 veniunt
533 1882 654 1920 super
685 1881 782 1922 eam,
813 1870 851 1908 id
883 1875 954 1921 est,
988 1875 1029 1908 ut
1060 1881 1144 1908 eam
1177 1868 1250 1907 sibi
1282 1869 1492 1921 subiciant3

157 1937 218 1969 aut
241 1929 441 1968 effundere
463 1940 581 1980 super
602 1928 759 1967 domum
780 1927 897 1966 David
918 1933 957 1966 et
983 1939 1101 1978 super
1127 1926 1364 1966 habitatores
1391 1929 1491 1966 eius-

156 1988 244 2026 dem
271 1989 436 2027 civitatis
463 1988 642 2038 spiritum
667 1988 813 2037 gratiae
835 1991 873 2024 et
892 1983 1210 2024 misericordiae?
1253 1984 1335 2024 Hoc
1355 1987 1490 2036 utique

250 2080 285 2119 4)
312 2077 375 2111 Mt.
405 2080 464 2120 15,
492 2080 547 2110 24.
598 2076 633 2119 9)
660 2075 710 2110 10.
738 2079 778 2118 7,
806 2078 860 2109 39.
914 2076 971 2118 12)
998 2073 1054 2109 Ps.
1083 2078 1144 2118 17,
1177 2077 1232 2109 44.
1285 2075 1340 2117 16)
1366 2073 1431 2108 Mt.
1459 2077 1491 2116 4,

158 2127 210 2157 19.
263 2126 320 2167 17)
348 2123 408 2157 Le.
436 2127 467 2166 5,
495 2126 548 2158 10.
599 2124 657 2164 27)
684 2121 791 2156 Zach.
820 2124 874 2164 12,
901 2124 920 2155 9
948 2132 999 2164 sq.

250 2254 294 2285 25
320 2254 352 2284 et
376 2263 409 2294 p.
438 2254 517 2292 483,
543 2254 564 2284 4
592 2260 700 2294 super
725 2260 768 2284 eo
793 2248 928 2293 RAeq;
954 2258 1061 2292 super
1087 2258 1171 2282 eum
1194 2257 1215 2282 v
1234 2248 1246 2292 ΙΙ
1264 2247 1415 2292 planetu
1439 2257 1462 2291 9
