1495 2489
33 686 72 716 10

32 979 71 1009 15

29 1271 73 1301 20

29 1562 73 1593 25

30 1854 73 1885 30

99 54 156 95 40
636 62 662 88 s.
682 62 900 89 Avensa-nu

100 153 232 203 ditque
264 153 458 191 confusos
520 152 618 190 Hinc
651 158 709 190 est·
740 152 860 203 quod,
893 158 1027 204 postea
1061 166 1175 204 quam
1207 155 1429 194 mandatum

100 211 168 249 Dei
200 218 331 262 aperta
363 212 672 261 transgressione
704 210 914 263 violarunt,
947 213 1134 263 scriptum
1167 218 1226 251 est
1257 213 1304 251 de
1335 213 1428 253 illis:

101 271 151 308 Et
181 272 314 319 aperte?
347 274 439 308 sunt
476 272 582 307 oculi
618 270 823 307 amborum
854 274 893 308 et
923 277 1172 318 aynoverunt
1201 274 1296 320 quia
1328 274 1429 311 nudi

100 334 227 376 erant,
260 325 566 367 et'consuermzt
586 327 686 375 folia
708 330 782 374 fici
805 333 843 366 et
862 327 1050 376 fecerunt
1074 331 1152 368 sibe·
1175 333 1427 379 campestria.

100 388 243 436 Apertz'
271 392 379 433 sunt,
423 387 567 437 inquit,
611 388 718 425 ocule·
753 387 977 434 amborum,
1022 399 1097 425 non
1131 388 1176 426 ad
1210 388 1428 441 videndum,

101 457 187 483 nam
219 451 258 483 et
283 450 393 483 antea
419 444 611 494 videbant,
643 444 710 482 sed
742 444 786 483 ad
819 445 1119 484 discernendum
1150 448 1252 485 inter
1283 447 1428 486 bonum

101 504 203 554 quod
230 505 438 541 amiserant
464 508 503 541 et
528 502 668 541 malum
696 515 778 553 quo
799 503 1028 543 ceciderant.
1091 504 1199 543 Unde
1232 511 1270 544 et
1301 508 1428 556 ipsum

100 562 257 612 lignum,
289 573 334 599 eo
361 561 462 611 quod
484 563 595 599 istam
622 562 767 599 faceret
793 562 1109 614 dignoscentiam,
1142 565 1173 601 si
1199 564 1245 602 ad
1271 576 1427 602 vescen-

100 620 191 658 dum
225 625 360 657 contra
392 621 552 658 vetitum
584 625 825 672 tangeretur,
865 632 912 658 ex
943 633 987 658 ea
1018 633 1060 659 re
1093 633 1234 660 nomen
1267 624 1429 674 accepit,

101 685 143 716 ut
169 678 428 728 appellaretur
453 678 599 728 lignum
627 678 773 716 sciendi
798 678 890 717 boni
917 684 955 717 et
985 679 1084 717 mali.
1122 679 1291 730 Experta
1325 682 1428 718 enim

100 736 225 774 morbi
268 736 443 774 molestia
485 737 699 775 evidentior
739 737 782 775 fit
826 739 940 775 etiam
981 737 1201 776 iucunditas
1243 740 1427 777 sanitatis

104 796 380 843 Coqnoverzmt
405 807 497 845 ergo
524 797 619 843 quia
645 797 746 833 nude·
769 801 896 842 erant,
929 796 1063 834 nudati
1089 796 1237 834 scilicet
1269 809 1311 835 ea
1343 809 1427 847 gra-

99 855 162 905 tia,
195 865 269 904 qua
302 853 417 892 fiebat
455 859 497 892 ut
535 853 688 891 nuditas
721 855 896 904 corporis
929 854 1032 892 nulla
1065 866 1131 892 eos
1163 854 1246 905 lege
1278 857 1428 906 peccati

100 904 221 950 menti
251 924 388 950 eorum
414 918 654 962 repugnante
682 913 950 950 confunderet.
1011 912 1095 955 Hoc
1125 914 1254 963 itaque
1288 925 1427 965 cogno·
1458 921 1464 926 ’

99 976 250 1018 verunt,
283 971 385 1021 quod
412 970 564 1008 felicius
589 972 825 1021 ignorarent,
858 972 889 1008 si
915 970 994 1008 Deo
1021 971 1224 1010 credentes
1250 977 1288 1010 et
1313 971 1427 1010 oboe*

100 1029 250 1067 dientes
283 1041 359 1067 non
387 1031 687 1076 committerent,
721 1029 823 1079 quod
857 1041 922 1067 eos
955 1036 1109 1080 cogeret
1144 1031 1313 1080 experiri
1344 1031 1426 1068 infi-

100 1087 235 1125 delitas
280 1093 318 1126 et
361 1087 648 1125 inoboedientia
693 1087 785 1138 quid
829 1093 999 1126 noceret.
1062 1088 1231 1126 Proinde
1276 1089 1427 1127 confusi

99 1145 385 1184 inoboedientia
424 1148 551 1184 carnis
589 1158 699 1198 suae,
738 1151 931 1196 tamquam
968 1152 1068 1185 teste
1105 1159 1229 1197 poena
1269 1146 1426 1185 inoboe-

100 1204 244 1243 dientia
282 1206 408 1243 carnis
449 1217 561 1255 suae,
605 1210 800 1254 tamquam
832 1211 931 1243 teste
963 1217 1087 1255 poena
1117 1204 1427 1244 inoboedientiae

99 1274 212 1314 suae,
257 1269 501 1302 consuerunt
539 1262 640 1311 solia
674 1265 748 1309 fici
786 1268 823 1301 et
849 1262 1039 1311 fecerunt
1067 1265 1146 1302 sibi
1175 1266 1428 1316 campestria,

99 1321 136 1358 id
178 1327 237 1359 est
275 1322 533 1359 succinctoria
571 1321 805 1371 genitalium.
867 1321 962 1359 Nam
1000 1322 1155 1371 quidam
1192 1324 1428 1373 interpretes

98 1376 407 1431 „succinctoria“
432 1385 658 1430 posuerunt.
708 1379 830 1417 Porro
858 1385 985 1418 autem
1009 1378 1296 1431 ⁴„campestria“
1326 1380 1426 1419 Lati—

99 1449 193 1476 num
220 1438 375 1488 quidem
402 1438 563 1476 verbum
589 1443 659 1490 est,
692 1438 758 1476 sed
787 1450 832 1475 ex
859 1450 903 1476 eo
930 1438 1088 1489 dictum,
1121 1432 1224 1488 quod
1256 1441 1428 1491 iuvenes,

101 1498 167 1546 qui
213 1497 306 1534 nudi
350 1496 633 1535 exercebantur
675 1498 715 1534 in
759 1508 917 1548 camp0,
960 1496 1139 1547 pudenda
1183 1490 1453 1549 operiebant,

100 1554 201 1592 unde
235 1556 301 1604 qui
333 1557 383 1593 ita
416 1557 605 1593 succincti
638 1560 740 1606 sunt,
772 1550 1051 1605 campestratos
1083 1555 1218 1605 vulgus
1251 1555 1426 1606 appellat.

100 1612 210 1658 Quod
261 1614 390 1663 itaque
447 1613 631 1651 adversus
690 1613 906 1651 damnatam
956 1613 1067 1664 culpa
1116 1613 1426 1652 inoboedientiae

99 1671 334 1709 voluntatem
374 1671 490 1709 libido
530 1671 824 1709 inoboedienter
856 1671 1049 1719 movebat,
1094 1671 1325 1710 verecundia
1357 1684 1426 1723 pu—

100 1730 238 1768 denter
278 1729 441 1779 tegebat.
502 1729 558 1767 Ex
582 1729 670 1767 *hoc
707 1742 842 1768 omnes
881 1735 1034 1781 gentes,
1072 1731 1253 1780 quoniam
1285 1729 1332 1768 ab
1364 1730 1427 1768 illa

101 1789 222 1838 stirpe
248 1794 474 1839 procreatae
501 1794 604 1839 sunt,
636 1799 759 1838 usque
781 1788 876 1826 adeo
903 1793 1037 1830 tenent
1061 1790 1222 1826 insitum
1246 1787 1427 1839 pudenda

102 1846 249 1898 velare,
294 1852 337 1884 ut
381 1846 536 1896 quidam
580 1846 734 1884 barbari
777 1846 861 1884 illas
900 1848 1074 1896 corporis
1112 1852 1243 1897 partes
1283 1858 1355 1884 nec
1386 1847 1426 1885 in

100 1903 247 1942 balneis
279 1904 402 1942 nudas
434 1903 617 1956 habeant,
650 1905 716 1942 sed
750 1917 837 1943 cum
870 1915 1002 1942 earum
1035 1906 1268 1954 tegimentis⁴
1288 1904 1425 1943 lavent.

98 1961 174 2000 Per
205 1974 343 2014 opacas
381 1975 536 2013 quoque
569 1963 698 2001 Indiae
740 1962 985 2014 solitudines,
1026 1974 1113 2001 cum
1146 1962 1300 2013 quidam
1332 1962 1427 2001 nudi

96 2020 433 2073 philosophentur,
461 2021 561 2059 unde
588 2021 925 2073 gymnosophistae
952 2023 1212 2072 nominantur,
1244 2020 1427 2059 adhibent

192 2122 226 2164 4)
254 2121 340 2156 Gen.
369 2126 401 2163 3,
429 2126 457 2156 7.

193 2230 213 2260 3
241 2228 491 2270 cognoverunt
514 2237 533 2260 z*
553 2228 565 2270 ΙΙ
584 2231 603 2260 9
630 2228 668 2261 et
692 2237 735 2261 ex
762 2227 795 2260 V
811 2228 822 2270 ΙΙ
842 2230 883 2261 17
910 2227 1085 2261 nocerent
1102 2237 1121 2260 v
1141 2228 1153 2270 ΙΙ
1172 2230 1212 2260 31
1239 2226 1368 2271 teg-im.
1395 2225 1428 2260 V
