1548 2562
387 141 438 164 DE
458 140 645 165 CIVITATE
664 141 734 165 DEI
753 141 785 165 L.
805 141 884 165 xvl.
905 141 933 166 c.
952 142 994 166 37.
1014 142 1055 166 38.
1324 131 1406 172 185

80 228 303 267 errantibus
347 234 584 278 expectatur.
663 228 763 267 Ecce
813 229 1124 267 benedictionem
1173 231 1404 280 promissam

80 293 281 337 repetente
315 288 459 324 maiore
499 289 717 337 expavescit
749 287 872 339 Isaac,
915 293 952 325 et
990 287 1105 326 alium
1144 299 1184 325 se
1222 299 1292 338 pro
1331 288 1403 325 alio

80 344 323 383 benedixisse
364 356 603 395 cognoscens
640 346 803 383 miratur
841 342 1093 396 etquisnam
1130 346 1192 383 ille
1232 347 1281 384 sit
1317 359 1403 396 per·

81 409 277 454 contatur3
311 415 382 441 nec
414 408 543 441 tamen
575 415 614 441 se
642 403 847 454 deceptum
873 416 957 442 esse
985 406 1254 455 conqueritnr3
1286 406 1402 442 immo

80 462 283 499 confestim
324 460 492 499 revelato
532 461 604 499 sibi
635 463 741 499 intus
772 464 811 499 in
844 462 960 500 corde
992 474 1129 513 magno
1162 469 1402 501 sacramento
1429 470 1449 501 5

80 519 223 557 devitat
248 520 564 571 indignationem,
596 520 798 558 confirmat
823 519 1143 559 benedictionem.
1183 522 1277 567 Quis
1296 533 1402 569 erqo,

80 579 226 628 inquit,
270 583 434 616 venatus
467 584 524 615 est
554 580 651 616 milei
680 580 925 616 venationem
966 585 1003 617 et
1041 582 1173 617 Intulit
1212 581 1322 625 mihi,
1367 586 1405 618 et

79 638 321 674 manducavi
345 638 395 674 ab
422 638 610 683 omnibus,
643 642 856 684 antequam
882 642 923 674 tu
949 640 1131 676 venires?
1157 644 1194 675 et
1219 639 1407 676 benedixi

80 706 178 741 eum,
211 699 250 733 et
279 696 509 733 benedictus
540 697 600 732 sit.
668 694 763 740 Quis
795 707 871 733 non
903 695 965 733 hic
998 696 1307 734 maledictionem
1338 709 1403 746 po·

80 754 156 791 tius
205 758 427 803 expectaret
469 754 573 804 irati,
618 754 649 791 si
688 753 781 790 haec
819 765 895 791 non
934 766 1102 804 superna
1140 756 1404 806 inspiratione,
1432 787 1474 817 10

81 811 148 849 sed
181 816 337 849 terreno
371 823 477 849 more
509 810 769 861 gererentur?
810 811 841 849 Ο
874 824 937 849 res
968 818 1107 864 gestas,
1140 812 1205 850 sed
1239 813 1403 863 prophe-

80 870 155 907 tice
187 875 331 919 gestas;
363 871 403 907 in
436 875 550 921 terra,
583 869 650 908 sed
683 870 859 921 caelitus3
892 882 962 920 per
994 871 1181 922 homines,
1213 871 1278 908 sed
1313 871 1404 909 divi-

80 927 205 965 nitus!
269 927 308 965 Si
353 930 599 966 excutiantur
643 927 792 978 singula
836 930 952 966 tantis
995 929 1159 966 secunda
1200 931 1406 981 mysteriis,

82 985 199 1023 inulta
232 991 323 1024 sunt
353 986 545 1036 implenda
577 986 787 1038 volumina3
819 987 885 1024 sed
918 987 1008 1025 huic
1040 989 1148 1037 operi
1168 987 1306 1025 modus
1326 999 1404 1025 mo-

80 1044 211 1082 derate
244 1044 488 1094 imponendus
520 1057 591 1082 nos
623 1046 662 1082 in
695 1044 764 1082 alia
797 1045 979 1083 festinare
1013 1045 1205 1096 conpellit.
1433 1079 1474 1108 15

535 1169 686 1211 CAPUT
718 1170 955 1211 XXXVIII.

81 1254 141 1291 Be
173 1255 288 1292 misso
309 1254 431 1292 Jacob
464 1256 504 1292 in
526 1254 848 1303 Mesopotamiam
870 1257 926 1292 ad
943 1258 1219 1304 (accipiendam
1238 1268 1406 1294 uxorem

81 1317 119 1350 et
150 1313 199 1350 de
230 1314 393 1359 visione,
426 1324 543 1359 quam
576 1315 616 1350 in
649 1315 792 1351 itinere
822 1315 1048 1361 somniavit,
1081 1316 1192 1352 etde
1217 1320 1406 1362 qzcccltzcor

250 1372 372 1418 ipsius
399 1370 570 1418 feminis,
603 1383 691 1409 eum
723 1383 843 1409 unam
869 1374 1032 1420 petisset
1064 1384 1241 1410 uxorem.

196 1451 362 1490 Mittitur
394 1451 506 1490 Iacob
539 1464 558 1490 a
591 1452 817 1503 parentibus
849 1454 887 1490 in
917 1453 1244 1505 Mesopotamiam,
1276 1460 1318 1493 ut
1353 1454 1403 1492 ibi

83 1509 197 1547 ducat
224 1522 395 1548 uxorem.
439 1510 564 1548 Patris
596 1512 785 1549 mittentis
816 1511 931 1549 verba
964 1511 1057 1549 haec
1085 1518 1193 1550 sunt:
1226 1514 1311 1551 Non
1338 1525 1404 1551 ac-

81 1570 203 1616 cipies
234 1580 400 1607 uxorem
438 1581 489 1606 ex
516 1571 678 1615 filiabus
714 1571 1068 1615 Chammaeormm
1111 1583 1280 1618 sumens
1307 1571 1406 1619 fuye

81 1628 122 1665 in
154 1627 479 1675 Mesopotamiam
512 1630 551 1665 in
585 1630 738 1666 domum
765 1629 944 1675 BathueL
972 1631 1103 1676 patris
1130 1632 1270 1667 matris
1301 1634 1405 1676 tuae,

81 1689 120 1723 et
160 1696 269 1723 sume
309 1686 382 1722 tz'be'
423 1687 515 1723 inde
557 1698 723 1724 uxorem
770 1688 818 1724 de
857 1687 1019 1732 filiabus
1061 1687 1218 1734 Lahan,
1258 1686 1406 1735 fralrz's

81 1745 222 1781 matris
253 1748 355 1780 tuae.
418 1744 524 1781 Deus
562 1749 693 1782 aulem
731 1757 838 1783 meus
876 1746 1085 1782 benedicat
1123 1751 1159 1783 le
1190 1752 1227 1783 et
1258 1751 1407 1793 auyedt

81 1806 119 1839 te
150 1806 188 1840 et
217 1803 447 1849 multiplicet
478 1807 537 1847 τω
580 1808 617 1840 et
653 1805 732 1841 eris
770 1806 809 1841 ln
848 1805 1178 1850 eonyreqationes
1207 1806 1406 1850 9entiam;

81 1864 120 1898 et
150 1861 216 1897 det
245 1861 318 1897 tibi
347 1861 658 1898 benedictionem
684 1862 888 1899 Abraham
915 1863 1046 1909 patris
1078 1864 1146 1908 tui,
1179 1864 1251 1900 tibi
1280 1868 1318 1900 et
1346 1874 1404 1900 se-

81 1920 180 1955 mini
209 1922 275 1956 tuo
302 1923 392 1966 post
423 1923 470 1966 te,
502 1924 545 1956 ut
575 1920 690 1957 heres
717 1922 795 1966 sias
816 1926 952 1958 terrae
972 1922 1168 1957 incolatus
1188 1923 1255 1968 tui,
1288 1932 1406 1968 quam

81 1977 191 2013 dedit
221 1977 328 2014 Deus
365 1978 580 2015 Abraham.
643 1977 713 2015 Hic
751 1979 824 2015 iam
863 1977 1122 2027 intellegimus
1160 1984 1404 2028 segregatum

82 2045 213 2071 semen
247 2033 358 2071 Iacob
390 2034 436 2072 al)
470 2035 541 2073 alio
575 2037 721 2073 semine
753 2036 875 2087 Isaac,
916 2036 1019 2085 quod
1058 2036 1201 2074 factum
1239 2042 1298 2075 est
1335 2049 1405 2087 per
1432 2046 1476 2077 30

1433 1487 1475 1517 20

1433 1778 1475 1808 25

174 2123 207 2166 9)
235 2122 322 2157 Gen.
350 2127 404 2167 27,
431 2128 486 2159 33.
537 2126 595 2167 29)
621 2124 708 2158 Gen.
736 2128 791 2167 28,
820 2128 835 2157 1
863 2136 938 2168 sqq.

173 2255 192 2285 3
208 2253 464 2295 percunctatur
483 2263 502 2285 v
522 2253 533 2296 ΙΙ
552 2256 594 2286 27
611 2252 786 2286 abraham
810 2252 934 2294 VAF,·
954 2253 1124 2287 Abrahae
1138 2252 1194 2287 Rv
1214 2254 1225 2297 Η
1245 2257 1287 2287 29
1302 2253 1404 2288 abra-

79 2296 165 2330 ham
190 2308 278 2340 mss;
303 2298 472 2332 Abrahae
497 2310 517 2333 v
