<?xml version="1.0" encoding="UTF-8"?>
<!DOCTYPE html PUBLIC "-//W3C//DTD XHTML 1.0 Transitional//EN"
    "http://www.w3.org/TR/xhtml1/DTD/xhtml1-transitional.dtd">
<html xmlns="http://www.w3.org/1999/xhtml" xml:lang="en" lang="en">
 <head>
  <title>
</title>
<meta http-equiv="Content-Type" content="text/html;charset=utf-8" />
  <meta name='ocr-system' content='tesseract 3.04.00' />
  <meta name='ocr-capabilities' content='ocr_page ocr_carea ocr_par ocr_line ocrx_word'/>
</head>
<body>
  <div class='ocr_page' id='page_1' title='image "./sanctiaureliiaug02auguuoft_0433.png"; bbox 0 0 1548 2562; ppageno 0'>
   <div class='ocr_carea' id='block_1_1' title="bbox 451 141 1418 180">
    <p class='ocr_par' dir='ltr' id='par_1_1' title="bbox 451 141 1418 180">
     <span class='ocr_line' id='line_1_1' title="bbox 451 141 1418 180; baseline 0 0"><span class='ocrx_word' id='word_1_1' title='bbox 451 155 503 180; x_wconf 83' lang='lat' dir='ltr'>DE</span> <span class='ocrx_word' id='word_1_2' title='bbox 522 154 707 180; x_wconf 77' lang='lat' dir='ltr'>CIVITATE</span> <span class='ocrx_word' id='word_1_3' title='bbox 728 155 795 179; x_wconf 79' lang='lat' dir='ltr'>DEI</span> <span class='ocrx_word' id='word_1_4' title='bbox 814 154 846 179; x_wconf 86' lang='lat' dir='ltr'>L.</span> <span class='ocrx_word' id='word_1_5' title='bbox 866 153 931 178; x_wconf 81' lang='lat' dir='ltr'>xx.</span> <span class='ocrx_word' id='word_1_6' title='bbox 950 152 980 178; x_wconf 86' lang='lat' dir='ltr'>c.</span> <span class='ocrx_word' id='word_1_7' title='bbox 999 153 1024 178; x_wconf 89' lang='lat'>8.</span> <span class='ocrx_word' id='word_1_8' title='bbox 1044 153 1069 178; x_wconf 89' lang='lat'>9.</span> <span class='ocrx_word' id='word_1_9' title='bbox 1335 141 1418 180; x_wconf 74' lang='lat'>427</span> 
     </span>
    </p>
   </div>
   <div class='ocr_carea' id='block_1_2' title="bbox 92 239 1499 1516">
    <p class='ocr_par' dir='ltr' id='par_1_2' title="bbox 92 239 1423 470">
     <span class='ocr_line' id='line_1_2' title="bbox 92 239 1422 295; baseline -0.005 -11"><span class='ocrx_word' id='word_1_10' title='bbox 92 247 167 284; x_wconf 88' lang='lat' dir='ltr'>erit</span> <span class='ocrx_word' id='word_1_11' title='bbox 192 244 409 295; x_wconf 83' lang='lat' dir='ltr'>evangeliea</span> <span class='ocrx_word' id='word_1_12' title='bbox 433 243 495 282; x_wconf 85' lang='lat' dir='ltr'>illa</span> <span class='ocrx_word' id='word_1_13' title='bbox 523 245 730 281; x_wconf 82' lang='lat' dir='ltr'>sententia:</span> <span class='ocrx_word' id='word_1_14' title='bbox 768 244 863 288; x_wconf 74' lang='lat' dir='ltr'>Quis</span> <span class='ocrx_word' id='word_1_15' title='bbox 889 244 1016 280; x_wconf 71' lang='lat' dir='ltr'>intrat</span> <span class='ocrx_word' id='word_1_16' title='bbox 1041 243 1081 280; x_wconf 75' lang='lat' dir='ltr'>in</span> <span class='ocrx_word' id='word_1_17' title='bbox 1108 243 1262 279; x_wconf 72' lang='lat' dir='ltr'>domum</span> <span class='ocrx_word' id='word_1_18' title='bbox 1291 239 1422 288; x_wconf 76' lang='lat' dir='ltr'>sortis,</span> 
     </span>
     <span class='ocr_line' id='line_1_3' title="bbox 92 298 1421 351; baseline -0.006 -8"><span class='ocrx_word' id='word_1_19' title='bbox 92 309 137 343; x_wconf 80' lang='lat' dir='ltr'>ut</span> <span class='ocrx_word' id='word_1_20' title='bbox 162 315 258 342; x_wconf 77' lang='lat' dir='ltr'>vasa</span> <span class='ocrx_word' id='word_1_21' title='bbox 283 305 367 342; x_wconf 72' lang='lat' dir='ltr'>eius</span> <span class='ocrx_word' id='word_1_22' title='bbox 393 304 550 351; x_wconf 71' lang='lat' dir='ltr'>eripiat,</span> <span class='ocrx_word' id='word_1_23' title='bbox 576 304 655 339; x_wconf 64' lang='grc' dir='ltr'><em>πίει·</em></span> <span class='ocrx_word' id='word_1_24' title='bbox 675 303 790 350; x_wconf 70' lang='lat' dir='ltr'>prius</span> <span class='ocrx_word' id='word_1_25' title='bbox 816 302 1044 348; x_wconf 64' lang='grc' dir='ltr'><em>αῖίἰραυενὶί</em></span> <span class='ocrx_word' id='word_1_26' title='bbox 1064 299 1236 347; x_wconf 80' lang='lat' dir='ltr'>fortem?</span> <span class='ocrx_word' id='word_1_27' title='bbox 1276 298 1421 335; x_wconf 82' lang='lat' dir='ltr'>Secun-</span> 
     </span>
     <span class='ocr_line' id='line_1_4' title="bbox 92 359 1423 407; baseline -0.005 -7"><span class='ocrx_word' id='word_1_28' title='bbox 92 362 184 400; x_wconf 87' lang='lat' dir='ltr'>dum</span> <span class='ocrx_word' id='word_1_29' title='bbox 210 363 293 399; x_wconf 90' lang='lat' dir='ltr'>eius</span> <span class='ocrx_word' id='word_1_30' title='bbox 321 362 423 398; x_wconf 85' lang='lat' dir='ltr'>enim</span> <span class='ocrx_word' id='word_1_31' title='bbox 449 361 663 398; x_wconf 83' lang='lat' dir='ltr'>sententiae</span> <span class='ocrx_word' id='word_1_32' title='bbox 690 360 891 397; x_wconf 82' lang='lat' dir='ltr'>veritatem</span> <span class='ocrx_word' id='word_1_33' title='bbox 918 359 1012 396; x_wconf 88' lang='lat' dir='ltr'>ordo</span> <span class='ocrx_word' id='word_1_34' title='bbox 1038 359 1111 396; x_wconf 83' lang='lat' dir='ltr'>iste</span> <span class='ocrx_word' id='word_1_35' title='bbox 1145 362 1319 395; x_wconf 86' lang='lat' dir='ltr'>servatus</span> <span class='ocrx_word' id='word_1_36' title='bbox 1352 361 1423 407; x_wconf 70' lang='lat' dir='ltr'>est,</span> 
     </span>
     <span class='ocr_line' id='line_1_5' title="bbox 92 414 1422 470; baseline -0.005 -12"><span class='ocrx_word' id='word_1_37' title='bbox 92 426 135 458; x_wconf 87' lang='lat' dir='ltr'>ut</span> <span class='ocrx_word' id='word_1_38' title='bbox 152 421 261 470; x_wconf 88' lang='lat' dir='ltr'>prius</span> <span class='ocrx_word' id='word_1_39' title='bbox 282 419 503 469; x_wconf 79' lang='lat' dir='ltr'>alligaretur</span> <span class='ocrx_word' id='word_1_40' title='bbox 524 418 635 455; x_wconf 86' lang='lat' dir='ltr'>fortis</span> <span class='ocrx_word' id='word_1_41' title='bbox 656 419 877 467; x_wconf 77' lang='lat' dir='ltr'>ereptisque</span> <span class='ocrx_word' id='word_1_42' title='bbox 899 418 999 454; x_wconf 88' lang='lat' dir='ltr'>vasis</span> <span class='ocrx_word' id='word_1_43' title='bbox 1025 417 1110 454; x_wconf 89' lang='lat' dir='ltr'>eius</span> <span class='ocrx_word' id='word_1_44' title='bbox 1135 416 1248 465; x_wconf 85' lang='lat' dir='ltr'>longe</span> <span class='ocrx_word' id='word_1_45' title='bbox 1268 414 1422 464; x_wconf 85' lang='lat' dir='ltr'>lateque</span> 
     </span>
    </p>

    <p class='ocr_par' dir='ltr' id='par_1_3' title="bbox 92 473 1499 1516">
     <span class='ocr_line' id='line_1_6' title="bbox 92 473 1469 527; baseline -0.004 -11"><span class='ocrx_word' id='word_1_46' title='bbox 92 480 131 516; x_wconf 85' lang='lat' dir='ltr'>iu</span> <span class='ocrx_word' id='word_1_47' title='bbox 151 477 331 516; x_wconf 84' lang='lat' dir='ltr'>omuibus</span> <span class='ocrx_word' id='word_1_48' title='bbox 356 476 536 527; x_wconf 84' lang='lat' dir='ltr'>gentihus</span> <span class='ocrx_word' id='word_1_49' title='bbox 557 488 603 513; x_wconf 83' lang='lat' dir='ltr'>ex</span> <span class='ocrx_word' id='word_1_50' title='bbox 623 476 743 513; x_wconf 86' lang='lat' dir='ltr'>firmis</span> <span class='ocrx_word' id='word_1_51' title='bbox 771 481 808 513; x_wconf 86' lang='lat' dir='ltr'>et</span> <span class='ocrx_word' id='word_1_52' title='bbox 833 475 996 513; x_wconf 85' lang='lat' dir='ltr'>infirmis</span> <span class='ocrx_word' id='word_1_53' title='bbox 1022 476 1074 512; x_wconf 90' lang='lat' dir='ltr'>ita</span> <span class='ocrx_word' id='word_1_54' title='bbox 1100 473 1422 524; x_wconf 79' lang='lat' dir='ltr'>multiplicaretur</span> <span class='ocrx_word' id='word_1_55' title='bbox 1450 479 1469 509; x_wconf 89' lang='lat'>5</span> 
     </span>
     <span class='ocr_line' id='line_1_7' title="bbox 93 532 1422 587; baseline -0.005 -12"><span class='ocrx_word' id='word_1_56' title='bbox 93 536 274 587; x_wconf 80' lang='lat' dir='ltr'>eeclesia,</span> <span class='ocrx_word' id='word_1_57' title='bbox 312 540 355 574; x_wconf 86' lang='lat' dir='ltr'>ut</span> <span class='ocrx_word' id='word_1_58' title='bbox 396 547 442 573; x_wconf 85' lang='lat' dir='ltr'>ex</span> <span class='ocrx_word' id='word_1_59' title='bbox 472 536 555 585; x_wconf 86' lang='lat' dir='ltr'>ipsa</span> <span class='ocrx_word' id='word_1_60' title='bbox 587 545 720 572; x_wconf 88' lang='lat' dir='ltr'>rerum</span> <span class='ocrx_word' id='word_1_61' title='bbox 752 533 934 571; x_wconf 85' lang='lat' dir='ltr'>divinitus</span> <span class='ocrx_word' id='word_1_62' title='bbox 966 532 1252 584; x_wconf 83' lang='lat' dir='ltr'>praedictarum</span> <span class='ocrx_word' id='word_1_63' title='bbox 1285 537 1324 569; x_wconf 83' lang='lat' dir='ltr'>et</span> <span class='ocrx_word' id='word_1_64' title='bbox 1354 533 1422 568; x_wconf 87' lang='lat' dir='ltr'>im-</span> 
     </span>
     <span class='ocr_line' id='line_1_8' title="bbox 93 590 1423 645; baseline -0.005 -13"><span class='ocrx_word' id='word_1_65' title='bbox 93 594 284 645; x_wconf 90' lang='lat' dir='ltr'>pletarum</span> <span class='ocrx_word' id='word_1_66' title='bbox 310 593 580 631; x_wconf 85' lang='lat' dir='ltr'>robustissima</span> <span class='ocrx_word' id='word_1_67' title='bbox 605 591 679 630; x_wconf 83' lang='lat' dir='ltr'>fide</span> <span class='ocrx_word' id='word_1_68' title='bbox 707 593 822 629; x_wconf 90' lang='lat' dir='ltr'>etiam</span> <span class='ocrx_word' id='word_1_69' title='bbox 843 591 968 629; x_wconf 83' lang='lat' dir='ltr'>soluto</span> <span class='ocrx_word' id='word_1_70' title='bbox 996 603 1083 629; x_wconf 89' lang='lat' dir='ltr'>vasa</span> <span class='ocrx_word' id='word_1_71' title='bbox 1108 591 1232 641; x_wconf 84' lang='lat' dir='ltr'>possit</span> <span class='ocrx_word' id='word_1_72' title='bbox 1257 590 1423 627; x_wconf 84' lang='lat' dir='ltr'>auferre.</span> 
     </span>
     <span class='ocr_line' id='line_1_9' title="bbox 95 649 1425 699; baseline -0.005 -9"><span class='ocrx_word' id='word_1_73' title='bbox 95 652 204 690; x_wconf 84' lang='lat' dir='ltr'>Sicut</span> <span class='ocrx_word' id='word_1_74' title='bbox 230 653 332 690; x_wconf 91' lang='lat' dir='ltr'>enim</span> <span class='ocrx_word' id='word_1_75' title='bbox 358 651 557 690; x_wconf 87' lang='lat' dir='ltr'>fatendum</span> <span class='ocrx_word' id='word_1_76' title='bbox 589 655 649 688; x_wconf 84' lang='lat' dir='ltr'>est</span> <span class='ocrx_word' id='word_1_77' title='bbox 678 650 891 688; x_wconf 84' lang='lat' dir='ltr'>multorum</span> <span class='ocrx_word' id='word_1_78' title='bbox 922 650 1180 699; x_wconf 78' lang='lat' dir='ltr'>refrigescere</span> <span class='ocrx_word' id='word_1_79' title='bbox 1213 649 1425 698; x_wconf 80' lang='lat' dir='ltr'>caritatem,</span> 
     </span>
     <span class='ocr_line' id='line_1_10' title="bbox 93 708 1424 760; baseline -0.005 -11"><span class='ocrx_word' id='word_1_80' title='bbox 93 723 182 749; x_wconf 85' lang='lat' dir='ltr'>cum</span> <span class='ocrx_word' id='word_1_81' title='bbox 232 709 401 748; x_wconf 82' lang='lat' dir='ltr'>abundat</span> <span class='ocrx_word' id='word_1_82' title='bbox 450 710 651 760; x_wconf 76' lang='lat' dir='ltr'>iniquitas,</span> <span class='ocrx_word' id='word_1_83' title='bbox 703 715 740 746; x_wconf 88' lang='lat' dir='ltr'>et</span> <span class='ocrx_word' id='word_1_84' title='bbox 792 709 987 746; x_wconf 84' lang='lat' dir='ltr'>inusitatis</span> <span class='ocrx_word' id='word_1_85' title='bbox 1037 708 1291 757; x_wconf 80' lang='lat' dir='ltr'>maximisque</span> <span class='ocrx_word' id='word_1_86' title='bbox 1337 717 1424 756; x_wconf 89' lang='lat' dir='ltr'>per-</span> 
     </span>
     <span class='ocr_line' id='line_1_11' title="bbox 94 765 1494 818; baseline -0.005 -11"><span class='ocrx_word' id='word_1_87' title='bbox 94 768 360 807; x_wconf 86' lang='lat' dir='ltr'>secutionibus</span> <span class='ocrx_word' id='word_1_88' title='bbox 399 773 512 818; x_wconf 88' lang='lat' dir='ltr'>atque</span> <span class='ocrx_word' id='word_1_89' title='bbox 546 767 703 805; x_wconf 84' lang='lat' dir='ltr'>fallaciis</span> <span class='ocrx_word' id='word_1_90' title='bbox 741 766 881 804; x_wconf 84' lang='lat' dir='ltr'>diaboli</span> <span class='ocrx_word' id='word_1_91' title='bbox 912 767 987 804; x_wconf 86' lang='lat' dir='ltr'>iam</span> <span class='ocrx_word' id='word_1_92' title='bbox 1020 765 1137 804; x_wconf 84' lang='lat' dir='ltr'>soluti</span> <span class='ocrx_word' id='word_1_93' title='bbox 1169 777 1255 816; x_wconf 82' lang='lat' dir='ltr'>eos,</span> <span class='ocrx_word' id='word_1_94' title='bbox 1287 765 1354 814; x_wconf 88' lang='lat' dir='ltr'>qui</span> <span class='ocrx_word' id='word_1_95' title='bbox 1385 765 1425 802; x_wconf 91' lang='lat' dir='ltr'>in</span> <span class='ocrx_word' id='word_1_96' title='bbox 1455 771 1494 799; x_wconf 75' lang='lat'>10</span> 
     </span>
     <span class='ocr_line' id='line_1_12' title="bbox 94 824 1426 877; baseline -0.004 -12"><span class='ocrx_word' id='word_1_97' title='bbox 94 827 191 865; x_wconf 84' lang='lat' dir='ltr'>libro</span> <span class='ocrx_word' id='word_1_98' title='bbox 232 828 331 865; x_wconf 87' lang='lat' dir='ltr'>vitae</span> <span class='ocrx_word' id='word_1_99' title='bbox 373 827 508 877; x_wconf 85' lang='lat' dir='ltr'>scripti</span> <span class='ocrx_word' id='word_1_100' title='bbox 549 838 626 864; x_wconf 87' lang='lat' dir='ltr'>non</span> <span class='ocrx_word' id='word_1_101' title='bbox 665 831 778 876; x_wconf 83' lang='lat' dir='ltr'>sunt,</span> <span class='ocrx_word' id='word_1_102' title='bbox 822 824 964 862; x_wconf 87' lang='lat' dir='ltr'>multos</span> <span class='ocrx_word' id='word_1_103' title='bbox 1002 836 1088 862; x_wconf 88' lang='lat' dir='ltr'>esse</span> <span class='ocrx_word' id='word_1_104' title='bbox 1130 834 1330 861; x_wconf 86' lang='lat' dir='ltr'>cessuros:</span> <span class='ocrx_word' id='word_1_105' title='bbox 1374 824 1426 860; x_wconf 87' lang='lat' dir='ltr'>ita</span> 
     </span>
     <span class='ocr_line' id='line_1_13' title="bbox 95 880 1425 936; baseline -0.005 -12"><span class='ocrx_word' id='word_1_106' title='bbox 95 885 343 936; x_wconf 81' lang='lat' dir='ltr'>cogitandum</span> <span class='ocrx_word' id='word_1_107' title='bbox 381 890 440 923; x_wconf 85' lang='lat' dir='ltr'>est</span> <span class='ocrx_word' id='word_1_108' title='bbox 476 896 554 922; x_wconf 91' lang='lat' dir='ltr'>non</span> <span class='ocrx_word' id='word_1_109' title='bbox 597 883 721 921; x_wconf 90' lang='lat' dir='ltr'>solum</span> <span class='ocrx_word' id='word_1_110' title='bbox 755 895 851 933; x_wconf 85' lang='lat' dir='ltr'>quos</span> <span class='ocrx_word' id='word_1_111' title='bbox 883 882 1006 920; x_wconf 88' lang='lat' dir='ltr'>bonos</span> <span class='ocrx_word' id='word_1_112' title='bbox 1039 881 1171 919; x_wconf 79' lang='lat' dir='ltr'>fideles</span> <span class='ocrx_word' id='word_1_113' title='bbox 1203 880 1297 919; x_wconf 91' lang='lat' dir='ltr'>illud</span> <span class='ocrx_word' id='word_1_114' title='bbox 1330 886 1425 918; x_wconf 89' lang='lat' dir='ltr'>tem-</span> 
     </span>
     <span class='ocr_line' id='line_1_14' title="bbox 95 939 1426 995; baseline -0.005 -13"><span class='ocrx_word' id='word_1_115' title='bbox 95 956 167 995; x_wconf 92' lang='lat' dir='ltr'>pus</span> <span class='ocrx_word' id='word_1_116' title='bbox 199 945 380 994; x_wconf 82' lang='lat' dir='ltr'>inveniet,</span> <span class='ocrx_word' id='word_1_117' title='bbox 413 943 480 981; x_wconf 87' lang='lat' dir='ltr'>sed</span> <span class='ocrx_word' id='word_1_118' title='bbox 513 941 719 980; x_wconf 89' lang='lat' dir='ltr'>nonnullos</span> <span class='ocrx_word' id='word_1_119' title='bbox 752 943 883 991; x_wconf 80' lang='lat' dir='ltr'>etiam,</span> <span class='ocrx_word' id='word_1_120' title='bbox 916 941 981 990; x_wconf 81' lang='lat' dir='ltr'>qui</span> <span class='ocrx_word' id='word_1_121' title='bbox 1014 941 1108 977; x_wconf 88' lang='lat' dir='ltr'>soris</span> <span class='ocrx_word' id='word_1_122' title='bbox 1142 939 1266 977; x_wconf 82' lang='lat' dir='ltr'>adhue</span> <span class='ocrx_word' id='word_1_123' title='bbox 1299 944 1426 989; x_wconf 80' lang='lat' dir='ltr'>erunt,</span> 
     </span>
     <span class='ocr_line' id='line_1_15' title="bbox 95 997 1426 1051; baseline -0.005 -11"><span class='ocrx_word' id='word_1_124' title='bbox 95 1002 298 1040; x_wconf 86' lang='lat' dir='ltr'>adiuvante</span> <span class='ocrx_word' id='word_1_125' title='bbox 324 1001 394 1039; x_wconf 90' lang='lat' dir='ltr'>Dei</span> <span class='ocrx_word' id='word_1_126' title='bbox 419 1002 539 1051; x_wconf 83' lang='lat' dir='ltr'>gratia</span> <span class='ocrx_word' id='word_1_127' title='bbox 572 1012 642 1050; x_wconf 89' lang='lat' dir='ltr'>per</span> <span class='ocrx_word' id='word_1_128' title='bbox 674 999 1026 1037; x_wconf 79' lang='lat' dir='ltr'>considerationem</span> <span class='ocrx_word' id='word_1_129' title='bbox 1059 999 1354 1048; x_wconf 83' lang='lat' dir='ltr'>scripturarum,</span> <span class='ocrx_word' id='word_1_130' title='bbox 1386 997 1426 1034; x_wconf 88' lang='lat' dir='ltr'>iu</span> 
     </span>
     <span class='ocr_line' id='line_1_16' title="bbox 96 1056 1496 1111; baseline -0.006 -13"><span class='ocrx_word' id='word_1_131' title='bbox 96 1059 238 1111; x_wconf 88' lang='lat' dir='ltr'>quibus</span> <span class='ocrx_word' id='word_1_132' title='bbox 264 1065 302 1098; x_wconf 87' lang='lat' dir='ltr'>et</span> <span class='ocrx_word' id='word_1_133' title='bbox 327 1059 397 1097; x_wconf 88' lang='lat' dir='ltr'>alia</span> <span class='ocrx_word' id='word_1_134' title='bbox 423 1064 462 1096; x_wconf 87' lang='lat' dir='ltr'>et</span> <span class='ocrx_word' id='word_1_135' title='bbox 487 1059 575 1096; x_wconf 84' lang='lat' dir='ltr'>finis</span> <span class='ocrx_word' id='word_1_136' title='bbox 600 1059 682 1108; x_wconf 88' lang='lat' dir='ltr'>ipse</span> <span class='ocrx_word' id='word_1_137' title='bbox 715 1058 1011 1108; x_wconf 81' lang='lat' dir='ltr'>praenuntiatus</span> <span class='ocrx_word' id='word_1_138' title='bbox 1043 1061 1114 1107; x_wconf 82' lang='lat' dir='ltr'>est⁷</span> <span class='ocrx_word' id='word_1_139' title='bbox 1147 1067 1262 1105; x_wconf 86' lang='lat' dir='ltr'>quem</span> <span class='ocrx_word' id='word_1_140' title='bbox 1295 1056 1427 1092; x_wconf 86' lang='lat' dir='ltr'>venire</span> <span class='ocrx_word' id='word_1_141' title='bbox 1456 1061 1496 1091; x_wconf 78' lang='lat'>15</span> 
     </span>
     <span class='ocr_line' id='line_1_17' title="bbox 96 1113 1428 1168; baseline -0.005 -12"><span class='ocrx_word' id='word_1_142' title='bbox 96 1120 169 1156; x_wconf 88' lang='lat' dir='ltr'>iam</span> <span class='ocrx_word' id='word_1_143' title='bbox 203 1119 393 1168; x_wconf 83' lang='lat' dir='ltr'>sentiunt,</span> <span class='ocrx_word' id='word_1_144' title='bbox 431 1116 477 1154; x_wconf 86' lang='lat' dir='ltr'>ad</span> <span class='ocrx_word' id='word_1_145' title='bbox 515 1115 752 1155; x_wconf 87' lang='lat' dir='ltr'>eredendum</span> <span class='ocrx_word' id='word_1_146' title='bbox 786 1115 886 1165; x_wconf 84' lang='lat' dir='ltr'>quod</span> <span class='ocrx_word' id='word_1_147' title='bbox 922 1126 998 1152; x_wconf 89' lang='lat' dir='ltr'>non</span> <span class='ocrx_word' id='word_1_148' title='bbox 1031 1113 1242 1152; x_wconf 85' lang='lat' dir='ltr'>credebant</span> <span class='ocrx_word' id='word_1_149' title='bbox 1274 1114 1428 1151; x_wconf 82' lang='lat' dir='ltr'>futuros</span> 
     </span>
     <span class='ocr_line' id='line_1_18' title="bbox 96 1171 1428 1222; baseline -0.005 -8"><span class='ocrx_word' id='word_1_150' title='bbox 96 1189 181 1215; x_wconf 88' lang='lat' dir='ltr'>esse</span> <span class='ocrx_word' id='word_1_151' title='bbox 220 1176 411 1213; x_wconf 84' lang='lat' dir='ltr'>firmiores</span> <span class='ocrx_word' id='word_1_152' title='bbox 450 1181 488 1213; x_wconf 87' lang='lat' dir='ltr'>et</span> <span class='ocrx_word' id='word_1_153' title='bbox 525 1174 571 1212; x_wconf 85' lang='lat' dir='ltr'>ad</span> <span class='ocrx_word' id='word_1_154' title='bbox 610 1174 842 1212; x_wconf 85' lang='lat' dir='ltr'>vincendum</span> <span class='ocrx_word' id='word_1_155' title='bbox 881 1174 997 1211; x_wconf 90' lang='lat' dir='ltr'>etiam</span> <span class='ocrx_word' id='word_1_156' title='bbox 1038 1184 1113 1210; x_wconf 89' lang='lat' dir='ltr'>non</span> <span class='ocrx_word' id='word_1_157' title='bbox 1159 1171 1318 1222; x_wconf 80' lang='lat' dir='ltr'>ligatum</span> <span class='ocrx_word' id='word_1_158' title='bbox 1351 1171 1428 1208; x_wconf 81' lang='lat' dir='ltr'>dla-</span> 
     </span>
     <span class='ocr_line' id='line_1_19' title="bbox 97 1230 1428 1283; baseline -0.005 -11"><span class='ocrx_word' id='word_1_159' title='bbox 97 1234 228 1273; x_wconf 89' lang='lat' dir='ltr'>bolum</span> <span class='ocrx_word' id='word_1_160' title='bbox 261 1234 454 1272; x_wconf 82' lang='lat' dir='ltr'>fortiores.</span> <span class='ocrx_word' id='word_1_161' title='bbox 518 1232 629 1278; x_wconf 88' lang='lat' dir='ltr'>Quod</span> <span class='ocrx_word' id='word_1_162' title='bbox 663 1234 694 1270; x_wconf 86' lang='lat' dir='ltr'>si</span> <span class='ocrx_word' id='word_1_163' title='bbox 726 1233 778 1270; x_wconf 90' lang='lat' dir='ltr'>ita</span> <span class='ocrx_word' id='word_1_164' title='bbox 811 1233 897 1283; x_wconf 73' lang='lat' dir='ltr'>erit,</span> <span class='ocrx_word' id='word_1_165' title='bbox 928 1236 1136 1281; x_wconf 88' lang='lat' dir='ltr'>propterea</span> <span class='ocrx_word' id='word_1_166' title='bbox 1167 1230 1428 1280; x_wconf 83' lang='lat' dir='ltr'>praecessisse</span> 
     </span>
     <span class='ocr_line' id='line_1_20' title="bbox 98 1287 1428 1341; baseline -0.005 -10"><span class='ocrx_word' id='word_1_167' title='bbox 98 1293 259 1331; x_wconf 83' lang='lat' dir='ltr'>dicenda</span> <span class='ocrx_word' id='word_1_168' title='bbox 292 1297 350 1330; x_wconf 86' lang='lat' dir='ltr'>est</span> <span class='ocrx_word' id='word_1_169' title='bbox 383 1293 465 1330; x_wconf 89' lang='lat' dir='ltr'>eius</span> <span class='ocrx_word' id='word_1_170' title='bbox 497 1291 682 1341; x_wconf 79' lang='lat' dir='ltr'>alligatio,</span> <span class='ocrx_word' id='word_1_171' title='bbox 723 1296 766 1328; x_wconf 86' lang='lat' dir='ltr'>ut</span> <span class='ocrx_word' id='word_1_172' title='bbox 798 1296 835 1328; x_wconf 85' lang='lat' dir='ltr'>et</span> <span class='ocrx_word' id='word_1_173' title='bbox 867 1289 972 1339; x_wconf 81' lang='lat' dir='ltr'>ligati</span> <span class='ocrx_word' id='word_1_174' title='bbox 1005 1294 1043 1327; x_wconf 89' lang='lat' dir='ltr'>et</span> <span class='ocrx_word' id='word_1_175' title='bbox 1075 1288 1191 1326; x_wconf 86' lang='lat' dir='ltr'>soluti</span> <span class='ocrx_word' id='word_1_176' title='bbox 1224 1287 1428 1338; x_wconf 88' lang='lat' dir='ltr'>expoliatio</span> 
     </span>
     <span class='ocr_line' id='line_1_21' title="bbox 99 1347 1499 1401; baseline -0.005 -12"><span class='ocrx_word' id='word_1_177' title='bbox 99 1356 346 1401; x_wconf 81' lang='lat' dir='ltr'>sequeretur3</span> <span class='ocrx_word' id='word_1_178' title='bbox 385 1351 566 1399; x_wconf 86' lang='lat' dir='ltr'>quoniam</span> <span class='ocrx_word' id='word_1_179' title='bbox 604 1349 651 1387; x_wconf 89' lang='lat' dir='ltr'>de</span> <span class='ocrx_word' id='word_1_180' title='bbox 689 1349 759 1386; x_wconf 86' lang='lat' dir='ltr'>hae</span> <span class='ocrx_word' id='word_1_181' title='bbox 792 1360 833 1386; x_wconf 91' lang='lat' dir='ltr'>re</span> <span class='ocrx_word' id='word_1_182' title='bbox 867 1348 1014 1385; x_wconf 84' lang='lat' dir='ltr'>dietum</span> <span class='ocrx_word' id='word_1_183' title='bbox 1046 1353 1125 1385; x_wconf 87' lang='lat' dir='ltr'>est:</span> <span class='ocrx_word' id='word_1_184' title='bbox 1177 1347 1270 1392; x_wconf 73' lang='lat' dir='ltr'>Quis</span> <span class='ocrx_word' id='word_1_185' title='bbox 1304 1348 1428 1383; x_wconf 67' lang='lat' dir='ltr'>intra-</span> <span class='ocrx_word' id='word_1_186' title='bbox 1457 1352 1499 1382; x_wconf 78' lang='lat'>20</span> 
     </span>
     <span class='ocr_line' id='line_1_22' title="bbox 99 1405 1428 1456; baseline -0.005 -9"><span class='ocrx_word' id='word_1_187' title='bbox 99 1411 155 1448; x_wconf 72' lang='lat' dir='ltr'>bit</span> <span class='ocrx_word' id='word_1_188' title='bbox 186 1412 226 1447; x_wconf 77' lang='lat' dir='ltr'>in</span> <span class='ocrx_word' id='word_1_189' title='bbox 252 1410 407 1447; x_wconf 79' lang='lat' dir='ltr'>domum</span> <span class='ocrx_word' id='word_1_190' title='bbox 428 1407 560 1456; x_wconf 73' lang='lat' dir='ltr'>fortis,</span> <span class='ocrx_word' id='word_1_191' title='bbox 592 1413 635 1446; x_wconf 77' lang='lat' dir='ltr'>ut</span> <span class='ocrx_word' id='word_1_192' title='bbox 660 1419 756 1445; x_wconf 79' lang='lat' dir='ltr'>vasa</span> <span class='ocrx_word' id='word_1_193' title='bbox 783 1409 867 1444; x_wconf 72' lang='lat' dir='ltr'>elus</span> <span class='ocrx_word' id='word_1_194' title='bbox 898 1407 1056 1454; x_wconf 74' lang='grc' dir='ltr'>θνῖρῑαί,</span> <span class='ocrx_word' id='word_1_195' title='bbox 1089 1407 1168 1443; x_wconf 79' lang='lat' dir='ltr'>m&#39;se&#39;</span> <span class='ocrx_word' id='word_1_196' title='bbox 1193 1406 1310 1453; x_wconf 74' lang='lat' dir='ltr'>prius</span> <span class='ocrx_word' id='word_1_197' title='bbox 1343 1405 1428 1441; x_wconf 71' lang='lat' dir='ltr'>alli-</span> 
     </span>
     <span class='ocr_line' id='line_1_23' title="bbox 95 1466 455 1516; baseline -0.006 -10"><span class='ocrx_word' id='word_1_198' title='bbox 95 1470 255 1516; x_wconf 67' lang='lat' dir='ltr'>qaverz&#39;t</span> <span class='ocrx_word' id='word_1_199' title='bbox 280 1466 455 1515; x_wconf 80' lang='lat' dir='ltr'>fortem?</span> 
     </span>
    </p>
   </div>
   <div class='ocr_carea' id='block_1_3' title="bbox 632 1611 886 1654">
    <p class='ocr_par' dir='ltr' id='par_1_4' title="bbox 632 1611 886 1654">
     <span class='ocr_line' id='line_1_24' title="bbox 632 1611 886 1654; baseline -0.004 0"><span class='ocrx_word' id='word_1_200' title='bbox 632 1612 782 1654; x_wconf 81' lang='lat' dir='ltr'><strong>CAPUT</strong></span> <span class='ocrx_word' id='word_1_201' title='bbox 814 1611 886 1653; x_wconf 93' lang='lat' dir='ltr'>IX.</span> 
     </span>
    </p>
   </div>
   <div class='ocr_carea' id='block_1_4' title="bbox 107 1697 1502 1804">
    <p class='ocr_par' dir='ltr' id='par_1_5' title="bbox 107 1697 1502 1804">
     <span class='ocr_line' id='line_1_25' title="bbox 107 1697 1432 1747; baseline -0.005 -9"><span class='ocrx_word' id='word_1_202' title='bbox 107 1701 221 1747; x_wconf 61' lang='lat' dir='ltr'>,Quod</span> <span class='ocrx_word' id='word_1_203' title='bbox 243 1702 295 1737; x_wconf 72' lang='lat' dir='ltr'>sit</span> <span class='ocrx_word' id='word_1_204' title='bbox 319 1709 486 1746; x_wconf 67' lang='lat' dir='ltr'>requam</span> <span class='ocrx_word' id='word_1_205' title='bbox 510 1702 741 1735; x_wconf 79' lang='lat' dir='ltr'>sanctorum</span> <span class='ocrx_word' id='word_1_206' title='bbox 767 1708 856 1734; x_wconf 78' lang='lat' dir='ltr'>cum</span> <span class='ocrx_word' id='word_1_207' title='bbox 887 1697 1041 1734; x_wconf 73' lang='lat' dir='ltr'>Christo</span> <span class='ocrx_word' id='word_1_208' title='bbox 1062 1707 1140 1744; x_wconf 78' lang='lat' dir='ltr'>per</span> <span class='ocrx_word' id='word_1_209' title='bbox 1165 1697 1270 1733; x_wconf 77' lang='lat' dir='ltr'>mille</span> <span class='ocrx_word' id='word_1_210' title='bbox 1296 1705 1432 1742; x_wconf 77' lang='lat' dir='ltr'>annos,</span> 
     </span>
     <span class='ocr_line' id='line_1_26' title="bbox 302 1757 1502 1804; baseline -0.004 -9"><span class='ocrx_word' id='word_1_211' title='bbox 302 1762 340 1796; x_wconf 84' lang='lat' dir='ltr'>et</span> <span class='ocrx_word' id='word_1_212' title='bbox 371 1759 411 1794; x_wconf 72' lang='lat' dir='ltr'>in</span> <span class='ocrx_word' id='word_1_213' title='bbox 442 1766 518 1804; x_wconf 78' lang='lat' dir='ltr'>quo</span> <span class='ocrx_word' id='word_1_214' title='bbox 550 1757 808 1793; x_wconf 75' lang='lat' dir='ltr'>discernatur</span> <span class='ocrx_word' id='word_1_215' title='bbox 839 1766 863 1792; x_wconf 82' lang='lat' dir='ltr'><strong><em>a</em></strong></span> <span class='ocrx_word' id='word_1_216' title='bbox 895 1765 1019 1802; x_wconf 66' lang='lat' dir='ltr'>reqno</span> <span class='ocrx_word' id='word_1_217' title='bbox 1052 1758 1226 1792; x_wconf 78' lang='lat' dir='ltr'>aeterno.</span> <span class='ocrx_word' id='word_1_218' title='bbox 1459 1758 1502 1789; x_wconf 80' lang='lat'>25</span> 
     </span>
    </p>
   </div>
   <div class='ocr_carea' id='block_1_5' title="bbox 104 1834 1503 2121">
    <p class='ocr_par' dir='ltr' id='par_1_6' title="bbox 104 1834 1503 2121">
     <span class='ocr_line' id='line_1_27' title="bbox 219 1834 1433 1885; baseline -0.004 -9"><span class='ocrx_word' id='word_1_219' title='bbox 219 1838 371 1876; x_wconf 90' lang='lat' dir='ltr'>Interea</span> <span class='ocrx_word' id='word_1_220' title='bbox 409 1837 499 1875; x_wconf 83' lang='lat' dir='ltr'>(lum</span> <span class='ocrx_word' id='word_1_221' title='bbox 533 1835 637 1874; x_wconf 83' lang='lat' dir='ltr'>inille</span> <span class='ocrx_word' id='word_1_222' title='bbox 676 1837 786 1873; x_wconf 86' lang='lat' dir='ltr'>annis</span> <span class='ocrx_word' id='word_1_223' title='bbox 818 1835 956 1885; x_wconf 86' lang='lat' dir='ltr'>ligatus</span> <span class='ocrx_word' id='word_1_224' title='bbox 989 1840 1048 1872; x_wconf 85' lang='lat' dir='ltr'>est</span> <span class='ocrx_word' id='word_1_225' title='bbox 1080 1834 1272 1884; x_wconf 76' lang='lat' dir='ltr'>diabolus,</span> <span class='ocrx_word' id='word_1_226' title='bbox 1310 1835 1433 1872; x_wconf 83' lang='lat' dir='ltr'>saneti</span> 
     </span>
     <span class='ocr_line' id='line_1_28' title="bbox 104 1892 1431 1947; baseline -0.004 -12"><span class='ocrx_word' id='word_1_227' title='bbox 104 1902 267 1947; x_wconf 83' lang='lat' dir='ltr'>regnant</span> <span class='ocrx_word' id='word_1_228' title='bbox 298 1907 386 1934; x_wconf 87' lang='lat' dir='ltr'>cum</span> <span class='ocrx_word' id='word_1_229' title='bbox 419 1894 572 1933; x_wconf 83' lang='lat' dir='ltr'>Christo</span> <span class='ocrx_word' id='word_1_230' title='bbox 612 1895 726 1932; x_wconf 91' lang='lat' dir='ltr'>etiam</span> <span class='ocrx_word' id='word_1_231' title='bbox 764 1895 837 1944; x_wconf 88' lang='lat' dir='ltr'>ipsi</span> <span class='ocrx_word' id='word_1_232' title='bbox 871 1893 972 1931; x_wconf 88' lang='lat' dir='ltr'>mille</span> <span class='ocrx_word' id='word_1_233' title='bbox 1005 1894 1133 1944; x_wconf 78' lang='lat' dir='ltr'>annis,</span> <span class='ocrx_word' id='word_1_234' title='bbox 1171 1892 1317 1930; x_wconf 90' lang='lat' dir='ltr'>eisdem</span> <span class='ocrx_word' id='word_1_235' title='bbox 1349 1893 1431 1931; x_wconf 88' lang='lat' dir='ltr'>sine</span> 
     </span>
     <span class='ocr_line' id='line_1_29' title="bbox 104 1951 1432 2003; baseline -0.004 -10"><span class='ocrx_word' id='word_1_236' title='bbox 104 1955 220 1994; x_wconf 90' lang='lat' dir='ltr'>dubio</span> <span class='ocrx_word' id='word_1_237' title='bbox 253 1960 292 1993; x_wconf 84' lang='lat' dir='ltr'>et</span> <span class='ocrx_word' id='word_1_238' title='bbox 323 1953 459 1992; x_wconf 90' lang='lat' dir='ltr'>eodem</span> <span class='ocrx_word' id='word_1_239' title='bbox 491 1953 603 1991; x_wconf 88' lang='lat' dir='ltr'>modo</span> <span class='ocrx_word' id='word_1_240' title='bbox 636 1951 925 2003; x_wconf 75' lang='lat' dir='ltr'>intellegendis,</span> <span class='ocrx_word' id='word_1_241' title='bbox 962 1951 1000 1989; x_wconf 86' lang='lat' dir='ltr'>id</span> <span class='ocrx_word' id='word_1_242' title='bbox 1033 1956 1093 1989; x_wconf 86' lang='lat' dir='ltr'>est</span> <span class='ocrx_word' id='word_1_243' title='bbox 1124 1952 1198 1989; x_wconf 86' lang='lat' dir='ltr'>isto</span> <span class='ocrx_word' id='word_1_244' title='bbox 1230 1951 1305 1988; x_wconf 87' lang='lat' dir='ltr'>iam</span> <span class='ocrx_word' id='word_1_245' title='bbox 1337 1955 1432 1989; x_wconf 86' lang='lat' dir='ltr'>tem-</span> 
     </span>
     <span class='ocr_line' id='line_1_30' title="bbox 104 2008 1433 2064; baseline -0.005 -13"><span class='ocrx_word' id='word_1_246' title='bbox 104 2025 198 2064; x_wconf 86' lang='lat' dir='ltr'>pore</span> <span class='ocrx_word' id='word_1_247' title='bbox 242 2013 383 2063; x_wconf 88' lang='lat' dir='ltr'>prioris</span> <span class='ocrx_word' id='word_1_248' title='bbox 425 2013 508 2049; x_wconf 92' lang='lat' dir='ltr'>eius</span> <span class='ocrx_word' id='word_1_249' title='bbox 547 2011 744 2049; x_wconf 87' lang='lat' dir='ltr'>adventus.</span> <span class='ocrx_word' id='word_1_250' title='bbox 805 2009 977 2060; x_wconf 88' lang='lat' dir='ltr'>Excepto</span> <span class='ocrx_word' id='word_1_251' title='bbox 1018 2009 1160 2059; x_wconf 86' lang='lat' dir='ltr'>quippe</span> <span class='ocrx_word' id='word_1_252' title='bbox 1197 2008 1261 2046; x_wconf 90' lang='lat' dir='ltr'>illo</span> <span class='ocrx_word' id='word_1_253' title='bbox 1301 2020 1433 2060; x_wconf 78' lang='lat' dir='ltr'>regno,</span> 
     </span>
     <span class='ocr_line' id='line_1_31' title="bbox 105 2068 1503 2121; baseline -0.004 -12"><span class='ocrx_word' id='word_1_254' title='bbox 105 2071 151 2109; x_wconf 87' lang='lat' dir='ltr'>de</span> <span class='ocrx_word' id='word_1_255' title='bbox 183 2083 260 2121; x_wconf 86' lang='lat' dir='ltr'>quo</span> <span class='ocrx_word' id='word_1_256' title='bbox 286 2072 325 2108; x_wconf 88' lang='lat' dir='ltr'>in</span> <span class='ocrx_word' id='word_1_257' title='bbox 350 2070 425 2108; x_wconf 88' lang='lat' dir='ltr'>fine</span> <span class='ocrx_word' id='word_1_258' title='bbox 452 2069 628 2108; x_wconf 79' lang='lat' dir='ltr'>dicturus</span> <span class='ocrx_word' id='word_1_259' title='bbox 660 2073 739 2107; x_wconf 86' lang='lat' dir='ltr'>est:</span> <span class='ocrx_word' id='word_1_260' title='bbox 781 2069 927 2114; x_wconf 70' lang='lat' dir='ltr'>Venite,</span> <span class='ocrx_word' id='word_1_261' title='bbox 959 2068 1159 2106; x_wconf 72' lang='lat' dir='ltr'>benedicte·</span> <span class='ocrx_word' id='word_1_262' title='bbox 1183 2069 1316 2116; x_wconf 67' lang='lat' dir='ltr'>patris</span> <span class='ocrx_word' id='word_1_263' title='bbox 1346 2068 1433 2115; x_wconf 73' lang='lat' dir='ltr'>mei,</span> <span class='ocrx_word' id='word_1_264' title='bbox 1460 2074 1503 2105; x_wconf 88' lang='lat'>30</span> 
     </span>
    </p>
   </div>
   <div class='ocr_carea' id='block_1_6' title="bbox 198 2171 485 2215">
    <p class='ocr_par' dir='ltr' id='par_1_7' title="bbox 198 2171 485 2215">
     <span class='ocr_line' id='line_1_32' title="bbox 198 2171 485 2215; baseline -0.01 -9"><span class='ocrx_word' id='word_1_265' title='bbox 198 2176 232 2215; x_wconf 82' lang='lat'>9)</span> <span class='ocrx_word' id='word_1_266' title='bbox 258 2171 322 2206; x_wconf 73' lang='lat' dir='ltr'>Mt.</span> <span class='ocrx_word' id='word_1_267' title='bbox 350 2175 404 2214; x_wconf 79' lang='lat'>24,</span> <span class='ocrx_word' id='word_1_268' title='bbox 434 2174 485 2204; x_wconf 83' lang='lat'>12.</span> 
     </span>
    </p>
   </div>
   <div class='ocr_carea' id='block_1_7' title="bbox 291 2261 381 2263">
    <p class='ocr_par' dir='ltr' id='par_1_8' title="bbox 291 2261 381 2263">
     <span class='ocr_line' id='line_1_33' title="bbox 291 2261 381 2263; baseline 0 0"><span class='ocrx_word' id='word_1_269' title='bbox 291 2261 381 2263; x_wconf 95' lang='lat' dir='ltr'> </span> 
     </span>
    </p>
   </div>
   <div class='ocr_carea' id='block_1_8' title="bbox 197 2309 574 2355">
    <p class='ocr_par' dir='ltr' id='par_1_9' title="bbox 197 2309 574 2355">
     <span class='ocr_line' id='line_1_34' title="bbox 197 2309 574 2355; baseline -0.005 -10"><span class='ocrx_word' id='word_1_270' title='bbox 197 2314 239 2345; x_wconf 81' lang='lat'>27</span> <span class='ocrx_word' id='word_1_271' title='bbox 267 2310 337 2355; x_wconf 82' lang='lat' dir='ltr'>ipsi</span> <span class='ocrx_word' id='word_1_272' title='bbox 361 2309 415 2351; x_wconf 86' lang='lat' dir='ltr'>R;</span> <span class='ocrx_word' id='word_1_273' title='bbox 440 2309 528 2354; x_wconf 84' lang='lat' dir='ltr'>ipsis</span> <span class='ocrx_word' id='word_1_274' title='bbox 553 2319 574 2343; x_wconf 86' lang='lat' dir='ltr'><em>v</em></span> 
     </span>
    </p>
   </div>
  </div>
 </body>
</html>
