1611 2465
85 838 126 868 10

84 1131 125 1160 15

84 1423 126 1453 20

85 2007 127 2036 30

153 88 237 129 498
701 96 728 122 s.
748 95 964 122 AUGUSTINI

697 251 851 295 CAPUT
884 252 958 294 VI.

160 341 274 387 Quod
304 351 381 377 non
421 340 554 376 omm'a
592 339 793 376 miracula
825 340 1033 376 naturalia
1064 341 1159 386 sint,
1200 341 1274 377 sed
1298 342 1495 388 pleraque

310 399 484 435 humano
518 398 677 444 inqendo
710 398 953 448 modificata,
981 399 1177 445 pleraque
1209 404 1341 436 (actem

513 456 750 493 daemonum
782 460 870 493 arte
902 457 1128 503 composita.

272 537 343 575 Hic
376 537 476 576 forte
516 536 795 588 respondeant:
837 536 1030 588 „Prorsus
1075 549 1146 576 nec
1183 539 1257 576 ista
1294 544 1385 577 sunt
1421 551 1494 577 nec

152 598 225 636 ista
259 595 473 647 credimus3
514 595 607 633 salsa
646 595 692 633 de
725 595 785 633 his
818 595 938 646 dicta,
975 595 1067 634 salsa
1101 598 1323 647 conscripta
1354 593 1492 649 sunt“;

153 661 192 693 et
237 655 404 693 adiciant
447 655 725 692 ratiocinantes
769 660 884 704 atque
924 654 1118 693 dicentes:
1165 655 1237 706 „Si
1278 655 1367 694 talia
1410 667 1492 694 cre-

153 714 278 752 denda
320 719 431 765 sunt,
476 712 623 751 credite
664 718 703 751 et
742 724 809 750 vos
849 712 952 762 quod
993 714 1033 751 in
1066 713 1220 752 easdem
1252 714 1401 752 litteras
1435 720 1495 753 est

153 773 336 819 relatum,
379 772 500 810 fuisse
538 771 599 810 vel
646 783 730 809 esse
771 771 965 821 quoddam
1007 770 1168 809 Veneris
1207 773 1339 811 sanum
1377 778 1493 823 atque

152 830 206 869 ibi
239 830 515 869 candelabrum
554 836 592 869 et
630 831 669 868 in
707 842 752 867 eo
791 829 991 868 lucernam
1030 829 1102 868 suh
1142 831 1227 869 divo
1267 832 1323 870 sic
1355 831 1491 870 arden-

152 895 252 941 tem,
294 895 338 928 ut
375 901 459 928 eam
502 889 605 927 nulla
646 894 875 940 tempestas,
917 888 1046 927 nullus
1079 888 1204 927 imber
1236 891 1493 942 extingueret,

152 948 255 987 unde
290 949 391 986 sicut
423 947 484 986 ille
518 947 632 999 lapis,
670 948 723 985 ita
755 948 828 985 ista
859 944 1000 998 λύχνος
1032 944 1233 998 ἄσβεστος,
1274 948 1313 986 id
1346 954 1405 987 est
1436 948 1492 987 lu-

154 1018 271 1045 cerna
298 1006 619 1057 inextinguibilis,
652 1007 848 1044 nominata
875 1002 969 1044 est.“
1031 1005 1142 1051 Quod
1169 1013 1377 1058 propterea
1408 1013 1492 1058 pot-

154 1071 270 1103 erunt
313 1065 464 1116 dicere,
510 1070 552 1102 ut
595 1063 859 1115 respondendi
902 1063 1015 1102 nobis
1057 1067 1254 1115 angustias
1296 1067 1493 1117 ingerant3

154 1125 242 1174 quia
275 1124 308 1161 si
340 1123 553 1161 dixerimus
586 1135 663 1161 non
697 1135 781 1160 esse
815 1123 1075 1174 credendum,
1108 1125 1252 1174 scripta
1284 1123 1347 1163 illa
1379 1125 1492 1162 mira-

153 1181 332 1220 culorum
363 1181 665 1231 infirmabimus3
704 1183 736 1219 si
777 1187 906 1219 autem
939 1180 1179 1219 credendum
1212 1194 1297 1220 esse
1331 1194 1490 1221 conces-

153 1241 338 1291 serimus,
370 1239 612 1277 firmabimus
645 1241 803 1278 numina
836 1251 1086 1289 paganorum.
1151 1239 1227 1278 Sed
1259 1252 1349 1293 nos,
1390 1242 1492 1280 sicut

151 1300 228 1336 iam
259 1300 299 1336 in
331 1298 430 1336 libro
458 1298 799 1336 duodevicensimo
832 1297 948 1336 huius
981 1299 1111 1348 operis
1145 1297 1234 1349 dixi,
1268 1311 1345 1337 non
1375 1299 1491 1338 habe-

153 1369 239 1395 mus
278 1369 440 1395 necesse
479 1358 607 1394 omnia
646 1356 825 1406 credere,
863 1368 961 1406 quae
1001 1356 1164 1395 historia
1197 1358 1372 1396 continet
1402 1370 1494 1409 gen-

153 1417 262 1467 tium,
296 1428 385 1453 cum
412 1420 451 1453 et
475 1417 551 1466 ipsi
577 1417 679 1453 inter
705 1427 746 1453 se
779 1414 968 1466 historici,
1001 1416 1102 1453 sicut
1134 1416 1185 1454 ait
1216 1414 1349 1468 Varr0,
1383 1418 1493 1467 quasi

153 1473 239 1512 data
279 1486 397 1524 opera
437 1479 476 1512 et
515 1475 621 1524 quasi
662 1485 709 1511 ex
746 1473 939 1511 industria
975 1486 1046 1524 per
1084 1473 1205 1512 multa
1243 1473 1493 1527 dissentiant3

153 1533 221 1571 sed
249 1544 304 1584 ea,
336 1534 369 1570 si
393 1532 584 1583 volumus,
617 1531 824 1583 credimus,
856 1544 955 1582 quae
981 1544 1059 1570 non
1086 1532 1342 1571 adversantur
1372 1533 1494 1585 libris,

153 1591 296 1641 quibus
340 1603 418 1628 non
470 1590 693 1629 dubitamus
738 1596 921 1641 oportere
971 1602 1041 1628 nos
1088 1590 1260 1629 credere.
1332 1590 1387 1630 De
1431 1591 1492 1630 his

153 1656 283 1688 autem
322 1649 599 1687 miraculorum
638 1649 734 1687 locis
772 1648 884 1687 nobis
922 1648 967 1687 ad
1007 1661 1068 1701 ea,
1107 1661 1204 1699 quae
1244 1650 1374 1688 futura
1405 1662 1492 1701 per—

109 1716 121 1723 '
154 1707 318 1747 suadere
351 1707 564 1746 incredulis
597 1707 794 1758 volumus,
827 1709 920 1745 satis
952 1707 1014 1745 illa
1047 1708 1258 1758 sufficiant,
1291 1720 1389 1758 quae
1421 1720 1493 1746 nos

156 1778 310 1817 quoque
349 1778 559 1817 possumus
599 1767 785 1818 experiri,
824 1771 863 1804 et
901 1777 1037 1804 eorum
1069 1771 1188 1804 testes
1221 1766 1382 1805 idoneos
1414 1778 1493 1805 non

155 1824 311 1863 difficile
351 1830 410 1862 est
447 1825 634 1862 invenire.
696 1823 750 1862 De
783 1826 857 1863 isto
890 1830 1020 1862 autem
1052 1824 1139 1862 fano
1171 1823 1333 1862 Veneris
1367 1830 1405 1863 et
1435 1824 1492 1863 lu-

155 1895 271 1921 cerna
312 1881 601 1932 inextinguibili
640 1894 717 1920 non
760 1882 884 1920 solum
924 1884 963 1920 in
1002 1882 1126 1920 nullas
1169 1888 1390 1921 coartamur
1427 1894 1491 1920 an-

155 1943 322 1993 gustias,
367 1952 503 1979 verum
548 1942 663 1979 etiam
701 1940 916 1979 latitudinis
954 1939 1066 1978 nobis
1105 1951 1264 1990 campus
1306 1942 1491 1991 aperitur.

154 2000 341 2037 Addimus
368 2001 471 2037 enim
498 1998 543 2037 ad
570 2000 683 2037 istam
708 1998 908 2037 lucernam
934 1998 1268 2048 inextinguibilem
1295 2005 1333 2037 et
1359 1998 1491 2037 huma-

250 2102 305 2142 18)
334 2099 370 2134 C.
400 2103 452 2134 18.

177 2261 183 2267 ⁸
239 2219 314 2295 ,0131
330 2214 556 2249 firmabimus
591 2224 676 2257 mss3
714 2214 874 2249 confirm.
909 2223 930 2248 υ
966 2215 978 2258 ΙΙ
1014 2217 1058 2248 25
1095 2213 1280 2249 sufficiant
1303 2214 1359 2257 R,·
1393 2214 1489 2249 suffi-

154 2272 236 2297 cnm
318 2272 337 2295 v
