1548 2562
384 174 437 198 DE
457 173 646 199 CIVITATE
666 174 735 199 DEI
754 174 787 199 L.
806 174 886 199 XXI.
906 173 935 199 C.
955 174 996 199 16.
1017 174 1060 201 17.
1310 163 1392 204 521

62 274 149 300 rum
195 261 277 300 aliis
321 261 522 314 leviorem,
563 262 645 300 aliis
684 263 860 300 futurum
908 273 993 300 esse
1037 262 1271 313 graviorem,
1315 262 1393 299 sive

61 320 185 370 ipsius
218 321 275 357 vis
302 325 417 369 atque
444 320 559 358 ardor
590 332 661 370 pro
687 332 811 370 poena
844 320 957 370 digna
989 320 1179 370 cuiusque
1212 320 1394 370 varietur,

63 379 140 415 sive
173 379 256 428 ipse
289 377 502 427 aequaliter
535 378 666 417 ardeat
709 377 777 416 sed
810 390 887 416 non
918 377 1068 428 aequali
1099 376 1275 415 molestia
1308 389 1393 415 sen-

61 437 190 474 tiatur.

564 570 718 613 CAPUT
750 571 884 613 XVII.
1424 583 1443 613 5

62 656 121 694 De
141 657 214 703 leis,
241 657 312 704 qui
329 660 476 704 putant
500 657 699 694 nullorum
726 656 925 693 hominum
945 666 1098 703 poenas
1125 657 1164 693 2'72
1191 660 1397 694 aeternum

559 725 643 751 esse
673 724 896 751 mansuras.

177 794 290 833 Nunc
323 795 397 832 iam
432 805 520 832 eum
559 793 879 832 misericordibus
911 796 1056 832 nostris
1088 794 1278 845 agendum
1312 806 1397 832 esse

61 853 170 891 video
198 858 237 891 et
262 852 422 903 pacifice
449 851 738 903 disputandum,
771 853 838 902 qui
864 851 923 890 vel
956 852 1135 891 omnibus
1168 852 1242 890 illis
1274 852 1395 890 homi-

61 911 194 962 nibus,
233 922 330 960 quos
370 911 609 948 iustissimus
646 910 762 948 iudex
801 910 936 960 dignos
974 910 1173 960 gehennae
1206 909 1395 961 supplicio
1426 920 1466 951 10

61 968 267 1020 iudicabit,
310 967 370 1005 vel
411 967 642 1018 quibusdam
680 979 816 1005 eorum
857 968 994 1006 nolunt
1033 969 1193 1006 credere
1233 980 1396 1018 poenam

62 1029 339 1078 sempiternam
371 1027 560 1077 futuram,
603 1025 670 1063 sed
702 1030 791 1076 post
823 1027 919 1064 certi
950 1028 1139 1077 temporis
1171 1032 1293 1064 metas
1325 1038 1396 1076 pro

62 1087 251 1135 cuiusque
293 1085 442 1134 peceati
495 1085 708 1134 quantitate
750 1083 936 1134 longioris
978 1085 1057 1122 sive
1098 1083 1289 1122 brevioris
1331 1095 1397 1122 eos

60 1143 148 1182 inde
191 1144 412 1181 existimant
442 1141 673 1179 liberandos.
725 1141 808 1186 Qua
839 1143 877 1180 in
912 1154 953 1180 re
987 1142 1277 1180 misericordior
1309 1154 1395 1192 pro-

61 1202 164 1240 fecto
197 1201 270 1239 fuit
302 1199 502 1252 Origenes,
536 1201 601 1250 qui
634 1205 672 1238 et
704 1200 833 1250 ipsum
866 1200 1059 1238 diabolum
1093 1206 1207 1250 atque
1241 1199 1397 1250 angelos
1425 1208 1466 1239 15

62 1261 145 1297 eius
177 1264 266 1310 post
291 1260 466 1309 graviora
492 1270 563 1308 pro
597 1258 748 1296 meritis
781 1264 819 1295 et
851 1258 1096 1297 diuturniora
1129 1258 1318 1309 supplicia
1351 1270 1396 1296 ex

61 1317 135 1355 illis
162 1316 399 1355 cruciatibus
427 1316 620 1354 eruendos
653 1321 692 1353 et
724 1316 927 1354 sociandos
960 1318 1103 1354 sanetis
1136 1316 1282 1366 angelis
1315 1327 1396 1354 ere-

62 1375 169 1414 didit.
233 1374 308 1413 Sed
343 1374 450 1412 illum
486 1379 524 1412 et
557 1378 718 1424 propter
744 1373 817 1412 hoe
850 1379 888 1412 et
918 1380 1080 1425 propter
1111 1374 1182 1412 alia
1214 1373 1397 1412 nonnulla

62 1439 101 1472 et
126 1434 289 1472 maxime
316 1437 478 1483 propter
504 1431 740 1470 alternantes
773 1434 855 1470 sine
888 1434 1104 1470 cessatione
1136 1431 1397 1470 beatitudines

62 1497 101 1530 et
138 1492 313 1529 miserias
352 1496 391 1529 et
430 1491 584 1528 statutis
624 1489 870 1528 saeculorum
910 1490 1121 1528 intervallis
1154 1489 1200 1528 ab
1232 1491 1318 1528 istis
1351 1490 1396 1528 ad
1424 1499 1467 1530 20

62 1549 145 1588 illas
178 1554 292 1599 atque
326 1547 372 1586 ab
404 1548 479 1586 illis
511 1548 557 1586 ad
596 1549 690 1586 istas
722 1549 800 1586 itus
833 1560 875 1586 ac
908 1548 1057 1586 reditus
1089 1547 1397 1586 interminabiles

62 1620 140 1645 non
165 1608 346 1645 inmerito
373 1605 595 1657 reprobavit
615 1605 796 1658 ecelesia3
822 1607 911 1656 quia
939 1612 977 1644 et
1001 1606 1086 1657 hoe,
1119 1606 1222 1656 quod
1249 1607 1397 1644 miseri-

64 1677 151 1703 cors
177 1664 390 1715 videbatur,
423 1665 550 1702 amisit
576 1663 753 1702 faciendo
781 1666 925 1702 sanetis
952 1676 1061 1702 veras
1095 1665 1282 1715 miserias,
1315 1665 1396 1713 qui-

62 1723 135 1762 bus
162 1735 305 1774 poenas
330 1722 496 1774 luerent,
522 1726 561 1760 et
586 1721 700 1760 falsas
725 1721 997 1774 beatitudines,
1029 1724 1068 1760 in
1096 1721 1236 1772 quibus
1262 1733 1397 1760 verum

63 1794 106 1819 ac
140 1793 334 1832 securum,
365 1780 439 1818 hoc
473 1785 532 1818 est
564 1781 646 1818 sine
680 1781 818 1818 timore
852 1786 1015 1832 eertum,
1048 1781 1275 1830 sempiterni
1307 1779 1399 1818 boni
1424 1788 1467 1819 25

64 1838 247 1889 gaudium
279 1850 357 1876 non
395 1837 596 1876 haberent.
658 1837 790 1888 Longe
829 1844 957 1877 autem
990 1838 1100 1876 aliter
1133 1839 1297 1876 istorum
1330 1839 1398 1876 mi—

65 1897 277 1935 sericordia
309 1896 477 1934 humano
506 1901 611 1934 errat
644 1896 796 1948 affectu,
828 1898 894 1947 qui
925 1897 1127 1935 hominum
1158 1896 1222 1934 illo
1255 1895 1398 1934 iudicio

64 1955 335 1993 damnatorum
379 1955 556 1992 miserias
594 1954 850 2006 temporales,
892 1956 1065 1992 omnium
1104 1966 1195 1992 vero
1235 1955 1300 2004 qui
1341 1953 1399 1991 vel

65 2015 179 2051 eitius
220 2012 280 2051 vel
317 2012 466 2050 tardIus
505 2011 721 2050 liberantur
759 2018 955 2051 aeternam
994 2012 1218 2050 felicitatem
1250 2017 1398 2062 putant.

66 2071 172 2115 Quae
205 2072 397 2108 sententia
430 2071 462 2108 si
493 2074 700 2121 propterea
731 2070 832 2109 bona
863 2076 902 2109 et
933 2082 1023 2108 vera
1056 2071 1144 2120 quia
1175 2071 1398 2108 misericors
1424 2079 1468 2109 30

66 2134 135 2180 est,
167 2133 273 2166 tanto
301 2129 375 2166 erit
400 2128 537 2166 melior
569 2133 608 2166 et
638 2129 766 2166 verior
798 2134 941 2179 quanto
974 2127 1277 2166 misericordior.
1325 2127 1398 2165 Ex-

161 2280 202 2309 22
225 2275 311 2318 quia
331 2274 403 2308 ΕΑ
423 2275 499 2309 edd.
520 2277 620 2316 vett.‚·
647 2274 735 2318 quin
754 2275 805 2309 ed.
829 2275 917 2309 Par.
943 2286 985 2309 ex
1011 2276 1215 2310 coniectura
1235 2275 1371 2309 Morelz·
1389 2274 1399 2319 i]

66 2325 107 2355 31
135 2321 405 2356 misericordior
428 2320 537 2355 fuerit
564 2331 584 2355 v
