1611 2465
102 743 142 773 10

103 1034 144 1064 15

104 2026 147 2056 30

171 111 257 151 524
713 118 739 144 s.
759 118 975 145 AUGUSTIM

169 221 305 247 omnes
339 210 463 246 sancti
491 209 574 246 eius
608 206 791 246 orabunt!
844 207 920 245 Sed
952 206 1038 259 hoc,
1070 208 1173 258 quod
1205 209 1279 258 ipsi
1313 210 1393 247 suis
1426 221 1508 247 cor-

169 267 283 306 dibus
317 268 579 318 suspicantur,
611 265 698 304 ideo
731 272 869 317 putant
901 267 1117 316 scripturas
1148 268 1315 305 tacuisse
1350 267 1509 319 divinas,

168 332 211 364 ut
250 325 361 364 multi
401 337 441 363 se
484 325 682 376 corrigant
719 324 779 362 vel
817 324 1055 375 prolixarum
1095 324 1153 362 vel
1185 330 1432 364 aeternarum
1465 327 1510 364 ti-

169 396 278 422 more
326 395 562 434 poenarum,
607 389 645 421 et
684 384 762 421 sint
800 384 866 433 qui
904 384 1056 433 possint
1089 394 1199 421 orare
1232 396 1302 434 pro
1337 385 1411 435 eis,
1444 385 1511 435 qui

170 455 247 480 non
287 454 327 479 se
368 443 629 493 correxerint,
668 453 740 479 nec
778 447 907 479 tamen
948 442 1157 492 opinantur
1189 444 1294 480 omni
1326 443 1439 481 modo
1472 442 1508 481 id

170 500 322 550 eloquia
350 499 477 538 divina
503 501 683 538 tacuisse.
746 499 842 537 Nam
869 511 945 550 quo
971 501 1154 551 pertinet,
1181 501 1374 553 inquiunt,
1407 501 1510 552 quod

170 560 361 609 scriptum
406 563 482 596 est:
540 559 666 605 Quam
709 561 832 597 multa
882 559 1092 596 multitudo
1137 560 1362 598 dulcedinis
1407 564 1510 607 tuae,

170 618 349 668 Domine,
382 628 501 665 quam
528 618 819 655 abscondidisti
843 617 1069 655 timentibus
1102 622 1149 665 te,
1181 618 1258 655 nisi
1288 623 1331 656 ut
1362 617 1511 656 intelle-

170 687 305 726 gamus
337 680 500 726 propter
540 677 720 713 timorem
761 675 880 713 fuisse
922 673 1187 713 absconditam
1220 675 1511 714 misericordiae

170 733 321 772 divinae
368 739 444 772 tam
489 733 650 772 multam
698 739 967 783 secretamque
1018 731 1294 772 dulcedinem?
1355 734 1513 773 Addunt

171 793 287 830 etiam
319 797 528 843 propterea
567 791 710 830 dixisse
753 791 988 843 apostolum:
1039 792 1240 830 Conclusit
1270 795 1373 831 enim
1405 794 1513 832 Deus

171 862 302 890 omnes
334 852 375 889 2⁹72
409 852 660 898 infidelitate,
700 855 744 889 ut
775 853 945 889 omnium
986 852 1243 897 misereatur,
1285 863 1361 901 quo
1396 853 1512 902 signi-

171 910 322 961 ficaret,
362 908 464 959 quod
505 909 551 947 ab
590 909 654 947 illo
695 921 808 947 nemo
842 907 1100 947 damnabitur.
1162 908 1242 947 Nec
1274 910 1339 948 isti
1370 915 1512 961 tamen,

173 969 239 1018 qui
271 967 344 1005 hoc
378 968 570 1019 sentiunt,
612 967 711 1005 hanc
744 969 1009 1018 opinationem
1042 979 1151 1005 suam
1183 979 1307 1018 usque
1341 968 1387 1006 ad
1419 968 1511 1006 libe-

172 1027 363 1063 rationem
390 1025 449 1063 vel
477 1025 621 1063 nullam
649 1026 936 1064 damnationem
963 1025 1106 1063 diaboli
1138 1030 1253 1076 atque
1287 1026 1514 1077 angelorum

172 1085 257 1122 eius
291 1084 524 1135 extendunt3
563 1084 732 1122 humana
774 1085 917 1135 quippe
951 1085 1054 1121 circa
1087 1083 1190 1122 solos
1222 1084 1400 1123 homines
1432 1097 1511 1124 mo-

172 1147 313 1180 ventur
351 1142 618 1181 misericordia
657 1148 696 1180 et
734 1154 888 1181 causam
928 1143 1093 1180 maxime
1126 1148 1246 1192 agunt
1278 1155 1404 1196 suam,
1442 1155 1513 1195 per

171 1200 393 1251 generalem
424 1201 464 1238 in
496 1212 619 1251 genus
651 1201 864 1239 humanum
897 1201 1007 1250 quasi
1034 1200 1103 1238 Dei
1135 1201 1425 1240 miserationem
1456 1205 1512 1240 in-

171 1260 389 1309 punitatem
416 1258 549 1297 falsam
577 1260 658 1297 suis
685 1259 848 1309 perditis
881 1258 1057 1296 moribus
1089 1258 1335 1311 pollicentes;
1368 1272 1411 1298 ac
1443 1272 1514 1311 per

173 1317 246 1355 hoc
280 1316 522 1367 superabunt
560 1329 626 1355 eos
665 1318 704 1355 in
736 1316 995 1368 praedicanda
1028 1316 1097 1354 Dei
1130 1317 1415 1370 misericordia,
1448 1320 1515 1369 qui

172 1375 271 1413 113110
303 1376 563 1426 inpunitatem
597 1376 713 1413 etiam
745 1376 914 1426 principi
947 1375 1180 1414 daemonum
1213 1381 1252 1414 et
1284 1377 1368 1414 eius
1401 1376 1512 1415 satel-

171 1433 305 1471 litibus
337 1432 583 1484 pollicentur.

691 1558 842 1601 CAPUT
876 1558 990 1601 XIX.

174 1644 232 1682 De
264 1644 343 1690 his,
383 1645 453 1691 qui
491 1646 753 1692 inpunitatem
786 1646 959 1681 omnium
985 1648 1249 1692 peccatorum
1275 1648 1515 1694 promittunt

263 1704 381 1739 etiam
413 1703 630 1740 haereticis
658 1707 826 1751 propter
852 1704 1207 1750 participationem
1239 1707 1421 1752 eorporis

767 1760 923 1797 Christi.

291 1840 389 1879 Item
423 1846 513 1878 sunt
545 1841 607 1879 alii
640 1841 686 1879 ab
725 1847 884 1879 aeterno
918 1840 1107 1891 supplicio
1141 1840 1410 1881 liberationem
1443 1856 1514 1883 nec

173 1900 268 1950 ipsis
296 1899 431 1937 saltem
459 1898 640 1937 omnibus
673 1899 895 1937 hominibus
927 1901 1213 1951 promittentes,
1246 1900 1313 1938 sed
1346 1907 1513 1941 tantum-

174 1958 288 1995 modo
323 1956 468 1995 Christi
501 1957 730 2007 baptismate
764 1956 927 2009 ablutis,
960 1958 1025 2008 qui
1059 1959 1268 2008 participes
1301 1959 1398 1997 fiunt
1430 1972 1513 1998 cor-

174 2017 281 2066 poris
315 2016 418 2066 eius,
458 2015 749 2065 quomodolibet
788 2016 972 2066 vixerint,
1011 2016 1049 2052 in
1083 2027 1329 2066 quacumque
1362 2017 1514 2057 haeresi

269 2106 303 2148 8)
331 2104 388 2139 Ps.
416 2108 473 2147 30,
501 2108 554 2138 20.
607 2106 664 2147 12)
691 2103 793 2137 Rom.
824 2108 876 2146 11,
904 2108 955 2138 32.

270 2236 289 2265 8
318 2231 532 2266 timentibus
559 2242 627 2266 mss
652 2231 713 2274 (ef.
741 2242 768 2266 e.
795 2234 845 2267 24
870 2232 993 2274 med.),·
1020 2232 1269 2268 metuentibus
1296 2244 1315 2267 v
1335 2235 1346 2278 ΙΙ
1368 2238 1410 2268 14
1437 2235 1512 2280 opi-

176 2279 363 2314 nationem
391 2278 426 2312 R
451 2279 532 2320 (vol.
562 2278 597 2314 I.
625 2281 681 2320 53,
709 2282 788 2321 11),·
815 2278 1026 2322 opinionem
1051 2279 1108 2312 Ao
