1548 2562
437 136 489 160 DE
510 135 697 161 CIVITATE
717 135 786 160 Dm
805 135 837 160 1,,
858 135 954 160 XVII.
975 134 1005 160 0.
1026 135 1052 160 8.
1309 124 1395 165 225

64 224 172 263 113165
204 224 345 263 ludaei.
406 223 501 261 Nam
534 229 572 261 et
603 225 677 273 ipsi
709 235 833 273 usque
865 223 960 261 adeo
992 222 1130 274 filium,
1162 234 1278 272 quem
1311 222 1395 260 loco

63 284 139 321 isto
178 284 261 333 regi
294 281 408 320 David
448 283 684 332 promissum
716 281 866 331 legunt,
904 281 1134 331 intellegunt
1165 293 1242 318 non
1276 281 1395 318 fuisse

68 341 323 391 Salomonem,
356 345 398 378 ut
424 352 481 391 eo,
514 341 579 389 qui
605 341 822 390 promissus
849 345 908 377 est
934 344 1038 377 tanta
1070 340 1145 376 iam
1176 339 1396 377 manifesta-

67 401 184 450 tione,
216 398 409 436 declarato
442 397 567 436 adhuc
598 397 764 435 mirabili
797 399 981 435 caecitate
1015 397 1131 435 alium
1164 409 1321 447 sperare
1355 409 1396 434 se

68 457 207 495 dicant.
274 456 388 494 Facta
439 462 498 493 est
545 455 700 505 quidem
746 455 929 493 nonnulla
973 457 1097 505 imago
1142 457 1199 493 rei
1242 455 1396 493 futurae

68 517 182 554 etiam
207 516 247 552 in
274 514 490 565 Salomone,
522 515 561 551 111
596 526 640 551 60
668 513 769 563 quod
799 513 982 564 templum
1016 513 1229 551 aedificavit
1261 518 1299 550 et
1330 525 1397 563 pa-

68 585 151 612 cem
177 572 312 611 habuit
338 572 553 610 secundum
578 583 719 610 nomen
746 583 859 609 suum
893 568 1094 623 (Salomon
1121 573 1264 622 quippe
1296 572 1397 622 paci-

67 633 163 670 ficus
196 636 255 669 est
291 626 445 681 Latine)
484 635 522 668 et
558 631 597 667 in
633 629 791 667 exordio
824 631 935 679 regni
967 631 1027 667 sui
1059 630 1288 668 mirabiliter
1318 630 1398 667 lau-

68 689 203 727 dabilis
241 689 330 740 fuit3
369 688 436 726 sed
475 688 607 726 eadem
647 700 714 726 sua
752 699 918 738 persona
956 699 1026 738 per
1068 688 1244 726 umbram
1277 688 1400 726 futuri

68 742 364 800 praenuntiabat
390 748 505 785 etiam
536 748 618 797 ipse
652 746 850 784 Christum
882 745 1100 797 Dominum,
1133 758 1210 783 11011
1243 745 1397 784 exhibe-

68 806 143 844 bat.
204 805 313 843 Unde
358 804 547 855 quaedam
590 804 636 842 de
681 804 745 841 illo
787 806 838 842 ita
876 806 1020 855 scripta
1058 810 1166 856 sunt,
1204 805 1314 854 quasi
1352 803 1399 842 de

68 866 151 915 ipso
178 865 250 901 ista
276 863 473 914 praedicta
499 864 587 909 sint,
620 862 711 900 dum
745 864 937 912 scriptura
971 868 1102 900 sancta
1134 864 1249 900 etiam
1282 862 1400 900 rebus

69 924 188 972 gestis
228 921 465 972 prophetans
507 920 671 971 quodam
713 920 826 957 modo
873 922 913 958 in
954 932 999 958 eo
1041 921 1203 970 figuram
1244 920 1402 958 deliniat

70 982 304 1018 futurorum.
379 979 474 1017 Nam
518 984 674 1029 praeter
718 978 837 1015 libros
882 978 1031 1016 divinae
1076 978 1284 1026 historiae,
1335 978 1401 1016 uhi

70 1050 253 1089 regnasse
291 1043 488 1089 narratur,
525 1037 695 1087 psalmus
734 1038 850 1074 etiam
882 1038 1220 1086 septuagensimus
1252 1038 1401 1087 primus

70 1096 182 1135 titulo
221 1097 388 1134 nominis
427 1097 510 1133 eius
542 1096 753 1145 inscriptus
786 1100 861 1145 est,
904 1096 943 1136 in
976 1107 1051 1145 quo
1086 1100 1161 1132 tam
1195 1095 1313 1132 multa
1346 1095 1400 1132 di-

71 1160 231 1206 cuntur,
275 1166 372 1204 quae
411 1155 568 1191 omnino
607 1154 642 1191 ei
675 1154 881 1190 convenire
915 1165 992 1190 11011
1025 1158 1205 1204 possunt,
1238 1153 1401 1190 Domino

71 1218 199 1251 autem
233 1211 386 1250 Christo
425 1213 621 1262 aptissima
652 1212 930 1261 perspicuitate
962 1213 1218 1262 conveniunt,
1250 1217 1293 1249 ut
1326 1212 1400 1248 evi-

72 1271 209 1309 denter
241 1275 439 1321 appareat,
478 1267 580 1320 qfiod
621 1270 660 1307 in
692 1269 755 1306 illo
790 1270 910 1319 figura
944 1269 1237 1319 qualiscumque
1270 1269 1400 1307 adum-

71 1329 180 1367 brata
213 1330 279 1379 sit,
316 1330 355 1366 in
387 1330 461 1366 isto
494 1333 622 1366 autem
654 1329 737 1377 ipsa
769 1329 909 1365 veritas
941 1332 1196 1377 praesentata.
1258 1327 1401 1365 Notum

73 1393 132 1425 est
157 1389 272 1438 enim,
305 1386 446 1437 quihus
472 1387 649 1424 terminis
682 1398 845 1435 regnum
878 1385 1106 1423 conclusum
1139 1386 1265 1423 fuerat
1298 1385 1401 1423 Salo-

73 1447 215 1495 monis3
254 1450 293 1483 et
332 1450 460 1482 tamen
499 1446 538 1482 in
580 1456 624 1481 eo
662 1443 809 1494 psalmo
847 1444 1006 1495 legitur,
1050 1449 1093 1481 ut
1134 1444 1205 1481 alia
1238 1450 1403 1495 taceam,

74 1504 355 1542 Dominabitur
393 1515 417 1540 a
455 1505 562 1540 marl
585 1514 709 1549 usque
735 1504 790 1540 ad
819 1513 932 1540 mare
963 1507 999 1539 et
1031 1514 1056 1540 α
1083 1504 1249 1549 flumine
1280 1514 1404 1550 usque

74 1564 130 1600 ad
165 1563 352 1600 terminos
389 1562 498 1599 orbis
536 1566 688 1606 terrae,
727 1560 829 1610 quod
868 1561 907 1597 in
940 1559 1094 1597 Christo
1127 1560 1302 1598 videmus
1334 1562 1402 1598 1111-

73 1620 182 1671 pleri.
252 1619 283 1657 A
322 1618 480 1656 flumine
525 1620 667 1668 quippe
712 1618 933 1655 dominandi
981 1620 1146 1668 sumpsit
1190 1618 1403 1667 exordium,

74 1677 141 1716 uhi
166 1678 380 1728 baptizatus
406 1689 426 1713 3
452 1676 619 1714 1011311116
647 1676 783 1713 eodem
814 1680 1056 1713 monstrante
1089 1677 1217 1726 coepit
1248 1677 1405 1726 agnosci

74 1748 95 1774 a
127 1735 338 1786 discipulis,
371 1736 437 1784 qui
463 1746 552 1772 eum
584 1745 661 1771 non
694 1733 819 1771 solum
850 1735 1089 1786 magistrum,
1121 1746 1257 1772 verum
1289 1736 1405 1772 etiam

75 1793 281 1831 Dominum
312 1792 611 1843 appellaverunt.
1284 1801 1289 1807 ’

192 1851 270 1889 Nec
297 1850 345 1888 ol)
372 1850 473 1888 aliud
506 1851 655 1888 vivente
689 1849 813 1887 adhuc
845 1854 954 1900 patre
987 1861 1064 1887 suo
1091 1849 1207 1888 David
1240 1862 1404 1901 regnare

76 1911 203 1960 coepit
242 1908 441 1960 Salomon,
483 1908 585 1958 quod
624 1907 719 1946 nulli
751 1920 886 1958 regum
919 1907 1072 1946 illorum
1106 1910 1288 1960 contigit,
1330 1910 1404 1947 nisi

76 1973 119 2006 ut
148 1967 239 2005 hinc
270 1979 425 2017 quoque
465 1968 556 2004 satis
588 1966 738 2004 eluceat
770 1978 846 2003 non
879 1977 964 2004 esse
998 1967 1137 2017 ipsum,
1169 1978 1284 2016 quem
1316 1978 1404 2017 pro—

75 2025 206 2076 phetia
243 2026 315 2063 ista
352 2026 590 2076 praesignat,
628 2036 725 2074 quae
764 2023 810 2061 ad
843 2025 926 2062 eius
958 2030 1107 2074 patrem
1138 2024 1311 2074 loquitur
1349 2025 1403 2062 di-

77 2096 186 2122 cens:
225 2083 276 2121 Et
312 2085 405 2130 erit,
445 2094 534 2122 cum
571 2085 713 2131 repleti
745 2081 902 2130 fuerint
939 2084 1021 2121 dies
1054 2084 1127 2129 lui,
1166 2087 1203 2120 et
1234 2084 1406 2122 dormies

171 2174 228 2215 24)
254 2171 310 2206 ΡΒ.
339 2175 394 2214 71,
420 2175 451 2206 8.

172 2291 215 2321 10
241 2288 344 2322 Dom.
371 2288 536 2322 nostrum
561 2299 579 2321 v
599 2289 610 2331 Η
632 2291 672 2321 13
700 2287 861 2321 delineat
885 2299 904 2321 v
924 2290 935 2330 η
956 2292 996 2320 21
1024 2286 1133 2320 fuerit
1157 2297 1177 2320 v

150 2359 222 2377 Auo.
242 2358 282 2376 ms:
303 2358 362 2378 mv.
382 2359 444 2378 nm.
475 2352 515 2376 ΙΙ.
1083 2348 1124 2377 15

1427 753 1469 784 10

1429 1043 1470 1073 15

1429 1335 1472 1364 20

1431 1624 1473 1654 25

1431 1916 1474 1946 30
