1611 2465
100 687 142 716 10

103 978 144 1009 15

103 1271 147 1302 20

105 1564 148 1594 25

108 1856 152 1886 30

167 53 251 94 394
705 60 731 85 s.
751 58 969 85 Aoecsnm

167 152 408 190 confinxerit.
472 149 594 194 Quam
634 148 707 186 sibi
746 154 898 186 constet
930 148 988 186 vel
1021 150 1102 199 ipsa
1135 148 1290 187 oracula
1324 150 1426 187 inter
1459 161 1500 187 se

167 212 281 248 saciat
322 210 550 258 convenire,
594 213 728 258 postea
772 206 1005 258 videbimus3
1052 207 1113 245 hic
1156 213 1284 245 tamen
1328 206 1503 259 Iudaeos,

168 276 364 319 tamquam
391 267 460 304 Dei
487 272 748 317 susceptores,
780 271 886 303 recte
913 266 1007 303 dicit
1038 266 1229 304 iudicasse
1263 266 1309 303 de
1338 265 1505 317 Christo,

167 327 270 378 quod
311 338 398 364 eum
437 330 561 363 morte
601 326 769 374 pessima
810 323 1115 363 excruciandum
1147 336 1232 362 esse
1265 326 1504 363 censuerint.

167 386 270 423 Deus
296 387 425 434 itaque
451 383 696 433 Indaeorum,
728 384 791 421 cui
823 382 1003 433 perhibet
1035 384 1314 432 testimonium,
1346 382 1504 421 audien-

168 445 240 482 dus
262 443 511 481 fuit‘dicens:
538 442 788 488 Sctcrificans
817 443 893 479 dlis
920 443 1212 488 eradicabitur,
1240 444 1319 479 nisi
1337 442 1505 480 Domino

168 508 330 541 tantum.
394 500 470 539 Sed
497 500 541 538 ad
570 501 833 538 manifestiora
860 501 1059 538 veniamus
1087 506 1125 538 et
1156 500 1358 538 audiamus
1391 512 1505 550 quam

168 572 349 611 magnum
390 559 513 597 Deum
546 559 648 597 dicat
680 571 765 596 esse
805 558 1048 597 ludaeorum.
1111 558 1207 596 Item
1241 559 1286 597 ad
1320 571 1375 610 ea,
1407 571 1506 609 quae

168 620 421 669 interrogavit
453 617 680 668 Apollinem,
713 617 803 667 quid
839 616 988 668 melius,
1019 616 1183 655 verbum
1215 619 1293 655 sive
1327 619 1425 655 ratio
1459 629 1507 655 an

169 678 246 716 lex:
278 677 532 729 „Respondit,
564 677 704 727 inquit,
737 675 913 714 versibus
946 675 1040 714 haec
1067 672 1238 713 dicens.“
1287 676 1340 714 Ac
1367 675 1507 713 deinde

169 736 312 775 subicit
344 735 531 786 Apollinis
564 747 717 786 versus,
758 736 796 772 in
830 733 972 784 quibus
1004 740 1044 772 et
1074 735 1138 772 isti
1171 740 1278 785 sunt,
1313 740 1355 772 ut
1387 746 1507 784 quan-

170 802 251 834 tum
285 796 378 833 satis
411 801 470 832 est
502 793 590 832 iude
624 793 850 843 decerpam:
882 792 950 844 „ln
982 792 1105 831 Deum
1138 804 1242 844 vero,
1273 794 1411 844 inquit,
1444 804 1507 843 ge-

170 860 392 892 neratorem
425 859 463 891 et
495 854 533 890 in
566 864 699 902 regem
731 856 819 890 ante
852 853 998 903 omnia,
1040 863 1156 901 quem
1190 852 1323 889 tremit
1354 857 1393 890 et
1425 863 1508 889 cae-

170 912 251 950 lum
292 918 330 950 et
370 918 476 950 terra
520 917 635 960 atque
677 922 782 948 mare
820 916 859 948 et
898 910 1144 948 infernorum
1185 909 1313 948 abdita
1352 915 1390 948 et
1426 911 1510 961 ipsa

173 972 329 1009 numina
356 969 681 1021 perhorrescunt3
715 974 889 1018 quorum'
909 968 969 1006 lex
1002 974 1061 1006 est
1093 968 1220 1020 Pater,
1253 980 1369 1019 quem
1401 968 1509 1007 valde

173 1030 295 1067 sancti
336 1029 529 1066 honorant
560 1024 765 1065 Ilebraei.“
826 1026 908 1064 Tali
947 1027 1103 1065 oraculo
1137 1026 1198 1064 dei
1231 1029 1291 1065 sui
1323 1026 1510 1078 Apollinis

172 1088 413 1138 Porphyrius
440 1092 515 1124 tam
544 1098 725 1136 magnum
754 1085 875 1123 Deum
908 1085 1005 1123 dixit
1032 1084 1312 1136 Hebraeorum,
1345 1091 1388 1123 ut
1420 1097 1509 1124 eum

173 1153 211 1185 et
249 1148 331 1196 ipsa
370 1147 528 1183 numina
565 1144 879 1195 perhorrescant.
943 1144 1038 1181 Cum
1081 1155 1173 1194 ergo
1207 1143 1310 1182 Deus
1348 1145 1422 1182 iste
1455 1143 1509 1182 di-

174 1206 290 1243 xerit:
335 1205 586 1250 Sacrifiecms
630 1204 706 1241 diis
758 1203 1062 1249 eradicabitur,
1112 1203 1234 1240 miror
1278 1202 1382 1252 quod
1426 1204 1509 1253 ipse

173 1263 413 1313 Porphyrius
452 1273 529 1299 non
567 1261 840 1311 perhorruerit
877 1266 915 1299 et
958 1260 1181 1298 sacrificans
1219 1260 1291 1298 diis
1324 1260 1513 1299 eradicari

173 1334 250 1360 non
285 1320 561 1359 formidaverit.

292 1379 393 1417 Dicit
426 1380 540 1417 etiam
578 1378 678 1416 bona
716 1377 970 1428 philosophus
1003 1379 1077 1416 iste
1110 1376 1157 1415 de
1191 1376 1364 1428 Christo,
1402 1379 1513 1428 quasi

175 1438 318 1477 oblitus
345 1437 459 1488 illius,
492 1437 538 1475 de
566 1449 640 1487 qua
666 1436 780 1487 paulo
808 1442 894 1474 ante
923 1435 1042 1474 locuti
1074 1448 1221 1483 sunum,
1255 1435 1512 1474 contumeliae

176 1509 286 1547 suae,
326 1502 391 1534 aut
430 1497 540 1546 quasi
578 1497 617 1533 in
656 1496 802 1533 somnis
840 1494 893 1532 dii
937 1496 1021 1532 eius
1054 1494 1325 1532 maledixerint
1357 1493 1512 1532 Christo

175 1561 214 1594 et
246 1555 470 1605 evigilantes
503 1566 593 1592 eum
625 1553 771 1591 bonum
803 1565 888 1591 esse
922 1554 1175 1603 cognoverint
1206 1552 1400 1603 digneque
1433 1552 1513 1591 lau-

177 1614 362 1652 daverint.
425 1612 600 1663 Denique
628 1618 823 1662 tamquam
857 1611 1031 1650 mirabile
1064 1611 1208 1661 aliquid
1241 1616 1356 1661 atque
1388 1612 1513 1650 incre-

177 1672 293 1710 dibile
338 1671 579 1722 prolaturus:
623 1670 814 1722 „Praeter
858 1671 1100 1721 opinionem,
1142 1671 1294 1721 inquit‚
1338 1670 1514 1720 profecto

178 1730 410 1781 quibusdam
449 1729 625 1767 videatur
663 1741 747 1767 esse
788 1728 890 1779 quod
930 1728 1074 1767 dicturi
1106 1740 1253 1767 sumus.
1316 1727 1515 1767 Christum

178 1791 279 1827 enim
314 1788 367 1826 dii
392 1789 611 1838 piissimum
638 1789 989 1837 pronuntiaverunt
1022 1792 1060 1825 et
1092 1786 1337 1824 inmortalem
1370 1787 1516 1825 factum

181 1854 217 1886 et
250 1859 338 1885 cmn
377 1846 477 1884 bona
515 1845 800 1896 praedicatione
843 1847 927 1883 eius
960 1846 1241 1895 meminerunt3
1275 1844 1516 1883 Christianos

178 1918 270 1944 vero
302 1904 482 1956 pollutos,
513 1905 651 1955 inquit,
684 1909 723 1941 ct
748 1905 1029 1941 contaminatos
1062 1908 1101 1941 et
1133 1914 1267 1940 errore
1300 1903 1516 1954 implicatos

179 1976 264 2002 esse
309 1963 445 2001 dicunt
489 1968 527 2000 et
572 1962 703 2000 multis
748 1961 888 1999 talibus
930 1961 1115 1999 adversus
1157 1973 1224 1999 eos
1266 1960 1517 2012 blasphemiis

275 2066 331 2107 16)
358 2063 410 2097 Cf.
437 2063 602 2097 Lactant.
630 2062 675 2097 de
700 2062 755 2096 ira
780 2061 848 2096 Dei
874 2072 903 2096 c.
930 2065 985 2096 23.
1038 2064 1094 2106 19)
1122 2061 1234 2096 Exod.
1262 2065 1318 2105 22,
1344 2066 1399 2097 20.

279 2186 288 2212 1
322 2191 431 2223 quam
459 2179 586 2220 RAL;
618 2190 729 2223 quam
754 2189 841 2213 vero
867 2190 886 2212 v
924 2180 936 2222 ΙΙ
975 2183 1016 2213 13
1044 2180 1082 2213 et
1106 2179 1213 2224 caeL]
1241 2181 1278 2214 et
1303 2189 1368 2214 om.
1396 2179 1483 2213 R¹L
1507 2179 1520 2225 Η

184 2231 225 2261 17
255 2227 347 2260 dixit
373 2238 450 2260 esse
477 2226 512 2260 R
