1611 2465
168 80 253 121 384
699 88 727 113 s.
746 87 964 114 Acoosnm

167 184 232 217 tur
265 178 308 216 ad
337 178 552 216 ordinatam
579 177 795 227 imperandi
829 176 1138 228 oboediendique
1172 178 1418 216 concordiam
1452 180 1502 217 ci—

167 239 282 275 vium.
333 236 388 274 lta
415 238 467 284 fit,
494 240 609 290 utqex
636 235 719 285 lege
747 236 912 274 civitatis
937 241 1143 287 praecepta
1171 248 1325 275 sumere
1351 243 1503 288 patrem

167 296 330 334 familias
370 299 568 346 oporteat,
612 293 754 344 quibus
795 293 952 332 domum
985 306 1094 333 suam
1127 296 1183 333 sic
1216 300 1342 346 regat,
1379 301 1421 334 ut
1454 297 1504 334 sit

166 356 251 406 paci
284 352 532 391 adcommoda
566 353 742 404 civitatis

122 528 135 543 f

113 486 140 556 μ.)
682 512 833 555 CAPUT
859 513 994 558 XVII.

131 645 135 648 ,
174 601 284 640 Unde
304 601 485 639 caelestis
510 601 680 638 societas
706 610 795 637 cum
822 603 986 637 terrena
1012 601 1173 638 civitate
1187 610 1331 648 pacem
1358 600 1505 640 habeat

603 661 640 695 ec
670 659 777 695 unde
809 658 1063 696 discorde'am.

286 739 362 778 Sed
390 739 528 777 domus
555 738 767 790 hominum,
800 740 865 789 qui
899 750 975 777 non
1009 740 1140 778 vivunt
1173 751 1219 777 ex
1251 739 1337 788 fide,
1369 753 1503 791 pacem

167 806 363 838 terrenam
406 810 450 835 ex
490 797 606 836 huius
645 797 869 848 temporalis
915 799 1012 835 vitae
1052 797 1170 836 rebus
1211 798 1504 850 commodisque

100 867 141 897 10
169 863 357 908 sectatur3
396 856 535 895 domus
567 861 696 894 autem
729 855 929 894 hominum
962 868 1009 894 ex
1041 855 1114 894 fido
1147 858 1358 895 viventium
1390 869 1504 909 expe·

169 922 247 955 ctat
278 928 334 967 ea,
366 927 464 966 quae
496 916 537 953 in
563 914 739 953 futurum
772 920 928 952 aeterna
960 916 1150 965 promissa
1185 921 1287 967 sunt,
1319 918 1503 955 terrenis-

168 987 243 1026 que
289 973 408 1012 rebus
452 985 496 1011 ac
548 972 828 1024 temporalibus
881 979 1077 1023 tamqnam
1120 975 1325 1024 peregrina
1370 976 1506 1026 utitur,

169 1046 246 1071 non
275 1032 417 1083 quibus
444 1033 618 1082 capiatur
645 1037 682 1069 et
720 1037 915 1069 avertatur
946 1043 1022 1081 quo
1052 1032 1176 1070 tendit
1203 1034 1242 1070 in
1272 1032 1405 1083 Deum,
1439 1033 1506 1072 sed

170 1091 311 1142 quibus
345 1096 587 1129 sustentetur
619 1089 665 1128 ad
692 1089 841 1127 facilius
870 1089 1065 1128 toleranda
1094 1092 1330 1141 minimeque
1363 1103 1505 1142 augen—

100 1159 142 1189 15
169 1151 214 1188 da
247 1151 366 1188 onera
410 1149 587 1199 corporis
630 1148 916 1199 corruptibilis,
941 1148 1081 1198 *quod
1104 1148 1284 1199 adgravat
1328 1151 1505 1188 animam.

102 1208 319 1259 (Idcirco
358 1219 499 1257 rerum,
529 1208 626 1245 vitae
666 1206 755 1244 huic
794 1206 946 1244 mortali
985 1208 1295 1261 necessariarum
1326 1210 1506 1259 utrisque

108 1266 114 1312 ‘q
170 1265 393 1304 hominibus
419 1271 458 1303 et
485 1260 639 1315 utriq'ne
667 1265 798 1302 domui
832 1266 1049 1303 communis
1083 1271 1141 1303 est
1173 1278 1287 1317 usus3
1319 1266 1386 1305 sed
1419 1267 1507 1305 finis

113 1317 115 1323 ⁴
170 1325 304 1363 utendi
356 1326 497 1374 cuique
546 1324 867 1374 suusssproprius
912 1323 1156 1373 multumque
1200 1323 1388 1363 diversus.
1450 1324 1506 1364 lta

171 1385 286 1422 etiam
324 1389 480 1421 terrena
522 1383 676 1433 civitas,
718 1393 931 1432 quae-non
973 1383 1064 1420 vivit
1096 1394 1140 1420 ex
1174 1382 1267 1434 fide,
1310 1378 1521 1422 terrenam

101 1452 144 1481 20
171 1454 307 1493 pacem
349 1443 496 1491 appetit
527 1442 567 1478 in
607 1452 730 1490 eoque
770 1440 902 1491 defigit
938 1440 1154 1491 imperandi
1196 1440 1506 1492 oboediendique

171 1500 419 1539 concordiam
452 1500 614 1550 civium,
654 1504 698 1537 ut
735 1500 784 1537 sit
822 1500 877 1537 eis
910 1499 957 1537 de
991 1498 1109 1537 rebus
1141 1499 1185 1537 ad
1220 1499 1422 1538 mortalem
1454 1501 1506 1539 vi-

170 1565 248 1598 tam
281 1557 569 1610 pertinentibus
601 1557 857 1595 humanarum
891 1557 1078 1607 quaedam
1112 1559 1340 1608 compositio
1374 1558 1506 1597 volun-

170 1623 305 1657 tatum.
368 1616 510 1655 Civitas
537 1621 666 1654 autem
693 1615 872 1654 caelestis
903 1616 962 1654 vel
994 1617 1124 1666 potius
1156 1628 1245 1667 pars
1279 1617 1374 1667 eius,
1407 1629 1506 1667 quae

170 1678 210 1715 in
236 1676 307 1713 hac
334 1675 565 1713 mortalitate
593 1676 866 1725 peregrinatur
897 1680 936 1712 et
967 1675 1059 1712 vivit
1091 1687 1135 1712 ex
1169 1674 1255 1726 fide,
1288 1676 1402 1713 etiam
1435 1677 1507 1714 ista

102 1744 145 1774 25
170 1738 265 1786 pace
299 1746 458 1772 necesse
492 1739 552 1771 est
583 1739 732 1779 utatur,
765 1732 889 1770 donec
920 1734 1024 1783 ipsa,
1057 1734 1120 1771 cui
1152 1733 1238 1771 talis
1269 1745 1342 1784 pax
1375 1745 1508 1772 neces-

172 1794 271 1831 saria
305 1798 375 1844 est,
409 1791 620 1834 mortalitas
653 1797 840 1842 transeat3
873 1803 915 1829 ac
948 1803 1017 1842 per
1049 1791 1141 1842 hoc,
1174 1791 1264 1829 dum
1298 1791 1397 1842 apud
1431 1797 1507 1830 ter-

172 1862 306 1890 renam
333 1852 526 1888 civitatem
555 1849 658 1888 velut
690 1851 878 1899 captivam
912 1851 1026 1887 vitam
1059 1861 1150 1887 suae
1182 1851 1509 1900 peregrinationis

173 1912 270 1961 agit,
303 1911 377 1946 iam
410 1909 668 1959 promissione
702 1907 981 1958 redemptionis
1014 1913 1051 1946 et
1083 1908 1184 1945 dono
1217 1907 1380 1958 spiritali
1413 1914 1506 1947 tam-

173 1980 288 2018 quam
329 1968 490 2017 pignore
534 1971 693 2016 accepto
735 1965 886 2016 legibus
924 1971 1102 2003 terrenae
1141 1967 1327 2018 civitatis,
1366 1967 1508 2017 quihus

102 2036 147 2065 30
175 2027 268 2064 haec
301 2026 638 2076 administrantur,
682 2036 778 2074 quae
821 2024 1096 2062 sustentandae
1130 2024 1282 2063 mortali
1314 2026 1413 2064 vitae
1446 2025 1509 2063 ad-

268 2128 327 2168 15)
354 2126 436 2170 Sap.
465 2130 496 2169 9,
524 2129 579 2161 15.
626 2106 635 2113 ο

215 2260 218 2263 ’
239 2302 244 2304 ῃ
269 2260 289 2288 4
316 2254 554 2289 accommoda
579 2253 717 2298 RAb9;
743 2253 1020 2305 accommodata
1045 2264 1064 2287 v
1089 2275 1091 2278 .
