<?xml version="1.0" encoding="UTF-8"?>
<!DOCTYPE html PUBLIC "-//W3C//DTD XHTML 1.0 Transitional//EN"
    "http://www.w3.org/TR/xhtml1/DTD/xhtml1-transitional.dtd">
<html xmlns="http://www.w3.org/1999/xhtml" xml:lang="en" lang="en">
 <head>
  <title>
</title>
<meta http-equiv="Content-Type" content="text/html;charset=utf-8" />
  <meta name='ocr-system' content='tesseract 3.04.00' />
  <meta name='ocr-capabilities' content='ocr_page ocr_carea ocr_par ocr_line ocrx_word'/>
</head>
<body>
  <div class='ocr_page' id='page_1' title='image "./sanctiaureliiaug02auguuoft_0572.png"; bbox 0 0 1611 2465; ppageno 0'>
   <div class='ocr_carea' id='block_1_1' title="bbox 91 842 132 872">
    <p class='ocr_par' dir='ltr' id='par_1_1' title="bbox 91 842 132 872">
     <span class='ocr_line' id='line_1_1' title="bbox 91 842 132 872; baseline -0.024 0"><span class='ocrx_word' id='word_1_1' title='bbox 91 842 132 872; x_wconf 90' lang='lat'>10</span> 
     </span>
    </p>
   </div>
   <div class='ocr_carea' id='block_1_2' title="bbox 90 1134 131 1164">
    <p class='ocr_par' dir='ltr' id='par_1_2' title="bbox 90 1134 131 1164">
     <span class='ocr_line' id='line_1_2' title="bbox 90 1134 131 1164; baseline 0 0"><span class='ocrx_word' id='word_1_2' title='bbox 90 1134 131 1164; x_wconf 82' lang='lat'>15</span> 
     </span>
    </p>
   </div>
   <div class='ocr_carea' id='block_1_3' title="bbox 87 1427 131 1457">
    <p class='ocr_par' dir='ltr' id='par_1_3' title="bbox 87 1427 131 1457">
     <span class='ocr_line' id='line_1_3' title="bbox 87 1427 131 1457; baseline -0.023 0"><span class='ocrx_word' id='word_1_3' title='bbox 87 1427 131 1457; x_wconf 78' lang='lat'>20</span> 
     </span>
    </p>
   </div>
   <div class='ocr_carea' id='block_1_4' title="bbox 85 2012 130 2041">
    <p class='ocr_par' dir='ltr' id='par_1_4' title="bbox 85 2012 130 2041">
     <span class='ocr_line' id='line_1_4' title="bbox 85 2012 130 2041; baseline 0 0"><span class='ocrx_word' id='word_1_4' title='bbox 85 2012 130 2041; x_wconf 87' lang='lat'>30</span> 
     </span>
    </p>
   </div>
   <div class='ocr_carea' id='block_1_5' title="bbox 86 2302 129 2332">
    <p class='ocr_par' dir='ltr' id='par_1_5' title="bbox 86 2302 129 2332">
     <span class='ocr_line' id='line_1_5' title="bbox 86 2302 129 2332; baseline 0 0"><span class='ocrx_word' id='word_1_5' title='bbox 86 2302 129 2332; x_wconf 83' lang='lat'>35</span> 
     </span>
    </p>
   </div>
   <div class='ocr_carea' id='block_1_6' title="bbox 162 127 964 168">
    <p class='ocr_par' dir='ltr' id='par_1_6' title="bbox 162 127 964 168">
     <span class='ocr_line' id='line_1_6' title="bbox 162 127 964 168; baseline -0.011 0"><span class='ocrx_word' id='word_1_6' title='bbox 162 127 246 168; x_wconf 79' lang='lat'>566</span> <span class='ocrx_word' id='word_1_7' title='bbox 700 134 726 160; x_wconf 86' lang='lat' dir='ltr'>s.</span> <span class='ocrx_word' id='word_1_8' title='bbox 746 134 964 161; x_wconf 72' lang='lat' dir='ltr'>Aucusrm1</span> 
     </span>
    </p>
   </div>
   <div class='ocr_carea' id='block_1_7' title="bbox 681 255 980 299">
    <p class='ocr_par' dir='ltr' id='par_1_7' title="bbox 681 255 980 299">
     <span class='ocr_line' id='line_1_7' title="bbox 681 255 980 299; baseline 0 0"><span class='ocrx_word' id='word_1_9' title='bbox 681 255 834 299; x_wconf 79' lang='lat' dir='ltr'>CAPUT</span> <span class='ocrx_word' id='word_1_10' title='bbox 862 256 980 299; x_wconf 89' lang='lat' dir='ltr'><strong>VIII.</strong></span> 
     </span>
    </p>
   </div>
   <div class='ocr_carea' id='block_1_8' title="bbox 160 341 1496 446">
    <p class='ocr_par' dir='ltr' id='par_1_8' title="bbox 160 341 1496 446">
     <span class='ocr_line' id='line_1_8' title="bbox 160 341 1496 391; baseline 0 -10"><span class='ocrx_word' id='word_1_11' title='bbox 160 343 220 381; x_wconf 84' lang='lat' dir='ltr'>Be</span> <span class='ocrx_word' id='word_1_12' title='bbox 245 343 463 389; x_wconf 71' lang='lat' dir='ltr'><em>miraculis,</em></span> <span class='ocrx_word' id='word_1_13' title='bbox 490 353 594 389; x_wconf 72' lang='lat' dir='ltr'><em>qzcae</em></span> <span class='ocrx_word' id='word_1_14' title='bbox 618 345 663 379; x_wconf 81' lang='lat' dir='ltr'>ut</span> <span class='ocrx_word' id='word_1_15' title='bbox 687 343 857 380; x_wconf 75' lang='lat' dir='ltr'>mundus</span> <span class='ocrx_word' id='word_1_16' title='bbox 883 344 924 380; x_wconf 71' lang='lat' dir='ltr'>in</span> <span class='ocrx_word' id='word_1_17' title='bbox 949 342 1146 380; x_wconf 73' lang='lat' dir='ltr'><em>Christum</em></span> <span class='ocrx_word' id='word_1_18' title='bbox 1173 344 1359 381; x_wconf 80' lang='lat' dir='ltr'>crederet</span> <span class='ocrx_word' id='word_1_19' title='bbox 1380 341 1496 391; x_wconf 79' lang='lat' dir='ltr'>faeta</span> 
     </span>
     <span class='ocr_line' id='line_1_9' title="bbox 316 401 1335 446; baseline 0.001 -8"><span class='ocrx_word' id='word_1_20' title='bbox 316 404 410 438; x_wconf 78' lang='lat' dir='ltr'>sunt</span> <span class='ocrx_word' id='word_1_21' title='bbox 439 404 477 438; x_wconf 82' lang='lat' dir='ltr'>et</span> <span class='ocrx_word' id='word_1_22' title='bbox 504 401 602 446; x_wconf 73' lang='lat' dir='ltr'>fieri</span> <span class='ocrx_word' id='word_1_23' title='bbox 630 401 776 438; x_wconf 72' lang='lat' dir='ltr'>mundo</span> <span class='ocrx_word' id='word_1_24' title='bbox 810 401 999 439; x_wconf 74' lang='lat' dir='ltr'>credente</span> <span class='ocrx_word' id='word_1_25' title='bbox 1029 412 1107 439; x_wconf 70' lang='lat' dir='ltr'>non</span> <span class='ocrx_word' id='word_1_26' title='bbox 1141 402 1335 439; x_wconf 75' lang='lat' dir='ltr'>desinunt.</span> 
     </span>
    </p>
   </div>
   <div class='ocr_carea' id='block_1_9' title="bbox 156 481 1497 1703">
    <p class='ocr_par' dir='ltr' id='par_1_9' title="bbox 156 481 1497 1703">
     <span class='ocr_line' id='line_1_10' title="bbox 278 481 1495 534; baseline 0 -14"><span class='ocrx_word' id='word_1_27' title='bbox 278 482 372 533; x_wconf 89' lang='lat' dir='ltr'>Cur,</span> <span class='ocrx_word' id='word_1_28' title='bbox 410 483 609 532; x_wconf 86' lang='lat' dir='ltr'>inquiunt,</span> <span class='ocrx_word' id='word_1_29' title='bbox 648 494 752 520; x_wconf 86' lang='lat' dir='ltr'>nunc</span> <span class='ocrx_word' id='word_1_30' title='bbox 792 482 856 520; x_wconf 90' lang='lat' dir='ltr'>illa</span> <span class='ocrx_word' id='word_1_31' title='bbox 888 481 1093 534; x_wconf 86' lang='lat' dir='ltr'>miracula,</span> <span class='ocrx_word' id='word_1_32' title='bbox 1135 494 1232 533; x_wconf 89' lang='lat' dir='ltr'>quae</span> <span class='ocrx_word' id='word_1_33' title='bbox 1264 482 1495 533; x_wconf 79' lang='lat' dir='ltr'>praedicatiS</span> 
     </span>
     <span class='ocr_line' id='line_1_11' title="bbox 160 537 1497 591; baseline 0.001 -13"><span class='ocrx_word' id='word_1_34' title='bbox 160 542 259 579; x_wconf 84' lang='lat' dir='ltr'>facta</span> <span class='ocrx_word' id='word_1_35' title='bbox 291 552 397 587; x_wconf 87' lang='lat' dir='ltr'>esse,</span> <span class='ocrx_word' id='word_1_36' title='bbox 431 552 509 578; x_wconf 89' lang='lat' dir='ltr'>non</span> <span class='ocrx_word' id='word_1_37' title='bbox 542 537 669 578; x_wconf 78' lang='lat' dir='ltr'>fiunt?</span> <span class='ocrx_word' id='word_1_38' title='bbox 730 540 891 579; x_wconf 83' lang='lat' dir='ltr'>Possem</span> <span class='ocrx_word' id='word_1_39' title='bbox 923 540 1082 591; x_wconf 89' lang='lat' dir='ltr'>quidem</span> <span class='ocrx_word' id='word_1_40' title='bbox 1114 540 1244 579; x_wconf 90' lang='lat' dir='ltr'>dicere</span> <span class='ocrx_word' id='word_1_41' title='bbox 1276 542 1497 579; x_wconf 86' lang='lat' dir='ltr'>necessaria</span> 
     </span>
     <span class='ocr_line' id='line_1_12' title="bbox 159 598 1497 651; baseline 0.001 -14"><span class='ocrx_word' id='word_1_42' title='bbox 159 600 298 651; x_wconf 84' lang='lat' dir='ltr'>fuisse,</span> <span class='ocrx_word' id='word_1_43' title='bbox 335 600 565 649; x_wconf 82' lang='lat' dir='ltr'>priusquam</span> <span class='ocrx_word' id='word_1_44' title='bbox 605 599 785 638; x_wconf 86' lang='lat' dir='ltr'>crederet</span> <span class='ocrx_word' id='word_1_45' title='bbox 825 598 1016 651; x_wconf 86' lang='lat' dir='ltr'>mundus,</span> <span class='ocrx_word' id='word_1_46' title='bbox 1059 599 1105 637; x_wconf 94' lang='lat' dir='ltr'>ad</span> <span class='ocrx_word' id='word_1_47' title='bbox 1138 599 1211 638; x_wconf 84' lang='lat' dir='ltr'>hoc</span> <span class='ocrx_word' id='word_1_48' title='bbox 1243 605 1287 638; x_wconf 87' lang='lat' dir='ltr'>ut</span> <span class='ocrx_word' id='word_1_49' title='bbox 1319 598 1497 638; x_wconf 88' lang='lat' dir='ltr'>crederet</span> 
     </span>
     <span class='ocr_line' id='line_1_13' title="bbox 159 657 1494 711; baseline 0 -15"><span class='ocrx_word' id='word_1_50' title='bbox 159 657 339 696; x_wconf 87' lang='lat' dir='ltr'>mundus.</span> <span class='ocrx_word' id='word_1_51' title='bbox 403 657 588 708; x_wconf 84' lang='lat' dir='ltr'>Quisquis</span> <span class='ocrx_word' id='word_1_52' title='bbox 615 657 740 696; x_wconf 87' lang='lat' dir='ltr'>adhuc</span> <span class='ocrx_word' id='word_1_53' title='bbox 765 657 940 708; x_wconf 85' lang='lat' dir='ltr'>prodigia</span> <span class='ocrx_word' id='word_1_54' title='bbox 972 663 1016 696; x_wconf 89' lang='lat' dir='ltr'>ut</span> <span class='ocrx_word' id='word_1_55' title='bbox 1048 657 1180 696; x_wconf 84' lang='lat' dir='ltr'>credat</span> <span class='ocrx_word' id='word_1_56' title='bbox 1210 659 1386 711; x_wconf 78' lang='lat' dir='ltr'>inquirit,</span> <span class='ocrx_word' id='word_1_57' title='bbox 1417 669 1494 696; x_wconf 88' lang='lat' dir='ltr'>ma-</span> 
     </span>
     <span class='ocr_line' id='line_1_14' title="bbox 159 715 1495 768; baseline -0.001 -13"><span class='ocrx_word' id='word_1_58' title='bbox 159 728 280 767; x_wconf 86' lang='lat' dir='ltr'>gnum</span> <span class='ocrx_word' id='word_1_59' title='bbox 319 721 377 754; x_wconf 86' lang='lat' dir='ltr'>est</span> <span class='ocrx_word' id='word_1_60' title='bbox 415 717 499 766; x_wconf 88' lang='lat' dir='ltr'>ipse</span> <span class='ocrx_word' id='word_1_61' title='bbox 531 716 769 768; x_wconf 82' lang='lat' dir='ltr'>prodigium,</span> <span class='ocrx_word' id='word_1_62' title='bbox 808 718 876 767; x_wconf 88' lang='lat' dir='ltr'>qui</span> <span class='ocrx_word' id='word_1_63' title='bbox 907 715 1052 755; x_wconf 93' lang='lat' dir='ltr'>mundo</span> <span class='ocrx_word' id='word_1_64' title='bbox 1086 715 1270 755; x_wconf 81' lang='lat' dir='ltr'>credente</span> <span class='ocrx_word' id='word_1_65' title='bbox 1302 728 1381 754; x_wconf 91' lang='lat' dir='ltr'>non</span> <span class='ocrx_word' id='word_1_66' title='bbox 1413 728 1495 755; x_wconf 88' lang='lat' dir='ltr'>cre-</span> 
     </span>
     <span class='ocr_line' id='line_1_15' title="bbox 160 774 1496 827; baseline 0 -14"><span class='ocrx_word' id='word_1_67' title='bbox 160 775 225 813; x_wconf 87' lang='lat' dir='ltr'>dit.</span> <span class='ocrx_word' id='word_1_68' title='bbox 287 774 431 813; x_wconf 90' lang='lat' dir='ltr'>Verum</span> <span class='ocrx_word' id='word_1_69' title='bbox 469 774 544 812; x_wconf 88' lang='lat' dir='ltr'>hoc</span> <span class='ocrx_word' id='word_1_70' title='bbox 580 774 667 812; x_wconf 92' lang='lat' dir='ltr'>ideo</span> <span class='ocrx_word' id='word_1_71' title='bbox 707 774 858 827; x_wconf 87' lang='lat' dir='ltr'>dicunt,</span> <span class='ocrx_word' id='word_1_72' title='bbox 896 780 940 813; x_wconf 91' lang='lat' dir='ltr'>ut</span> <span class='ocrx_word' id='word_1_73' title='bbox 977 786 1049 813; x_wconf 88' lang='lat' dir='ltr'>nec</span> <span class='ocrx_word' id='word_1_74' title='bbox 1090 780 1183 813; x_wconf 87' lang='lat' dir='ltr'>tunc</span> <span class='ocrx_word' id='word_1_75' title='bbox 1215 774 1278 813; x_wconf 92' lang='lat' dir='ltr'>illa</span> <span class='ocrx_word' id='word_1_76' title='bbox 1310 774 1496 814; x_wconf 86' lang='lat' dir='ltr'>miracula</span> 
     </span>
     <span class='ocr_line' id='line_1_16' title="bbox 159 832 1495 884; baseline 0 -12"><span class='ocrx_word' id='word_1_77' title='bbox 159 834 258 872; x_wconf 84' lang='lat' dir='ltr'>facta</span> <span class='ocrx_word' id='word_1_78' title='bbox 302 833 422 871; x_wconf 88' lang='lat' dir='ltr'>fuisse</span> <span class='ocrx_word' id='word_1_79' title='bbox 467 832 688 872; x_wconf 79' lang='lat' dir='ltr'>credantur.</span> <span class='ocrx_word' id='word_1_80' title='bbox 756 832 867 872; x_wconf 89' lang='lat' dir='ltr'>Unde</span> <span class='ocrx_word' id='word_1_81' title='bbox 912 845 1004 884; x_wconf 85' lang='lat' dir='ltr'>ergo</span> <span class='ocrx_word' id='word_1_82' title='bbox 1048 838 1155 872; x_wconf 88' lang='lat' dir='ltr'>tanta</span> <span class='ocrx_word' id='word_1_83' title='bbox 1198 832 1271 871; x_wconf 85' lang='lat' dir='ltr'>fide</span> <span class='ocrx_word' id='word_1_84' title='bbox 1317 832 1495 872; x_wconf 88' lang='lat' dir='ltr'>Christus</span> 
     </span>
     <span class='ocr_line' id='line_1_17' title="bbox 158 889 1496 943; baseline 0 -13"><span class='ocrx_word' id='word_1_85' title='bbox 158 903 441 943; x_wconf 82' lang='lat' dir='ltr'>usquequaque</span> <span class='ocrx_word' id='word_1_86' title='bbox 485 897 663 930; x_wconf 87' lang='lat' dir='ltr'>cantatur</span> <span class='ocrx_word' id='word_1_87' title='bbox 712 893 753 930; x_wconf 90' lang='lat' dir='ltr'>in</span> <span class='ocrx_word' id='word_1_88' title='bbox 803 891 952 930; x_wconf 86' lang='lat' dir='ltr'>caelum</span> <span class='ocrx_word' id='word_1_89' title='bbox 997 903 1085 930; x_wconf 91' lang='lat' dir='ltr'>cum</span> <span class='ocrx_word' id='word_1_90' title='bbox 1129 903 1245 930; x_wconf 85' lang='lat' dir='ltr'>carne</span> <span class='ocrx_word' id='word_1_91' title='bbox 1291 889 1496 930; x_wconf 78' lang='lat' dir='ltr'>sublatus?</span> 
     </span>
     <span class='ocr_line' id='line_1_18' title="bbox 157 948 1496 1001; baseline 0 -12"><span class='ocrx_word' id='word_1_92' title='bbox 157 950 267 989; x_wconf 88' lang='lat' dir='ltr'>Unde</span> <span class='ocrx_word' id='word_1_93' title='bbox 300 949 542 1001; x_wconf 81' lang='lat' dir='ltr'>temporibus</span> <span class='ocrx_word' id='word_1_94' title='bbox 582 950 745 989; x_wconf 87' lang='lat' dir='ltr'>eruditis</span> <span class='ocrx_word' id='word_1_95' title='bbox 785 948 969 988; x_wconf 85' lang='lat' dir='ltr'>et&#39;omne</span> <span class='ocrx_word' id='word_1_96' title='bbox 1003 949 1108 1000; x_wconf 91' lang='lat' dir='ltr'>quod</span> <span class='ocrx_word' id='word_1_97' title='bbox 1139 950 1225 988; x_wconf 87' lang='lat' dir='ltr'>fieri</span> <span class='ocrx_word' id='word_1_98' title='bbox 1256 962 1334 988; x_wconf 91' lang='lat' dir='ltr'>non</span> <span class='ocrx_word' id='word_1_99' title='bbox 1365 956 1496 1001; x_wconf 89' lang='lat' dir='ltr'>potest</span> 
     </span>
     <span class='ocr_line' id='line_1_19' title="bbox 157 1007 1495 1060; baseline 0 -13"><span class='ocrx_word' id='word_1_100' title='bbox 157 1008 435 1060; x_wconf 83' lang='lat' dir='ltr'>respuentibus</span> <span class='ocrx_word' id='word_1_101' title='bbox 474 1010 557 1047; x_wconf 83' lang='lat' dir='ltr'>sine</span> <span class='ocrx_word' id='word_1_102' title='bbox 602 1008 690 1047; x_wconf 86' lang='lat' dir='ltr'>ullis</span> <span class='ocrx_word' id='word_1_103' title='bbox 730 1008 929 1047; x_wconf 74' lang='lat' dir='ltr'>miraculis</span> <span class='ocrx_word' id='word_1_104' title='bbox 970 1010 1133 1047; x_wconf 88' lang='lat' dir='ltr'>nimium</span> <span class='ocrx_word' id='word_1_105' title='bbox 1170 1007 1401 1048; x_wconf 89' lang='lat' dir='ltr'>mirabiliter</span> <span class='ocrx_word' id='word_1_106' title='bbox 1438 1010 1495 1048; x_wconf 91' lang='lat' dir='ltr'>in-</span> 
     </span>
     <span class='ocr_line' id='line_1_20' title="bbox 158 1064 1497 1106; baseline 0.001 -1"><span class='ocrx_word' id='word_1_107' title='bbox 158 1066 358 1106; x_wconf 83' lang='lat' dir='ltr'>credibilia</span> <span class='ocrx_word' id='word_1_108' title='bbox 391 1066 556 1105; x_wconf 84' lang='lat' dir='ltr'>credidit</span> <span class='ocrx_word' id='word_1_109' title='bbox 589 1064 787 1105; x_wconf 77' lang='lat' dir='ltr'>mundus?</span> <span class='ocrx_word' id='word_1_110' title='bbox 847 1067 906 1105; x_wconf 88' lang='lat' dir='ltr'>An</span> <span class='ocrx_word' id='word_1_111' title='bbox 938 1067 1039 1105; x_wconf 83' lang='lat' dir='ltr'>forte</span> <span class='ocrx_word' id='word_1_112' title='bbox 1072 1066 1272 1105; x_wconf 86' lang='lat' dir='ltr'>credibilia</span> <span class='ocrx_word' id='word_1_113' title='bbox 1303 1067 1424 1106; x_wconf 87' lang='lat' dir='ltr'>fuisse</span> <span class='ocrx_word' id='word_1_114' title='bbox 1457 1073 1497 1106; x_wconf 86' lang='lat' dir='ltr'>et</span> 
     </span>
     <span class='ocr_line' id='line_1_21' title="bbox 157 1123 1494 1176; baseline 0 -13"><span class='ocrx_word' id='word_1_115' title='bbox 157 1125 244 1164; x_wconf 87' lang='lat' dir='ltr'>ideo</span> <span class='ocrx_word' id='word_1_116' title='bbox 284 1125 432 1164; x_wconf 86' lang='lat' dir='ltr'>credita</span> <span class='ocrx_word' id='word_1_117' title='bbox 470 1137 555 1163; x_wconf 88' lang='lat' dir='ltr'>esse</span> <span class='ocrx_word' id='word_1_118' title='bbox 595 1125 738 1164; x_wconf 86' lang='lat' dir='ltr'>dicturi</span> <span class='ocrx_word' id='word_1_119' title='bbox 777 1123 896 1164; x_wconf 80' lang='lat' dir='ltr'>sunt?</span> <span class='ocrx_word' id='word_1_120' title='bbox 958 1124 1037 1164; x_wconf 85' lang='lat' dir='ltr'>Cur</span> <span class='ocrx_word' id='word_1_121' title='bbox 1069 1137 1162 1176; x_wconf 85' lang='lat' dir='ltr'>ergo</span> <span class='ocrx_word' id='word_1_122' title='bbox 1194 1127 1270 1176; x_wconf 91' lang='lat' dir='ltr'>ipsi</span> <span class='ocrx_word' id='word_1_123' title='bbox 1300 1137 1379 1164; x_wconf 87' lang='lat' dir='ltr'>non</span> <span class='ocrx_word' id='word_1_124' title='bbox 1411 1137 1494 1164; x_wconf 88' lang='lat' dir='ltr'>cre-</span> 
     </span>
     <span class='ocr_line' id='line_1_22' title="bbox 158 1181 1494 1234; baseline -0.001 -11"><span class='ocrx_word' id='word_1_125' title='bbox 158 1181 283 1223; x_wconf 75' lang='lat' dir='ltr'>dunt?</span> <span class='ocrx_word' id='word_1_126' title='bbox 343 1183 478 1222; x_wconf 87' lang='lat' dir='ltr'>Brevis</span> <span class='ocrx_word' id='word_1_127' title='bbox 519 1189 578 1221; x_wconf 87' lang='lat' dir='ltr'>est</span> <span class='ocrx_word' id='word_1_128' title='bbox 615 1185 734 1234; x_wconf 84' lang='lat' dir='ltr'>igitur</span> <span class='ocrx_word' id='word_1_129' title='bbox 772 1189 905 1222; x_wconf 88' lang='lat' dir='ltr'>nostra</span> <span class='ocrx_word' id='word_1_130' title='bbox 945 1183 1179 1234; x_wconf 82' lang='lat' dir='ltr'>complexio:</span> <span class='ocrx_word' id='word_1_131' title='bbox 1221 1184 1297 1222; x_wconf 90' lang='lat' dir='ltr'>Aut</span> <span class='ocrx_word' id='word_1_132' title='bbox 1327 1183 1494 1222; x_wconf 89' lang='lat' dir='ltr'>incredi-</span> 
     </span>
     <span class='ocr_line' id='line_1_23' title="bbox 157 1241 1495 1294; baseline 0 -13"><span class='ocrx_word' id='word_1_133' title='bbox 157 1242 244 1281; x_wconf 86' lang='lat' dir='ltr'>bilis</span> <span class='ocrx_word' id='word_1_134' title='bbox 271 1243 340 1294; x_wconf 82' lang='lat' dir='ltr'>rei,</span> <span class='ocrx_word' id='word_1_135' title='bbox 373 1254 471 1292; x_wconf 86' lang='lat' dir='ltr'>quae</span> <span class='ocrx_word' id='word_1_136' title='bbox 497 1253 575 1280; x_wconf 91' lang='lat' dir='ltr'>non</span> <span class='ocrx_word' id='word_1_137' title='bbox 602 1241 815 1293; x_wconf 83' lang='lat' dir='ltr'>videbatur,</span> <span class='ocrx_word' id='word_1_138' title='bbox 847 1241 918 1280; x_wconf 87' lang='lat' dir='ltr'>alia</span> <span class='ocrx_word' id='word_1_139' title='bbox 949 1241 1202 1293; x_wconf 86' lang='lat' dir='ltr'>incredibilia,</span> <span class='ocrx_word' id='word_1_140' title='bbox 1235 1254 1333 1293; x_wconf 85' lang='lat' dir='ltr'>quae</span> <span class='ocrx_word' id='word_1_141' title='bbox 1365 1247 1495 1281; x_wconf 90' lang='lat' dir='ltr'>tamen</span> 
     </span>
     <span class='ocr_line' id='line_1_24' title="bbox 157 1299 1495 1352; baseline 0 -13"><span class='ocrx_word' id='word_1_142' title='bbox 157 1301 301 1339; x_wconf 83' lang='lat' dir='ltr'>fiebant</span> <span class='ocrx_word' id='word_1_143' title='bbox 338 1305 377 1339; x_wconf 93' lang='lat' dir='ltr'>et</span> <span class='ocrx_word' id='word_1_144' title='bbox 415 1299 666 1352; x_wconf 86' lang='lat' dir='ltr'>videbantur,</span> <span class='ocrx_word' id='word_1_145' title='bbox 705 1301 884 1338; x_wconf 85' lang='lat' dir='ltr'>fecerunt</span> <span class='ocrx_word' id='word_1_146' title='bbox 920 1300 1053 1351; x_wconf 82' lang='lat' dir='ltr'>fidem3</span> <span class='ocrx_word' id='word_1_147' title='bbox 1092 1307 1158 1339; x_wconf 86' lang='lat' dir='ltr'>aut</span> <span class='ocrx_word' id='word_1_148' title='bbox 1195 1306 1302 1339; x_wconf 87' lang='lat' dir='ltr'>certe</span> <span class='ocrx_word' id='word_1_149' title='bbox 1339 1312 1403 1339; x_wconf 90' lang='lat' dir='ltr'>res</span> <span class='ocrx_word' id='word_1_150' title='bbox 1442 1302 1495 1339; x_wconf 87' lang='lat' dir='ltr'>ita</span> 
     </span>
     <span class='ocr_line' id='line_1_25' title="bbox 158 1358 1493 1410; baseline 0 -12"><span class='ocrx_word' id='word_1_151' title='bbox 158 1358 372 1410; x_wconf 85' lang='lat' dir='ltr'>credibilis,</span> <span class='ocrx_word' id='word_1_152' title='bbox 417 1364 460 1397; x_wconf 93' lang='lat' dir='ltr'>ut</span> <span class='ocrx_word' id='word_1_153' title='bbox 504 1358 620 1397; x_wconf 89' lang='lat' dir='ltr'>nullis</span> <span class='ocrx_word' id='word_1_154' title='bbox 665 1358 807 1409; x_wconf 86' lang='lat' dir='ltr'>quibus</span> <span class='ocrx_word' id='word_1_155' title='bbox 850 1359 1154 1409; x_wconf 83' lang='lat' dir='ltr'>persuaderetur</span> <span class='ocrx_word' id='word_1_156' title='bbox 1198 1358 1398 1397; x_wconf 88' lang='lat' dir='ltr'>miraculis</span> <span class='ocrx_word' id='word_1_157' title='bbox 1437 1360 1493 1398; x_wconf 92' lang='lat' dir='ltr'>in-</span> 
     </span>
     <span class='ocr_line' id='line_1_26' title="bbox 159 1416 1494 1469; baseline 0 -13"><span class='ocrx_word' id='word_1_158' title='bbox 159 1418 325 1469; x_wconf 85' lang='lat' dir='ltr'>digeret,</span> <span class='ocrx_word' id='word_1_159' title='bbox 363 1418 530 1455; x_wconf 89' lang='lat' dir='ltr'>istorum</span> <span class='ocrx_word' id='word_1_160' title='bbox 568 1418 727 1456; x_wconf 87' lang='lat' dir='ltr'>nimiam</span> <span class='ocrx_word' id='word_1_161' title='bbox 764 1416 964 1468; x_wconf 86' lang='lat' dir='ltr'>redarguit</span> <span class='ocrx_word' id='word_1_162' title='bbox 994 1416 1271 1456; x_wconf 84' lang='lat' dir='ltr'>infidelitatem.</span> <span class='ocrx_word' id='word_1_163' title='bbox 1333 1417 1416 1456; x_wconf 88' lang='lat' dir='ltr'>Hoc</span> <span class='ocrx_word' id='word_1_164' title='bbox 1448 1417 1494 1456; x_wconf 90' lang='lat' dir='ltr'>ad</span> 
     </span>
     <span class='ocr_line' id='line_1_27' title="bbox 157 1474 1495 1515; baseline 0 -1"><span class='ocrx_word' id='word_1_165' title='bbox 157 1475 391 1515; x_wconf 85' lang='lat' dir='ltr'>refellendos</span> <span class='ocrx_word' id='word_1_166' title='bbox 436 1477 666 1514; x_wconf 88' lang='lat' dir='ltr'>vanissimos</span> <span class='ocrx_word' id='word_1_167' title='bbox 709 1475 885 1514; x_wconf 83' lang='lat' dir='ltr'>dixerim.</span> <span class='ocrx_word' id='word_1_168' title='bbox 959 1474 1055 1513; x_wconf 90' lang='lat' dir='ltr'>Nam</span> <span class='ocrx_word' id='word_1_169' title='bbox 1099 1475 1200 1514; x_wconf 81' lang='lat' dir='ltr'>facta</span> <span class='ocrx_word' id='word_1_170' title='bbox 1243 1487 1328 1514; x_wconf 90' lang='lat' dir='ltr'>esse</span> <span class='ocrx_word' id='word_1_171' title='bbox 1375 1475 1495 1515; x_wconf 89' lang='lat' dir='ltr'>multa</span> 
     </span>
     <span class='ocr_line' id='line_1_28' title="bbox 156 1533 1493 1586; baseline 0 -13"><span class='ocrx_word' id='word_1_172' title='bbox 156 1534 359 1586; x_wconf 82' lang='lat' dir='ltr'>miracula,</span> <span class='ocrx_word' id='word_1_173' title='bbox 404 1546 502 1585; x_wconf 84' lang='lat' dir='ltr'>quae</span> <span class='ocrx_word' id='word_1_174' title='bbox 550 1534 839 1573; x_wconf 86' lang='lat' dir='ltr'>adtestarentur</span> <span class='ocrx_word' id='word_1_175' title='bbox 879 1533 935 1572; x_wconf 91' lang='lat' dir='ltr'>illi</span> <span class='ocrx_word' id='word_1_176' title='bbox 978 1535 1046 1572; x_wconf 91' lang='lat' dir='ltr'>uni</span> <span class='ocrx_word' id='word_1_177' title='bbox 1089 1533 1226 1584; x_wconf 87' lang='lat' dir='ltr'>grandi</span> <span class='ocrx_word' id='word_1_178' title='bbox 1269 1533 1493 1586; x_wconf 88' lang='lat' dir='ltr'>salubrique</span> 
     </span>
     <span class='ocr_line' id='line_1_29' title="bbox 157 1592 1493 1645; baseline -0.001 -13"><span class='ocrx_word' id='word_1_179' title='bbox 157 1593 362 1645; x_wconf 87' lang='lat' dir='ltr'>miraculo,</span> <span class='ocrx_word' id='word_1_180' title='bbox 403 1605 479 1643; x_wconf 92' lang='lat' dir='ltr'>quo</span> <span class='ocrx_word' id='word_1_181' title='bbox 513 1592 692 1631; x_wconf 88' lang='lat' dir='ltr'>Christus</span> <span class='ocrx_word' id='word_1_182' title='bbox 732 1594 772 1631; x_wconf 92' lang='lat' dir='ltr'>in</span> <span class='ocrx_word' id='word_1_183' title='bbox 805 1592 954 1631; x_wconf 86' lang='lat' dir='ltr'>caelum</span> <span class='ocrx_word' id='word_1_184' title='bbox 987 1603 1075 1630; x_wconf 89' lang='lat' dir='ltr'>cum</span> <span class='ocrx_word' id='word_1_185' title='bbox 1107 1604 1223 1630; x_wconf 83' lang='lat' dir='ltr'>earne</span> <span class='ocrx_word' id='word_1_186' title='bbox 1255 1594 1295 1631; x_wconf 91' lang='lat' dir='ltr'>in</span> <span class='ocrx_word' id='word_1_187' title='bbox 1328 1605 1403 1644; x_wconf 89' lang='lat' dir='ltr'>qua</span> <span class='ocrx_word' id='word_1_188' title='bbox 1434 1605 1493 1631; x_wconf 89' lang='lat' dir='ltr'>re-</span> 
     </span>
     <span class='ocr_line' id='line_1_30' title="bbox 157 1650 1493 1703; baseline -0.001 -12"><span class='ocrx_word' id='word_1_189' title='bbox 157 1653 328 1691; x_wconf 84' lang='lat' dir='ltr'>surrexit</span> <span class='ocrx_word' id='word_1_190' title='bbox 354 1651 540 1703; x_wconf 89' lang='lat' dir='ltr'>ascendit,</span> <span class='ocrx_word' id='word_1_191' title='bbox 566 1663 707 1702; x_wconf 87' lang='lat' dir='ltr'>negare</span> <span class='ocrx_word' id='word_1_192' title='bbox 735 1663 812 1689; x_wconf 90' lang='lat' dir='ltr'>non</span> <span class='ocrx_word' id='word_1_193' title='bbox 838 1662 1058 1702; x_wconf 74' lang='lat' dir='ltr'>possumus</span> <span class='ocrx_word' id='word_1_194' title='bbox 1107 1650 1151 1689; x_wconf 92' lang='lat' dir='ltr'>In</span> <span class='ocrx_word' id='word_1_195' title='bbox 1177 1651 1324 1689; x_wconf 88' lang='lat' dir='ltr'>eisdem</span> <span class='ocrx_word' id='word_1_196' title='bbox 1350 1652 1493 1702; x_wconf 89' lang='lat' dir='ltr'>quippe</span> 
     </span>
    </p>
   </div>
   <div class='ocr_carea' id='block_1_10' title="bbox 112 1709 1495 1761">
    <p class='ocr_par' dir='ltr' id='par_1_10' title="bbox 112 1709 1495 1761">
     <span class='ocr_line' id='line_1_31' title="bbox 112 1709 1495 1761; baseline 0.001 -14"><span class='ocrx_word' id='word_1_197' title='bbox 112 1719 126 1747; x_wconf 66' lang='grc' dir='ltr'><em>Γ</em></span> <span class='ocrx_word' id='word_1_198' title='bbox 158 1711 416 1749; x_wconf 83' lang='lat' dir='ltr'>veracissimis</span> <span class='ocrx_word' id='word_1_199' title='bbox 454 1709 563 1748; x_wconf 89' lang='lat' dir='ltr'>libris</span> <span class='ocrx_word' id='word_1_200' title='bbox 605 1715 744 1748; x_wconf 83' lang='lat' dir='ltr'>cuncta</span> <span class='ocrx_word' id='word_1_201' title='bbox 783 1710 1004 1760; x_wconf 84' lang='lat' dir='ltr'>conscripta</span> <span class='ocrx_word' id='word_1_202' title='bbox 1042 1714 1154 1761; x_wconf 87' lang='lat' dir='ltr'>sunt,</span> <span class='ocrx_word' id='word_1_203' title='bbox 1194 1715 1233 1748; x_wconf 89' lang='lat' dir='ltr'>et</span> <span class='ocrx_word' id='word_1_204' title='bbox 1264 1721 1361 1761; x_wconf 87' lang='lat' dir='ltr'>quae</span> <span class='ocrx_word' id='word_1_205' title='bbox 1395 1710 1495 1749; x_wconf 83' lang='lat' dir='ltr'>facta</span> 
     </span>
    </p>
   </div>
   <div class='ocr_carea' id='block_1_11' title="bbox 156 1767 1494 2346">
    <p class='ocr_par' dir='ltr' id='par_1_11' title="bbox 156 1767 1494 2346">
     <span class='ocr_line' id='line_1_32' title="bbox 157 1767 1493 1821; baseline -0.001 -13"><span class='ocrx_word' id='word_1_206' title='bbox 157 1775 270 1821; x_wconf 81' lang='lat' dir='ltr'>sunt,</span> <span class='ocrx_word' id='word_1_207' title='bbox 311 1774 349 1807; x_wconf 87' lang='lat' dir='ltr'>et</span> <span class='ocrx_word' id='word_1_208' title='bbox 386 1774 547 1819; x_wconf 89' lang='lat' dir='ltr'>propter</span> <span class='ocrx_word' id='word_1_209' title='bbox 581 1768 683 1819; x_wconf 88' lang='lat' dir='ltr'>quod</span> <span class='ocrx_word' id='word_1_210' title='bbox 717 1767 957 1806; x_wconf 89' lang='lat' dir='ltr'>credendum</span> <span class='ocrx_word' id='word_1_211' title='bbox 988 1768 1089 1806; x_wconf 82' lang='lat' dir='ltr'>facta</span> <span class='ocrx_word' id='word_1_212' title='bbox 1120 1773 1221 1807; x_wconf 89' lang='lat' dir='ltr'>sunt.</span> <span class='ocrx_word' id='word_1_213' title='bbox 1284 1768 1408 1821; x_wconf 85' lang='lat' dir='ltr'>Haec,</span> <span class='ocrx_word' id='word_1_214' title='bbox 1448 1773 1493 1807; x_wconf 91' lang='lat' dir='ltr'>ut</span> 
     </span>
     <span class='ocr_line' id='line_1_33' title="bbox 156 1826 1492 1878; baseline -0.001 -12"><span class='ocrx_word' id='word_1_215' title='bbox 156 1827 272 1866; x_wconf 88' lang='lat' dir='ltr'>fidem</span> <span class='ocrx_word' id='word_1_216' title='bbox 310 1827 503 1878; x_wconf 82' lang='lat' dir='ltr'>facerent,</span> <span class='ocrx_word' id='word_1_217' title='bbox 535 1827 811 1878; x_wconf 84' lang='lat' dir='ltr'>innotuerunt3</span> <span class='ocrx_word' id='word_1_218' title='bbox 844 1826 938 1864; x_wconf 88' lang='lat' dir='ltr'>haec</span> <span class='ocrx_word' id='word_1_219' title='bbox 970 1838 1040 1877; x_wconf 91' lang='lat' dir='ltr'>per</span> <span class='ocrx_word' id='word_1_220' title='bbox 1072 1826 1204 1878; x_wconf 88' lang='lat' dir='ltr'>fidem,</span> <span class='ocrx_word' id='word_1_221' title='bbox 1245 1838 1361 1877; x_wconf 89' lang='lat' dir='ltr'>quam</span> <span class='ocrx_word' id='word_1_222' title='bbox 1392 1826 1492 1865; x_wconf 84' lang='lat' dir='ltr'>fece-</span> 
     </span>
     <span class='ocr_line' id='line_1_34' title="bbox 156 1883 1491 1938; baseline -0.001 -14"><span class='ocrx_word' id='word_1_223' title='bbox 156 1892 261 1938; x_wconf 86' lang='lat' dir='ltr'>runt,</span> <span class='ocrx_word' id='word_1_224' title='bbox 293 1884 414 1924; x_wconf 86' lang='lat' dir='ltr'>multo</span> <span class='ocrx_word' id='word_1_225' title='bbox 447 1884 589 1923; x_wconf 87' lang='lat' dir='ltr'>clarius</span> <span class='ocrx_word' id='word_1_226' title='bbox 621 1886 882 1924; x_wconf 85' lang='lat' dir='ltr'>innotescunt.</span> <span class='ocrx_word' id='word_1_227' title='bbox 944 1883 1146 1935; x_wconf 86' lang='lat' dir='ltr'>Leguntur</span> <span class='ocrx_word' id='word_1_228' title='bbox 1179 1886 1321 1936; x_wconf 92' lang='lat' dir='ltr'>quippe</span> <span class='ocrx_word' id='word_1_229' title='bbox 1353 1886 1393 1923; x_wconf 90' lang='lat' dir='ltr'>in</span> <span class='ocrx_word' id='word_1_230' title='bbox 1424 1897 1491 1936; x_wconf 92' lang='lat' dir='ltr'>po-</span> 
     </span>
     <span class='ocr_line' id='line_1_35' title="bbox 156 1942 1494 1996; baseline -0.001 -13"><span class='ocrx_word' id='word_1_231' title='bbox 156 1945 282 1996; x_wconf 89' lang='lat' dir='ltr'>pulis,</span> <span class='ocrx_word' id='word_1_232' title='bbox 326 1950 371 1983; x_wconf 93' lang='lat' dir='ltr'>ut</span> <span class='ocrx_word' id='word_1_233' title='bbox 414 1943 641 1995; x_wconf 81' lang='lat' dir='ltr'>credantur3</span> <span class='ocrx_word' id='word_1_234' title='bbox 680 1955 751 1981; x_wconf 87' lang='lat' dir='ltr'>nec</span> <span class='ocrx_word' id='word_1_235' title='bbox 790 1945 830 1981; x_wconf 91' lang='lat' dir='ltr'>in</span> <span class='ocrx_word' id='word_1_236' title='bbox 871 1942 1026 1994; x_wconf 89' lang='lat' dir='ltr'>populis</span> <span class='ocrx_word' id='word_1_237' title='bbox 1064 1948 1193 1981; x_wconf 88' lang='lat' dir='ltr'>tamen</span> <span class='ocrx_word' id='word_1_238' title='bbox 1232 1944 1306 1981; x_wconf 91' lang='lat' dir='ltr'>nisi</span> <span class='ocrx_word' id='word_1_239' title='bbox 1346 1943 1494 1982; x_wconf 83' lang='lat' dir='ltr'>credita</span> 
     </span>
     <span class='ocr_line' id='line_1_36' title="bbox 156 2000 1490 2054; baseline -0.001 -13"><span class='ocrx_word' id='word_1_240' title='bbox 156 2003 392 2054; x_wconf 82' lang='lat' dir='ltr'>legerentur.</span> <span class='ocrx_word' id='word_1_241' title='bbox 453 2001 550 2041; x_wconf 89' lang='lat' dir='ltr'>Nam</span> <span class='ocrx_word' id='word_1_242' title='bbox 588 2003 704 2040; x_wconf 86' lang='lat' dir='ltr'>etiam</span> <span class='ocrx_word' id='word_1_243' title='bbox 740 2013 844 2040; x_wconf 86' lang='lat' dir='ltr'>nunc</span> <span class='ocrx_word' id='word_1_244' title='bbox 883 2002 982 2040; x_wconf 88' lang='lat' dir='ltr'>fiunt</span> <span class='ocrx_word' id='word_1_245' title='bbox 1018 2000 1203 2040; x_wconf 85' lang='lat' dir='ltr'>miracula</span> <span class='ocrx_word' id='word_1_246' title='bbox 1235 2003 1274 2039; x_wconf 90' lang='lat' dir='ltr'>in</span> <span class='ocrx_word' id='word_1_247' title='bbox 1308 2002 1392 2040; x_wconf 89' lang='lat' dir='ltr'>eius</span> <span class='ocrx_word' id='word_1_248' title='bbox 1424 2013 1490 2040; x_wconf 90' lang='lat' dir='ltr'>no-</span> 
     </span>
     <span class='ocr_line' id='line_1_37' title="bbox 157 2059 1493 2113; baseline -0.001 -14"><span class='ocrx_word' id='word_1_249' title='bbox 157 2063 281 2113; x_wconf 90' lang='lat' dir='ltr'>mine,</span> <span class='ocrx_word' id='word_1_250' title='bbox 326 2062 405 2099; x_wconf 78' lang='lat' dir='ltr'>sive</span> <span class='ocrx_word' id='word_1_251' title='bbox 443 2072 514 2112; x_wconf 87' lang='lat' dir='ltr'>per</span> <span class='ocrx_word' id='word_1_252' title='bbox 553 2065 793 2099; x_wconf 86' lang='lat' dir='ltr'>sacramenta</span> <span class='ocrx_word' id='word_1_253' title='bbox 832 2061 916 2098; x_wconf 89' lang='lat' dir='ltr'>eius</span> <span class='ocrx_word' id='word_1_254' title='bbox 969 2060 1047 2098; x_wconf 91' lang='lat' dir='ltr'>sive</span> <span class='ocrx_word' id='word_1_255' title='bbox 1086 2071 1157 2110; x_wconf 90' lang='lat' dir='ltr'>per</span> <span class='ocrx_word' id='word_1_256' title='bbox 1196 2061 1390 2098; x_wconf 85' lang='lat' dir='ltr'>orationes</span> <span class='ocrx_word' id='word_1_257' title='bbox 1433 2059 1493 2098; x_wconf 89' lang='lat' dir='ltr'>vel</span> 
     </span>
     <span class='ocr_line' id='line_1_38' title="bbox 157 2117 1491 2169; baseline 0 -12"><span class='ocrx_word' id='word_1_258' title='bbox 157 2120 363 2158; x_wconf 87' lang='lat' dir='ltr'>memorias</span> <span class='ocrx_word' id='word_1_259' title='bbox 408 2124 634 2158; x_wconf 88' lang='lat' dir='ltr'>sanctorum</span> <span class='ocrx_word' id='word_1_260' title='bbox 678 2120 779 2169; x_wconf 84' lang='lat' dir='ltr'>eius3</span> <span class='ocrx_word' id='word_1_261' title='bbox 824 2117 890 2156; x_wconf 85' lang='lat' dir='ltr'>sed</span> <span class='ocrx_word' id='word_1_262' title='bbox 932 2129 1010 2156; x_wconf 89' lang='lat' dir='ltr'>non</span> <span class='ocrx_word' id='word_1_263' title='bbox 1052 2118 1186 2156; x_wconf 88' lang='lat' dir='ltr'>eadem</span> <span class='ocrx_word' id='word_1_264' title='bbox 1224 2118 1396 2157; x_wconf 85' lang='lat' dir='ltr'>claritate</span> <span class='ocrx_word' id='word_1_265' title='bbox 1435 2119 1491 2156; x_wconf 88' lang='lat' dir='ltr'>in-</span> 
     </span>
     <span class='ocr_line' id='line_1_39' title="bbox 156 2175 1493 2230; baseline 0 -15"><span class='ocrx_word' id='word_1_266' title='bbox 156 2177 384 2230; x_wconf 83' lang='lat' dir='ltr'>lustrantur,</span> <span class='ocrx_word' id='word_1_267' title='bbox 417 2182 460 2215; x_wconf 88' lang='lat' dir='ltr'>ut</span> <span class='ocrx_word' id='word_1_268' title='bbox 492 2183 597 2216; x_wconf 85' lang='lat' dir='ltr'>tanta</span> <span class='ocrx_word' id='word_1_269' title='bbox 629 2183 771 2227; x_wconf 86' lang='lat' dir='ltr'>quanta</span> <span class='ocrx_word' id='word_1_270' title='bbox 803 2176 865 2214; x_wconf 91' lang='lat' dir='ltr'>illa</span> <span class='ocrx_word' id='word_1_271' title='bbox 897 2176 1017 2227; x_wconf 83' lang='lat' dir='ltr'>gloria</span> <span class='ocrx_word' id='word_1_272' title='bbox 1049 2176 1307 2216; x_wconf 78' lang='lat' dir='ltr'>diffamentur.</span> <span class='ocrx_word' id='word_1_273' title='bbox 1361 2175 1493 2215; x_wconf 88' lang='lat' dir='ltr'>Canon</span> 
     </span>
     <span class='ocr_line' id='line_1_40' title="bbox 157 2233 1491 2287; baseline 0 -14"><span class='ocrx_word' id='word_1_274' title='bbox 157 2237 300 2286; x_wconf 88' lang='lat' dir='ltr'>quippe</span> <span class='ocrx_word' id='word_1_275' title='bbox 334 2247 532 2274; x_wconf 86' lang='lat' dir='ltr'>sacrarum</span> <span class='ocrx_word' id='word_1_276' title='bbox 565 2235 804 2287; x_wconf 84' lang='lat' dir='ltr'>litterarum,</span> <span class='ocrx_word' id='word_1_277' title='bbox 836 2246 953 2285; x_wconf 89' lang='lat' dir='ltr'>quem</span> <span class='ocrx_word' id='word_1_278' title='bbox 985 2233 1187 2273; x_wconf 87' lang='lat' dir='ltr'>definitum</span> <span class='ocrx_word' id='word_1_279' title='bbox 1220 2247 1305 2274; x_wconf 88' lang='lat' dir='ltr'>esse</span> <span class='ocrx_word' id='word_1_280' title='bbox 1338 2240 1491 2286; x_wconf 88' lang='lat' dir='ltr'>oporte-</span> 
     </span>
     <span class='ocr_line' id='line_1_41' title="bbox 157 2293 1492 2346; baseline 0 -15"><span class='ocrx_word' id='word_1_281' title='bbox 157 2293 233 2346; x_wconf 83' lang='lat' dir='ltr'>bat,</span> <span class='ocrx_word' id='word_1_282' title='bbox 265 2293 326 2331; x_wconf 85' lang='lat' dir='ltr'>illa</span> <span class='ocrx_word' id='word_1_283' title='bbox 360 2294 451 2332; x_wconf 84' lang='lat' dir='ltr'>facit</span> <span class='ocrx_word' id='word_1_284' title='bbox 491 2293 636 2344; x_wconf 91' lang='lat' dir='ltr'>ubique</span> <span class='ocrx_word' id='word_1_285' title='bbox 670 2294 828 2332; x_wconf 88' lang='lat' dir='ltr'>recitari</span> <span class='ocrx_word' id='word_1_286' title='bbox 861 2299 898 2331; x_wconf 89' lang='lat' dir='ltr'>et</span> <span class='ocrx_word' id='word_1_287' title='bbox 930 2294 1139 2331; x_wconf 87' lang='lat' dir='ltr'>memoriae</span> <span class='ocrx_word' id='word_1_288' title='bbox 1173 2299 1405 2332; x_wconf 88' lang='lat' dir='ltr'>cunctorum</span> <span class='ocrx_word' id='word_1_289' title='bbox 1435 2294 1492 2332; x_wconf 88' lang='lat' dir='ltr'>in-</span> 
     </span>
    </p>
   </div>
  </div>
 </body>
</html>
