1548 2562
433 138 485 162 DE
505 136 694 163 CIVITATE
712 137 783 162 Dm
802 137 834 161 L.
853 136 968 160 xvm.
989 135 1017 160 c.
1037 137 1061 160 2.
1081 135 1106 160 3.
1349 124 1434 164 259

106 228 327 278 dictionem,
358 226 504 276 Assyrii
530 231 711 276 quartum
738 237 869 275 regem
895 223 1099 274 habebant,
1131 223 1299 273 Sicyonii
1326 224 1435 272 quin-

106 292 207 337 tum3
248 286 348 335 apud
390 284 474 322 illos
516 285 618 321 enim
656 283 841 333 regnabat
878 282 978 321 filius
1016 281 1104 319 Nini
1144 286 1232 332 post
1272 285 1435 318 matrem

108 343 419 394 Semiramidem,
463 354 561 392 quae
606 341 652 379 ab
696 341 760 379 illo
805 341 1008 379 interfecta
1051 339 1301 391 perhibetur,
1345 350 1435 376 ausa

107 402 227 440 filium
266 406 389 439 mater
428 402 620 438 incestare
659 399 880 438 concubitu.
941 398 1049 437 Hanc
1086 402 1225 449 putant
1260 396 1436 435 nonnulli

108 460 327 498 condidisse
372 458 628 509 Babylonem,
673 469 788 508 quam
831 457 986 508 quidem
1036 457 1163 507 potuit
1206 457 1435 494 instaurare.

108 518 269 564 Quando
303 523 431 555 autem
462 517 521 554 vel
553 528 629 567 quo
661 516 775 554 modo
808 515 961 553 condita
994 515 1129 566 suerit,
1160 516 1200 552 in
1232 519 1340 552 sexto
1373 513 1436 551 de-

108 579 207 615 cimo
248 575 347 614 libro
386 575 564 613 diximus.
626 574 766 612 Filium
798 586 915 625 porro
954 573 1043 611 Nini
1082 578 1120 611 et
1161 571 1436 622 Samiramidis,

109 636 175 685 qui
212 635 326 672 matri
368 634 557 671 successit
587 634 627 671 in
659 644 840 683 regnum,
882 631 1037 681 quidam
1070 633 1184 669 etiam
1214 631 1343 681 ipsum
1374 629 1437 667 Ni-

108 705 220 745 num,
258 692 413 742 quidam
455 703 546 729 vero
579 690 751 729 derivato
783 703 803 728 a
836 696 944 741 patre
977 689 1162 727 vocabulo
1194 688 1342 739 Ninyan
1375 699 1436 725 vo-

108 757 207 790 cant.
270 750 540 801 Sicyoniorum
578 755 706 787 autem
745 761 908 799 regnum
948 754 1039 786 tunc
1079 747 1236 785 tenebat
1266 746 1438 785 Telxion.

109 809 193 855 Quo
226 814 412 859 regnante
444 820 569 858 usque
602 807 696 845 adeo
729 807 781 844 ibi
814 808 919 844 mitia
952 813 990 844 et
1021 806 1118 844 laeta
1150 811 1324 855 tempora
1357 805 1437 842 sue-

109 873 211 919 runt,
243 872 286 906 ut
318 878 407 905 eum
439 866 666 904 defunctum
699 866 803 903 velut
834 865 950 903 deum
982 864 1156 902 colerent
1188 862 1439 901 sacrificando

109 932 147 964 et
178 925 289 964 ludos
323 924 566 976 celebrandO,
597 935 695 974 quos
727 925 762 961 ei
794 924 975 973 primitus
1006 923 1205 960 institutos
1238 922 1380 959 ferunt.

647 1082 799 1124 CAPUT
831 1083 906 1123 ΠΙ.

116 1172 265 1217 Quibus
289 1170 552 1217 reynantimcs
578 1170 688 1217 apud
713 1169 897 1216 Assyrios
929 1172 1048 1215 atque
1080 1167 1287 1216 Sicyonios
1315 1166 1441 1203 Abra-

110 1230 186 1267 hae
223 1230 454 1266 centenario
488 1227 607 1265 Isaac
648 1228 696 1264 de
731 1227 993 1274 promissione
1023 1227 1074 1263 sit
1105 1230 1238 1272 natus,
1277 1226 1340 1262 vel
1369 1225 1445 1272 ipsi

258 1286 378 1325 Isaac
408 1287 678 1333 sexaoenario
711 1285 820 1322 Esau
852 1289 889 1322 et
921 1284 1043 1322 Iacob
1073 1285 1223 1331 qemini
1253 1284 1301 1321 de

560 1344 745 1381 Rebecca
775 1344 855 1380 sint
885 1344 991 1380 editi.

228 1425 352 1464 Huius
394 1424 634 1475 temporibus
679 1426 793 1462 etiam
833 1423 936 1461 Isaac
979 1436 1023 1461 ex
1071 1424 1328 1473 promissione
1374 1421 1442 1459 Dei

113 1490 226 1523 natus
265 1490 324 1522 est
361 1484 585 1522 centenario
622 1485 723 1533 patri
762 1482 862 1519 filius
900 1481 1073 1519 Abrabae
1113 1481 1158 1519 de
1199 1480 1313 1518 Sarra
1352 1492 1441 1517 con-

111 1545 222 1594 iuge,
265 1554 363 1592 quae
408 1541 550 1580 sterilis
595 1547 633 1579 et
676 1553 772 1579 anus
817 1542 890 1578 iam
936 1552 1044 1590 spem
1088 1539 1207 1590 prolis
1252 1540 1441 1576 amiserat.

112 1601 221 1639 Tunc
273 1606 312 1638 et
354 1601 521 1650 Assyriis
568 1601 728 1649 quintus
778 1605 860 1636 erat
911 1610 978 1636 rex
1023 1598 1169 1636 Arrius.
1231 1596 1309 1647 Ipsi
1352 1607 1442 1633 vero

112 1659 217 1697 Isaac
258 1660 507 1709 sexagenario
540 1659 619 1695 nati
652 1662 742 1695 sunt
773 1657 933 1707 gemini,
970 1655 1072 1693 Esau
1105 1661 1142 1693 et
1173 1654 1304 1705 Iacob,
1346 1666 1443 1704 quos

114 1719 147 1755 ei
186 1716 361 1755 Rebecca
398 1728 496 1754 uxor
532 1717 701 1766 peperit,
744 1727 811 1752 avo
845 1726 980 1752 eorum
1012 1713 1202 1751 Abraham
1235 1712 1359 1751 adhuc
1391 1713 1442 1749 vi-

114 1780 226 1813 vente
265 1780 304 1813 et
343 1780 498 1812 centum
541 1775 736 1823 sexaginta
769 1773 904 1810 aetatis
936 1784 1057 1810 annos
1090 1777 1245 1823 agente,
1282 1772 1348 1821 qui
1381 1782 1442 1808 ex-

112 1833 227 1884 pletis
259 1838 415 1871 centum
449 1833 690 1882 septuaginta
724 1833 893 1881 quinque
927 1825 1133 1868 del'unctus
1166 1836 1241 1881 est,
1281 1841 1442 1879 regnan-

114 1891 217 1930 tibus
244 1891 344 1942 apud
371 1891 548 1941 Assyrios
575 1889 696 1927 Xerse
724 1889 787 1927 illo
815 1890 1045 1940 antiquiore,
1071 1890 1137 1939 qui
1164 1890 1279 1926 etiam
1306 1886 1443 1925 Baleus

113 1949 345 2001 vocabatur,
389 1955 427 1987 et
471 1949 571 1999 apud
622 1948 822 1999 Sicyonios
866 1947 1244 2001 Tliuriacohquem
1289 1945 1444 1996 quidam

114 2008 416 2046 Thurimachum
450 2006 638 2058 scribunt,
670 2007 844 2057 septimis
877 2005 1044 2055 regibus.
1106 2005 1283 2055 Regnum
1315 2009 1443 2042 autem

209 2110 242 2150 7)
270 2107 305 2142 C.
333 2112 364 2143 4.

210 2251 229 2281 9
254 2247 404 2291 ninyam
430 2246 465 2281 R
483 2248 495 2291 ΙΙ
516 2251 558 2281 10
583 2247 727 2290 telsyon
753 2247 787 2280 A
806 2247 818 2290 ΙΙ
837 2250 879 2280 27
907 2257 1008 2280 xerse
1034 2245 1164 2285 BAR·
1189 2244 1306 2278 Xerxe
1332 2245 1444 2287 221129

114 2294 282 2338 thyriaco
310 2321 317 2328 .
344 2323 350 2329 .
377 2294 623 2338 thyrimacum
649 2293 719 2327 ΒΑ

1096 2350 1164 2383 17*

1466 753 1508 783 10

1470 1171 1511 1202 15

1470 1487 1515 1517 20

1471 1778 1515 1809 25
