<?xml version="1.0" encoding="UTF-8"?>
<!DOCTYPE html PUBLIC "-//W3C//DTD XHTML 1.0 Transitional//EN"
    "http://www.w3.org/TR/xhtml1/DTD/xhtml1-transitional.dtd">
<html xmlns="http://www.w3.org/1999/xhtml" xml:lang="en" lang="en">
 <head>
  <title>
</title>
<meta http-equiv="Content-Type" content="text/html;charset=utf-8" />
  <meta name='ocr-system' content='tesseract 3.04.00' />
  <meta name='ocr-capabilities' content='ocr_page ocr_carea ocr_par ocr_line ocrx_word'/>
</head>
<body>
  <div class='ocr_page' id='page_1' title='image "./sanctiaureliiaug02auguuoft_0639.png"; bbox 0 0 1548 2562; ppageno 0'>
   <div class='ocr_carea' id='block_1_1' title="bbox 420 164 1398 205">
    <p class='ocr_par' dir='ltr' id='par_1_1' title="bbox 420 164 1398 205">
     <span class='ocr_line' id='line_1_1' title="bbox 420 164 1398 205; baseline 0 -7"><span class='ocrx_word' id='word_1_1' title='bbox 420 173 473 198; x_wconf 83' lang='lat' dir='ltr'>DE</span> <span class='ocrx_word' id='word_1_2' title='bbox 493 173 680 199; x_wconf 74' lang='lat' dir='ltr'>cwmATE</span> <span class='ocrx_word' id='word_1_3' title='bbox 700 173 769 198; x_wconf 84' lang='lat' dir='ltr'>DEI</span> <span class='ocrx_word' id='word_1_4' title='bbox 788 173 821 198; x_wconf 84' lang='lat' dir='ltr'>L.</span> <span class='ocrx_word' id='word_1_5' title='bbox 841 173 939 198; x_wconf 81' lang='lat' dir='ltr'>xxn.</span> <span class='ocrx_word' id='word_1_6' title='bbox 960 172 988 198; x_wconf 88' lang='lat' dir='ltr'>c.</span> <span class='ocrx_word' id='word_1_7' title='bbox 1008 174 1051 198; x_wconf 84' lang='lat'>30.</span> <span class='ocrx_word' id='word_1_8' title='bbox 1315 164 1398 205; x_wconf 81' lang='lat'>633</span> 
     </span>
    </p>
   </div>
   <div class='ocr_carea' id='block_1_2' title="bbox 71 261 1473 2115">
    <p class='ocr_par' dir='ltr' id='par_1_2' title="bbox 72 261 1445 603">
     <span class='ocr_line' id='line_1_2' title="bbox 72 261 1398 313; baseline -0.001 -13"><span class='ocrx_word' id='word_1_9' title='bbox 72 263 146 300; x_wconf 85' lang='lat' dir='ltr'>erit</span> <span class='ocrx_word' id='word_1_10' title='bbox 176 261 438 300; x_wconf 88' lang='lat' dir='ltr'>inamissibilis</span> <span class='ocrx_word' id='word_1_11' title='bbox 464 261 640 301; x_wconf 86' lang='lat' dir='ltr'>voluntas</span> <span class='ocrx_word' id='word_1_12' title='bbox 671 263 827 313; x_wconf 90' lang='lat' dir='ltr'>pietatis</span> <span class='ocrx_word' id='word_1_13' title='bbox 860 267 898 300; x_wconf 87' lang='lat' dir='ltr'>et</span> <span class='ocrx_word' id='word_1_14' title='bbox 929 262 1145 312; x_wconf 81' lang='lat' dir='ltr'>aequitatiS,</span> <span class='ocrx_word' id='word_1_15' title='bbox 1177 273 1253 312; x_wconf 89' lang='lat' dir='ltr'>quo</span> <span class='ocrx_word' id='word_1_16' title='bbox 1286 261 1398 300; x_wconf 89' lang='lat' dir='ltr'>modo</span> 
     </span>
     <span class='ocr_line' id='line_1_3' title="bbox 72 319 1399 371; baseline 0 -13"><span class='ocrx_word' id='word_1_17' title='bbox 72 326 131 358; x_wconf 90' lang='lat' dir='ltr'>est</span> <span class='ocrx_word' id='word_1_18' title='bbox 175 320 380 358; x_wconf 82' lang='lat' dir='ltr'>felicitatis.</span> <span class='ocrx_word' id='word_1_19' title='bbox 442 319 537 358; x_wconf 88' lang='lat' dir='ltr'>Nam</span> <span class='ocrx_word' id='word_1_20' title='bbox 578 321 712 370; x_wconf 88' lang='lat' dir='ltr'>utique</span> <span class='ocrx_word' id='word_1_21' title='bbox 755 319 951 371; x_wconf 90' lang='lat' dir='ltr'>peccando</span> <span class='ocrx_word' id='word_1_22' title='bbox 996 331 1067 358; x_wconf 89' lang='lat' dir='ltr'>nec</span> <span class='ocrx_word' id='word_1_23' title='bbox 1104 321 1287 370; x_wconf 84' lang='lat' dir='ltr'>pietatem</span> <span class='ocrx_word' id='word_1_24' title='bbox 1328 332 1399 358; x_wconf 89' lang='lat' dir='ltr'>nec</span> 
     </span>
     <span class='ocr_line' id='line_1_4' title="bbox 72 377 1398 430; baseline 0 -14"><span class='ocrx_word' id='word_1_25' title='bbox 72 378 294 416; x_wconf 80' lang='lat' dir='ltr'>felicitatem</span> <span class='ocrx_word' id='word_1_26' title='bbox 331 379 547 430; x_wconf 89' lang='lat' dir='ltr'>tenuimus,</span> <span class='ocrx_word' id='word_1_27' title='bbox 583 378 819 416; x_wconf 87' lang='lat' dir='ltr'>voluntatem</span> <span class='ocrx_word' id='word_1_28' title='bbox 860 390 951 416; x_wconf 88' lang='lat' dir='ltr'>vero</span> <span class='ocrx_word' id='word_1_29' title='bbox 984 377 1177 416; x_wconf 79' lang='lat' dir='ltr'>felicitatis</span> <span class='ocrx_word' id='word_1_30' title='bbox 1210 390 1281 416; x_wconf 89' lang='lat' dir='ltr'>nec</span> <span class='ocrx_word' id='word_1_31' title='bbox 1313 390 1398 429; x_wconf 86' lang='lat' dir='ltr'>per-</span> 
     </span>
     <span class='ocr_line' id='line_1_5' title="bbox 72 435 1400 489; baseline 0 -15"><span class='ocrx_word' id='word_1_32' title='bbox 72 436 150 474; x_wconf 87' lang='lat' dir='ltr'>dita</span> <span class='ocrx_word' id='word_1_33' title='bbox 193 436 374 474; x_wconf 82' lang='lat' dir='ltr'>felicitate</span> <span class='ocrx_word' id='word_1_34' title='bbox 424 437 676 487; x_wconf 83' lang='lat' dir='ltr'>perdidimus.</span> <span class='ocrx_word' id='word_1_35' title='bbox 750 435 863 475; x_wconf 86' lang='lat' dir='ltr'>Certe</span> <span class='ocrx_word' id='word_1_36' title='bbox 913 435 1017 474; x_wconf 88' lang='lat' dir='ltr'>Deus</span> <span class='ocrx_word' id='word_1_37' title='bbox 1066 437 1148 486; x_wconf 89' lang='lat' dir='ltr'>ipse</span> <span class='ocrx_word' id='word_1_38' title='bbox 1199 436 1400 489; x_wconf 87' lang='lat' dir='ltr'>numquid,</span> 
     </span>
     <span class='ocr_line' id='line_1_6' title="bbox 72 493 1445 547; baseline 0 -15"><span class='ocrx_word' id='word_1_39' title='bbox 72 496 254 545; x_wconf 88' lang='lat' dir='ltr'>quoniam</span> <span class='ocrx_word' id='word_1_40' title='bbox 273 506 435 545; x_wconf 87' lang='lat' dir='ltr'>peccare</span> <span class='ocrx_word' id='word_1_41' title='bbox 456 507 533 533; x_wconf 91' lang='lat' dir='ltr'>non</span> <span class='ocrx_word' id='word_1_42' title='bbox 552 500 695 547; x_wconf 87' lang='lat' dir='ltr'>potest,</span> <span class='ocrx_word' id='word_1_43' title='bbox 720 494 806 533; x_wconf 92' lang='lat' dir='ltr'>ideo</span> <span class='ocrx_word' id='word_1_44' title='bbox 831 494 999 533; x_wconf 90' lang='lat' dir='ltr'>liberum</span> <span class='ocrx_word' id='word_1_45' title='bbox 1025 493 1229 533; x_wconf 79' lang='lat' dir='ltr'>arbitrium</span> <span class='ocrx_word' id='word_1_46' title='bbox 1255 494 1398 533; x_wconf 87' lang='lat' dir='ltr'>habere</span> <span class='ocrx_word' id='word_1_47' title='bbox 1426 504 1445 533; x_wconf 82' lang='lat'>5</span> 
     </span>
     <span class='ocr_line' id='line_1_7' title="bbox 72 550 389 603; baseline 0.003 -13"><span class='ocrx_word' id='word_1_48' title='bbox 72 553 270 603; x_wconf 86' lang='lat' dir='ltr'>negandus</span> <span class='ocrx_word' id='word_1_49' title='bbox 303 550 389 591; x_wconf 83' lang='lat' dir='ltr'>est?</span> 
     </span>
    </p>

    <p class='ocr_par' dir='ltr' id='par_1_3' title="bbox 71 610 1473 2115">
     <span class='ocr_line' id='line_1_8' title="bbox 188 610 1400 661; baseline -0.001 -12"><span class='ocrx_word' id='word_1_50' title='bbox 188 610 273 649; x_wconf 89' lang='lat' dir='ltr'>Erit</span> <span class='ocrx_word' id='word_1_51' title='bbox 304 623 395 661; x_wconf 83' lang='lat' dir='ltr'>ergo</span> <span class='ocrx_word' id='word_1_52' title='bbox 427 610 531 649; x_wconf 89' lang='lat' dir='ltr'>illius</span> <span class='ocrx_word' id='word_1_53' title='bbox 563 611 728 649; x_wconf 91' lang='lat' dir='ltr'>civitatis</span> <span class='ocrx_word' id='word_1_54' title='bbox 770 616 808 649; x_wconf 88' lang='lat' dir='ltr'>et</span> <span class='ocrx_word' id='word_1_55' title='bbox 840 623 915 649; x_wconf 88' lang='lat' dir='ltr'>una</span> <span class='ocrx_word' id='word_1_56' title='bbox 946 612 985 649; x_wconf 92' lang='lat' dir='ltr'>in</span> <span class='ocrx_word' id='word_1_57' title='bbox 1018 610 1198 649; x_wconf 88' lang='lat' dir='ltr'>omnibus</span> <span class='ocrx_word' id='word_1_58' title='bbox 1231 616 1270 649; x_wconf 88' lang='lat' dir='ltr'>et</span> <span class='ocrx_word' id='word_1_59' title='bbox 1300 612 1400 649; x_wconf 88' lang='lat' dir='ltr'>inse-</span> 
     </span>
     <span class='ocr_line' id='line_1_9' title="bbox 71 668 1400 720; baseline 0 -13"><span class='ocrx_word' id='word_1_60' title='bbox 71 669 252 720; x_wconf 87' lang='lat' dir='ltr'>parabilis</span> <span class='ocrx_word' id='word_1_61' title='bbox 278 671 318 707; x_wconf 90' lang='lat' dir='ltr'>in</span> <span class='ocrx_word' id='word_1_62' title='bbox 343 669 505 719; x_wconf 83' lang='lat' dir='ltr'>singulis</span> <span class='ocrx_word' id='word_1_63' title='bbox 531 669 707 707; x_wconf 90' lang='lat' dir='ltr'>voluntas</span> <span class='ocrx_word' id='word_1_64' title='bbox 737 668 868 719; x_wconf 86' lang='lat' dir='ltr'>libera,</span> <span class='ocrx_word' id='word_1_65' title='bbox 900 668 946 707; x_wconf 89' lang='lat' dir='ltr'>ab</span> <span class='ocrx_word' id='word_1_66' title='bbox 973 670 1077 706; x_wconf 91' lang='lat' dir='ltr'>omni</span> <span class='ocrx_word' id='word_1_67' title='bbox 1109 669 1208 706; x_wconf 88' lang='lat' dir='ltr'>malo</span> <span class='ocrx_word' id='word_1_68' title='bbox 1240 668 1400 708; x_wconf 84' lang='lat' dir='ltr'>liberata</span> 
     </span>
     <span class='ocr_line' id='line_1_10' title="bbox 73 727 1400 779; baseline 0 -14"><span class='ocrx_word' id='word_1_69' title='bbox 73 733 110 765; x_wconf 88' lang='lat' dir='ltr'>et</span> <span class='ocrx_word' id='word_1_70' title='bbox 141 727 298 778; x_wconf 89' lang='lat' dir='ltr'>impleta</span> <span class='ocrx_word' id='word_1_71' title='bbox 323 729 427 765; x_wconf 90' lang='lat' dir='ltr'>omni</span> <span class='ocrx_word' id='word_1_72' title='bbox 453 727 567 779; x_wconf 88' lang='lat' dir='ltr'>bono,</span> <span class='ocrx_word' id='word_1_73' title='bbox 599 728 732 765; x_wconf 86' lang='lat' dir='ltr'>fruens</span> <span class='ocrx_word' id='word_1_74' title='bbox 764 727 1032 765; x_wconf 84' lang='lat' dir='ltr'>indeficienter</span> <span class='ocrx_word' id='word_1_75' title='bbox 1065 733 1313 765; x_wconf 89' lang='lat' dir='ltr'>aeternorum</span> <span class='ocrx_word' id='word_1_76' title='bbox 1345 729 1400 766; x_wconf 92' lang='lat' dir='ltr'>iu-</span> 
     </span>
     <span class='ocr_line' id='line_1_11' title="bbox 73 784 1470 837; baseline 0.001 -14"><span class='ocrx_word' id='word_1_77' title='bbox 73 785 269 824; x_wconf 86' lang='lat' dir='ltr'>cunditate</span> <span class='ocrx_word' id='word_1_78' title='bbox 308 786 557 837; x_wconf 78' lang='lat' dir='ltr'>gaudiorum,</span> <span class='ocrx_word' id='word_1_79' title='bbox 596 785 713 823; x_wconf 91' lang='lat' dir='ltr'>oblita</span> <span class='ocrx_word' id='word_1_80' title='bbox 752 785 974 837; x_wconf 88' lang='lat' dir='ltr'>culparum,</span> <span class='ocrx_word' id='word_1_81' title='bbox 1012 784 1128 823; x_wconf 86' lang='lat' dir='ltr'>oblita</span> <span class='ocrx_word' id='word_1_82' title='bbox 1169 795 1470 836; x_wconf 80' lang='lat' dir='ltr'>poenarum310</span> 
     </span>
     <span class='ocr_line' id='line_1_12' title="bbox 73 843 1401 895; baseline 0 -14"><span class='ocrx_word' id='word_1_83' title='bbox 73 856 144 882; x_wconf 89' lang='lat' dir='ltr'>nec</span> <span class='ocrx_word' id='word_1_84' title='bbox 176 843 262 882; x_wconf 89' lang='lat' dir='ltr'>ideo</span> <span class='ocrx_word' id='word_1_85' title='bbox 294 850 423 882; x_wconf 87' lang='lat' dir='ltr'>tamen</span> <span class='ocrx_word' id='word_1_86' title='bbox 455 855 546 882; x_wconf 89' lang='lat' dir='ltr'>suae</span> <span class='ocrx_word' id='word_1_87' title='bbox 579 843 817 882; x_wconf 82' lang='lat' dir='ltr'>liberationis</span> <span class='ocrx_word' id='word_1_88' title='bbox 850 843 987 895; x_wconf 90' lang='lat' dir='ltr'>oblita,</span> <span class='ocrx_word' id='word_1_89' title='bbox 1026 849 1069 881; x_wconf 87' lang='lat' dir='ltr'>ut</span> <span class='ocrx_word' id='word_1_90' title='bbox 1100 843 1299 882; x_wconf 86' lang='lat' dir='ltr'>liberatori</span> <span class='ocrx_word' id='word_1_91' title='bbox 1332 856 1401 882; x_wconf 88' lang='lat' dir='ltr'>suo</span> 
     </span>
     <span class='ocr_line' id='line_1_13' title="bbox 73 901 1401 952; baseline 0 -13"><span class='ocrx_word' id='word_1_92' title='bbox 73 914 149 940; x_wconf 94' lang='lat' dir='ltr'>non</span> <span class='ocrx_word' id='word_1_93' title='bbox 182 903 232 940; x_wconf 88' lang='lat' dir='ltr'>sit</span> <span class='ocrx_word' id='word_1_94' title='bbox 258 903 426 952; x_wconf 84' lang='lat' dir='ltr'>ingrata:</span> <span class='ocrx_word' id='word_1_95' title='bbox 459 907 646 952; x_wconf 89' lang='lat' dir='ltr'>quantum</span> <span class='ocrx_word' id='word_1_96' title='bbox 673 914 764 952; x_wconf 83' lang='lat' dir='ltr'>ergo</span> <span class='ocrx_word' id='word_1_97' title='bbox 798 901 944 940; x_wconf 89' lang='lat' dir='ltr'>adtinet</span> <span class='ocrx_word' id='word_1_98' title='bbox 976 901 1021 939; x_wconf 90' lang='lat' dir='ltr'>ad</span> <span class='ocrx_word' id='word_1_99' title='bbox 1054 903 1253 940; x_wconf 87' lang='lat' dir='ltr'>scientiam</span> <span class='ocrx_word' id='word_1_100' title='bbox 1288 904 1401 940; x_wconf 89' lang='lat' dir='ltr'>ratio-</span> 
     </span>
     <span class='ocr_line' id='line_1_14' title="bbox 73 959 1401 1011; baseline 0.001 -14"><span class='ocrx_word' id='word_1_101' title='bbox 73 960 221 1011; x_wconf 82' lang='lat' dir='ltr'>nalem,</span> <span class='ocrx_word' id='word_1_102' title='bbox 271 972 419 998; x_wconf 90' lang='lat' dir='ltr'>memor</span> <span class='ocrx_word' id='word_1_103' title='bbox 468 962 768 1011; x_wconf 86' lang='lat' dir='ltr'>praeteritorum</span> <span class='ocrx_word' id='word_1_104' title='bbox 819 961 934 998; x_wconf 90' lang='lat' dir='ltr'>etiam</span> <span class='ocrx_word' id='word_1_105' title='bbox 984 959 1173 998; x_wconf 85' lang='lat' dir='ltr'>malorum</span> <span class='ocrx_word' id='word_1_106' title='bbox 1224 972 1401 1011; x_wconf 87' lang='lat' dir='ltr'>suorum;</span> 
     </span>
     <span class='ocr_line' id='line_1_15' title="bbox 73 1018 1402 1069; baseline 0.001 -13"><span class='ocrx_word' id='word_1_107' title='bbox 73 1023 259 1068; x_wconf 87' lang='lat' dir='ltr'>quantum</span> <span class='ocrx_word' id='word_1_108' title='bbox 291 1024 419 1057; x_wconf 85' lang='lat' dir='ltr'>autem</span> <span class='ocrx_word' id='word_1_109' title='bbox 452 1018 498 1056; x_wconf 89' lang='lat' dir='ltr'>ad</span> <span class='ocrx_word' id='word_1_110' title='bbox 524 1019 760 1069; x_wconf 81' lang='lat' dir='ltr'>experientis</span> <span class='ocrx_word' id='word_1_111' title='bbox 792 1030 962 1069; x_wconf 90' lang='lat' dir='ltr'>sensum,</span> <span class='ocrx_word' id='word_1_112' title='bbox 993 1030 1155 1068; x_wconf 88' lang='lat' dir='ltr'>prorsus</span> <span class='ocrx_word' id='word_1_113' title='bbox 1188 1019 1402 1057; x_wconf 87' lang='lat' dir='ltr'>immemor.</span> 
     </span>
     <span class='ocr_line' id='line_1_16' title="bbox 72 1076 1472 1128; baseline 0.001 -14"><span class='ocrx_word' id='word_1_114' title='bbox 72 1076 168 1114; x_wconf 87' lang='lat' dir='ltr'>Nam</span> <span class='ocrx_word' id='word_1_115' title='bbox 199 1083 238 1115; x_wconf 89' lang='lat' dir='ltr'>et</span> <span class='ocrx_word' id='word_1_116' title='bbox 268 1078 529 1127; x_wconf 89' lang='lat' dir='ltr'>peritissimus</span> <span class='ocrx_word' id='word_1_117' title='bbox 561 1076 753 1128; x_wconf 87' lang='lat' dir='ltr'>medicus,</span> <span class='ocrx_word' id='word_1_118' title='bbox 791 1077 892 1114; x_wconf 89' lang='lat' dir='ltr'>sicut</span> <span class='ocrx_word' id='word_1_119' title='bbox 923 1081 1005 1114; x_wconf 87' lang='lat' dir='ltr'>arte</span> <span class='ocrx_word' id='word_1_120' title='bbox 1039 1078 1236 1128; x_wconf 89' lang='lat' dir='ltr'>sciuntur,</span> <span class='ocrx_word' id='word_1_121' title='bbox 1268 1089 1402 1115; x_wconf 87' lang='lat' dir='ltr'>omnes</span> <span class='ocrx_word' id='word_1_122' title='bbox 1431 1086 1472 1116; x_wconf 82' lang='lat'>15</span> 
     </span>
     <span class='ocr_line' id='line_1_17' title="bbox 73 1134 1401 1186; baseline 0.001 -14"><span class='ocrx_word' id='word_1_123' title='bbox 73 1135 154 1172; x_wconf 83' lang='lat' dir='ltr'>fere</span> <span class='ocrx_word' id='word_1_124' title='bbox 187 1136 362 1185; x_wconf 89' lang='lat' dir='ltr'>corporis</span> <span class='ocrx_word' id='word_1_125' title='bbox 393 1134 551 1173; x_wconf 84' lang='lat' dir='ltr'>morbos</span> <span class='ocrx_word' id='word_1_126' title='bbox 582 1135 705 1186; x_wconf 81' lang='lat' dir='ltr'>novit3</span> <span class='ocrx_word' id='word_1_127' title='bbox 738 1135 839 1172; x_wconf 88' lang='lat' dir='ltr'>sicut</span> <span class='ocrx_word' id='word_1_128' title='bbox 870 1140 999 1172; x_wconf 88' lang='lat' dir='ltr'>autem</span> <span class='ocrx_word' id='word_1_129' title='bbox 1032 1146 1195 1185; x_wconf 89' lang='lat' dir='ltr'>corpore</span> <span class='ocrx_word' id='word_1_130' title='bbox 1229 1136 1401 1173; x_wconf 89' lang='lat' dir='ltr'>sentiun-</span> 
     </span>
     <span class='ocr_line' id='line_1_18' title="bbox 72 1192 1402 1244; baseline 0 -13"><span class='ocrx_word' id='word_1_131' title='bbox 72 1198 148 1244; x_wconf 87' lang='lat' dir='ltr'>tur,</span> <span class='ocrx_word' id='word_1_132' title='bbox 179 1192 368 1244; x_wconf 90' lang='lat' dir='ltr'>plurimos</span> <span class='ocrx_word' id='word_1_133' title='bbox 400 1194 543 1243; x_wconf 89' lang='lat' dir='ltr'>nescit,</span> <span class='ocrx_word' id='word_1_134' title='bbox 575 1205 672 1243; x_wconf 90' lang='lat' dir='ltr'>quos</span> <span class='ocrx_word' id='word_1_135' title='bbox 703 1194 786 1243; x_wconf 86' lang='lat' dir='ltr'>ipse</span> <span class='ocrx_word' id='word_1_136' title='bbox 819 1204 897 1230; x_wconf 91' lang='lat' dir='ltr'>non</span> <span class='ocrx_word' id='word_1_137' title='bbox 928 1204 1066 1243; x_wconf 89' lang='lat' dir='ltr'>passus</span> <span class='ocrx_word' id='word_1_138' title='bbox 1098 1198 1168 1231; x_wconf 91' lang='lat' dir='ltr'>est.</span> <span class='ocrx_word' id='word_1_139' title='bbox 1230 1192 1278 1231; x_wconf 92' lang='lat' dir='ltr'>Ut</span> <span class='ocrx_word' id='word_1_140' title='bbox 1311 1205 1402 1243; x_wconf 86' lang='lat' dir='ltr'>ergo</span> 
     </span>
     <span class='ocr_line' id='line_1_19' title="bbox 73 1250 1403 1302; baseline 0 -13"><span class='ocrx_word' id='word_1_141' title='bbox 73 1252 256 1289; x_wconf 85' lang='lat' dir='ltr'>scientiae</span> <span class='ocrx_word' id='word_1_142' title='bbox 288 1250 478 1289; x_wconf 89' lang='lat' dir='ltr'>malorum</span> <span class='ocrx_word' id='word_1_143' title='bbox 510 1251 607 1289; x_wconf 87' lang='lat' dir='ltr'>duae</span> <span class='ocrx_word' id='word_1_144' title='bbox 640 1256 748 1301; x_wconf 83' lang='lat' dir='ltr'>sunt3</span> <span class='ocrx_word' id='word_1_145' title='bbox 779 1262 880 1302; x_wconf 90' lang='lat' dir='ltr'>una,</span> <span class='ocrx_word' id='word_1_146' title='bbox 912 1263 986 1300; x_wconf 90' lang='lat' dir='ltr'>qua</span> <span class='ocrx_word' id='word_1_147' title='bbox 1018 1252 1231 1301; x_wconf 87' lang='lat' dir='ltr'>potentiam</span> <span class='ocrx_word' id='word_1_148' title='bbox 1263 1252 1403 1289; x_wconf 89' lang='lat' dir='ltr'>mentis</span> 
     </span>
     <span class='ocr_line' id='line_1_20' title="bbox 74 1305 1402 1361; baseline -0.001 -14"><span class='ocrx_word' id='word_1_149' title='bbox 74 1321 151 1347; x_wconf 94' lang='lat' dir='ltr'>non</span> <span class='ocrx_word' id='word_1_150' title='bbox 177 1309 314 1361; x_wconf 89' lang='lat' dir='ltr'>latent,</span> <span class='ocrx_word' id='word_1_151' title='bbox 345 1309 476 1356; x_wconf 87' lang='lat' dir='ltr'>altera,</span> <span class='ocrx_word' id='word_1_152' title='bbox 509 1321 584 1359; x_wconf 91' lang='lat' dir='ltr'>qua</span> <span class='ocrx_word' id='word_1_153' title='bbox 610 1310 845 1359; x_wconf 86' lang='lat' dir='ltr'>experientis</span> <span class='ocrx_word' id='word_1_154' title='bbox 872 1308 1052 1346; x_wconf 85' lang='lat' dir='ltr'>sensibus</span> <span class='ocrx_word' id='word_1_155' title='bbox 1083 1308 1287 1347; x_wconf 86' lang='lat' dir='ltr'>inhaerent</span> <span class='ocrx_word' id='word_1_156' title='bbox 1319 1305 1402 1361; x_wconf 87' lang='lat' dir='ltr'>(ali-</span> 
     </span>
     <span class='ocr_line' id='line_1_21' title="bbox 74 1367 1473 1418; baseline 0.001 -13"><span class='ocrx_word' id='word_1_157' title='bbox 74 1373 133 1405; x_wconf 89' lang='lat' dir='ltr'>ter</span> <span class='ocrx_word' id='word_1_158' title='bbox 166 1369 307 1418; x_wconf 85' lang='lat' dir='ltr'>quippe</span> <span class='ocrx_word' id='word_1_159' title='bbox 342 1368 519 1405; x_wconf 86' lang='lat' dir='ltr'>sciuntur</span> <span class='ocrx_word' id='word_1_160' title='bbox 550 1368 640 1405; x_wconf 84' lang='lat' dir='ltr'>vitia</span> <span class='ocrx_word' id='word_1_161' title='bbox 673 1369 799 1405; x_wconf 91' lang='lat' dir='ltr'>omnia</span> <span class='ocrx_word' id='word_1_162' title='bbox 831 1379 902 1417; x_wconf 89' lang='lat' dir='ltr'>per</span> <span class='ocrx_word' id='word_1_163' title='bbox 934 1368 1143 1417; x_wconf 85' lang='lat' dir='ltr'>sapientiae</span> <span class='ocrx_word' id='word_1_164' title='bbox 1176 1367 1403 1418; x_wconf 85' lang='lat' dir='ltr'>doctrinam,</span> <span class='ocrx_word' id='word_1_165' title='bbox 1430 1376 1473 1406; x_wconf 78' lang='lat'>20</span> 
     </span>
     <span class='ocr_line' id='line_1_22' title="bbox 75 1420 1402 1477; baseline 0 -14"><span class='ocrx_word' id='word_1_166' title='bbox 75 1425 185 1463; x_wconf 85' lang='lat' dir='ltr'>aliter</span> <span class='ocrx_word' id='word_1_167' title='bbox 222 1437 293 1476; x_wconf 92' lang='lat' dir='ltr'>per</span> <span class='ocrx_word' id='word_1_168' title='bbox 330 1427 550 1476; x_wconf 85' lang='lat' dir='ltr'>insipientis</span> <span class='ocrx_word' id='word_1_169' title='bbox 587 1426 794 1476; x_wconf 85' lang='lat' dir='ltr'>pessimam</span> <span class='ocrx_word' id='word_1_170' title='bbox 832 1420 985 1477; x_wconf 87' lang='lat' dir='ltr'>vitam):</span> <span class='ocrx_word' id='word_1_171' title='bbox 1024 1426 1077 1462; x_wconf 91' lang='lat' dir='ltr'>ita</span> <span class='ocrx_word' id='word_1_172' title='bbox 1115 1431 1153 1463; x_wconf 87' lang='lat' dir='ltr'>et</span> <span class='ocrx_word' id='word_1_173' title='bbox 1190 1424 1402 1463; x_wconf 91' lang='lat' dir='ltr'>obliviones</span> 
     </span>
     <span class='ocr_line' id='line_1_23' title="bbox 74 1482 1401 1533; baseline 0 -12"><span class='ocrx_word' id='word_1_174' title='bbox 74 1483 263 1521; x_wconf 84' lang='lat' dir='ltr'>malorum</span> <span class='ocrx_word' id='word_1_175' title='bbox 304 1483 401 1522; x_wconf 88' lang='lat' dir='ltr'>duae</span> <span class='ocrx_word' id='word_1_176' title='bbox 439 1490 540 1522; x_wconf 88' lang='lat' dir='ltr'>sunt.</span> <span class='ocrx_word' id='word_1_177' title='bbox 602 1483 722 1521; x_wconf 89' lang='lat' dir='ltr'>Aliter</span> <span class='ocrx_word' id='word_1_178' title='bbox 760 1496 803 1521; x_wconf 89' lang='lat' dir='ltr'>ea</span> <span class='ocrx_word' id='word_1_179' title='bbox 842 1495 1007 1533; x_wconf 87' lang='lat' dir='ltr'>namque</span> <span class='ocrx_word' id='word_1_180' title='bbox 1040 1482 1282 1521; x_wconf 82' lang='lat' dir='ltr'>obliviscitur</span> <span class='ocrx_word' id='word_1_181' title='bbox 1315 1496 1401 1522; x_wconf 86' lang='lat' dir='ltr'>eru-</span> 
     </span>
     <span class='ocr_line' id='line_1_24' title="bbox 76 1540 1403 1593; baseline -0.001 -13"><span class='ocrx_word' id='word_1_182' title='bbox 76 1541 180 1580; x_wconf 87' lang='lat' dir='ltr'>ditus</span> <span class='ocrx_word' id='word_1_183' title='bbox 206 1547 245 1580; x_wconf 90' lang='lat' dir='ltr'>et</span> <span class='ocrx_word' id='word_1_184' title='bbox 271 1542 420 1593; x_wconf 87' lang='lat' dir='ltr'>doctus,</span> <span class='ocrx_word' id='word_1_185' title='bbox 452 1541 562 1580; x_wconf 88' lang='lat' dir='ltr'>aliter</span> <span class='ocrx_word' id='word_1_186' title='bbox 588 1548 771 1592; x_wconf 86' lang='lat' dir='ltr'>expertus</span> <span class='ocrx_word' id='word_1_187' title='bbox 798 1546 836 1579; x_wconf 91' lang='lat' dir='ltr'>et</span> <span class='ocrx_word' id='word_1_188' title='bbox 867 1553 1022 1592; x_wconf 71' lang='lat' dir='ltr'>passus,</span> <span class='ocrx_word' id='word_1_189' title='bbox 1054 1540 1128 1588; x_wconf 86' lang='lat' dir='ltr'>ille,</span> <span class='ocrx_word' id='word_1_190' title='bbox 1161 1542 1193 1579; x_wconf 86' lang='lat' dir='ltr'>si</span> <span class='ocrx_word' id='word_1_191' title='bbox 1224 1543 1403 1592; x_wconf 85' lang='lat' dir='ltr'>peritiam</span> 
     </span>
     <span class='ocr_line' id='line_1_25' title="bbox 74 1598 1401 1652; baseline -0.001 -14"><span class='ocrx_word' id='word_1_192' title='bbox 74 1600 269 1651; x_wconf 84' lang='lat' dir='ltr'>neglegat,</span> <span class='ocrx_word' id='word_1_193' title='bbox 300 1602 386 1652; x_wconf 89' lang='lat' dir='ltr'>iste,</span> <span class='ocrx_word' id='word_1_194' title='bbox 418 1602 450 1638; x_wconf 89' lang='lat' dir='ltr'>si</span> <span class='ocrx_word' id='word_1_195' title='bbox 475 1601 630 1638; x_wconf 88' lang='lat' dir='ltr'>miseria</span> <span class='ocrx_word' id='word_1_196' title='bbox 657 1605 796 1637; x_wconf 88' lang='lat' dir='ltr'>careat.</span> <span class='ocrx_word' id='word_1_197' title='bbox 859 1599 1082 1637; x_wconf 88' lang='lat' dir='ltr'>Secundum</span> <span class='ocrx_word' id='word_1_198' title='bbox 1113 1598 1212 1637; x_wconf 89' lang='lat' dir='ltr'>hanc</span> <span class='ocrx_word' id='word_1_199' title='bbox 1245 1598 1401 1638; x_wconf 89' lang='lat' dir='ltr'>oblivio-</span> 
     </span>
     <span class='ocr_line' id='line_1_26' title="bbox 75 1657 1471 1711; baseline 0.001 -15"><span class='ocrx_word' id='word_1_200' title='bbox 75 1670 185 1711; x_wconf 90' lang='lat' dir='ltr'>nem,</span> <span class='ocrx_word' id='word_1_201' title='bbox 227 1670 340 1708; x_wconf 85' lang='lat' dir='ltr'>quam</span> <span class='ocrx_word' id='word_1_202' title='bbox 382 1659 599 1709; x_wconf 82' lang='lat' dir='ltr'>posteriore</span> <span class='ocrx_word' id='word_1_203' title='bbox 640 1657 724 1696; x_wconf 92' lang='lat' dir='ltr'>loco</span> <span class='ocrx_word' id='word_1_204' title='bbox 761 1659 898 1709; x_wconf 91' lang='lat' dir='ltr'>posui,</span> <span class='ocrx_word' id='word_1_205' title='bbox 942 1669 1019 1695; x_wconf 93' lang='lat' dir='ltr'>non</span> <span class='ocrx_word' id='word_1_206' title='bbox 1057 1662 1173 1695; x_wconf 89' lang='lat' dir='ltr'>erunt</span> <span class='ocrx_word' id='word_1_207' title='bbox 1211 1669 1403 1696; x_wconf 85' lang='lat' dir='ltr'>memores</span> <span class='ocrx_word' id='word_1_208' title='bbox 1430 1667 1471 1697; x_wconf 81' lang='lat'>25</span> 
     </span>
     <span class='ocr_line' id='line_1_27' title="bbox 75 1715 1403 1768; baseline 0.001 -14"><span class='ocrx_word' id='word_1_209' title='bbox 75 1718 198 1755; x_wconf 82' lang='lat' dir='ltr'>sancti</span> <span class='ocrx_word' id='word_1_210' title='bbox 241 1718 543 1767; x_wconf 85' lang='lat' dir='ltr'>praeteritorum</span> <span class='ocrx_word' id='word_1_211' title='bbox 586 1715 793 1767; x_wconf 84' lang='lat' dir='ltr'>malorum3</span> <span class='ocrx_word' id='word_1_212' title='bbox 837 1715 1027 1753; x_wconf 87' lang='lat' dir='ltr'>carebunt</span> <span class='ocrx_word' id='word_1_213' title='bbox 1070 1716 1174 1754; x_wconf 86' lang='lat' dir='ltr'>enim</span> <span class='ocrx_word' id='word_1_214' title='bbox 1212 1715 1403 1768; x_wconf 78' lang='lat' dir='ltr'>omnihus,</span> 
     </span>
     <span class='ocr_line' id='line_1_28' title="bbox 75 1772 1403 1825; baseline -0.002 -12"><span class='ocrx_word' id='word_1_215' title='bbox 75 1775 126 1813; x_wconf 88' lang='lat' dir='ltr'>ita</span> <span class='ocrx_word' id='word_1_216' title='bbox 166 1780 210 1813; x_wconf 91' lang='lat' dir='ltr'>ut</span> <span class='ocrx_word' id='word_1_217' title='bbox 247 1776 402 1825; x_wconf 84' lang='lat' dir='ltr'>penitus</span> <span class='ocrx_word' id='word_1_218' title='bbox 441 1774 643 1812; x_wconf 84' lang='lat' dir='ltr'>deleantur</span> <span class='ocrx_word' id='word_1_219' title='bbox 683 1774 729 1811; x_wconf 88' lang='lat' dir='ltr'>de</span> <span class='ocrx_word' id='word_1_220' title='bbox 768 1773 947 1812; x_wconf 87' lang='lat' dir='ltr'>sensibus</span> <span class='ocrx_word' id='word_1_221' title='bbox 980 1786 1127 1811; x_wconf 89' lang='lat' dir='ltr'>eorum.</span> <span class='ocrx_word' id='word_1_222' title='bbox 1189 1772 1243 1811; x_wconf 89' lang='lat' dir='ltr'>Ea</span> <span class='ocrx_word' id='word_1_223' title='bbox 1275 1780 1403 1812; x_wconf 89' lang='lat' dir='ltr'>tamen</span> 
     </span>
     <span class='ocr_line' id='line_1_29' title="bbox 74 1831 1402 1884; baseline 0 -14"><span class='ocrx_word' id='word_1_224' title='bbox 74 1834 248 1884; x_wconf 88' lang='lat' dir='ltr'>potentia</span> <span class='ocrx_word' id='word_1_225' title='bbox 275 1834 472 1884; x_wconf 88' lang='lat' dir='ltr'>scientiae,</span> <span class='ocrx_word' id='word_1_226' title='bbox 505 1844 602 1883; x_wconf 89' lang='lat' dir='ltr'>quae</span> <span class='ocrx_word' id='word_1_227' title='bbox 629 1844 766 1882; x_wconf 83' lang='lat' dir='ltr'>magna</span> <span class='ocrx_word' id='word_1_228' title='bbox 792 1833 830 1870; x_wconf 93' lang='lat' dir='ltr'>in</span> <span class='ocrx_word' id='word_1_229' title='bbox 863 1833 919 1870; x_wconf 91' lang='lat' dir='ltr'>eis</span> <span class='ocrx_word' id='word_1_230' title='bbox 951 1833 1036 1883; x_wconf 89' lang='lat' dir='ltr'>erit,</span> <span class='ocrx_word' id='word_1_231' title='bbox 1069 1844 1145 1869; x_wconf 89' lang='lat' dir='ltr'>non</span> <span class='ocrx_word' id='word_1_232' title='bbox 1179 1831 1303 1870; x_wconf 80' lang='lat' dir='ltr'>solun]</span> <span class='ocrx_word' id='word_1_233' title='bbox 1336 1844 1402 1871; x_wconf 86' lang='lat' dir='ltr'>sua</span> 
     </span>
     <span class='ocr_line' id='line_1_30' title="bbox 75 1890 1404 1943; baseline -0.001 -14"><span class='ocrx_word' id='word_1_234' title='bbox 75 1892 301 1943; x_wconf 87' lang='lat' dir='ltr'>praeterita,</span> <span class='ocrx_word' id='word_1_235' title='bbox 334 1890 401 1929; x_wconf 91' lang='lat' dir='ltr'>sed</span> <span class='ocrx_word' id='word_1_236' title='bbox 435 1892 549 1929; x_wconf 87' lang='lat' dir='ltr'>etiam</span> <span class='ocrx_word' id='word_1_237' title='bbox 581 1891 849 1929; x_wconf 88' lang='lat' dir='ltr'>damnatorum</span> <span class='ocrx_word' id='word_1_238' title='bbox 881 1902 949 1928; x_wconf 93' lang='lat' dir='ltr'>eos</span> <span class='ocrx_word' id='word_1_239' title='bbox 981 1891 1217 1940; x_wconf 84' lang='lat' dir='ltr'>sempiterna</span> <span class='ocrx_word' id='word_1_240' title='bbox 1248 1892 1404 1928; x_wconf 83' lang='lat' dir='ltr'>miseria</span> 
     </span>
     <span class='ocr_line' id='line_1_31' title="bbox 75 1948 1473 2000; baseline 0.001 -14"><span class='ocrx_word' id='word_1_241' title='bbox 75 1961 152 1987; x_wconf 92' lang='lat' dir='ltr'>non</span> <span class='ocrx_word' id='word_1_242' title='bbox 184 1949 329 1988; x_wconf 88' lang='lat' dir='ltr'>latebit.</span> <span class='ocrx_word' id='word_1_243' title='bbox 389 1949 569 1999; x_wconf 87' lang='lat' dir='ltr'>Alioquin</span> <span class='ocrx_word' id='word_1_244' title='bbox 602 1950 634 1987; x_wconf 88' lang='lat' dir='ltr'>si</span> <span class='ocrx_word' id='word_1_245' title='bbox 665 1961 707 1986; x_wconf 88' lang='lat' dir='ltr'>se</span> <span class='ocrx_word' id='word_1_246' title='bbox 740 1948 859 1986; x_wconf 84' lang='lat' dir='ltr'>fuisse</span> <span class='ocrx_word' id='word_1_247' title='bbox 891 1949 1055 1986; x_wconf 89' lang='lat' dir='ltr'>miseros</span> <span class='ocrx_word' id='word_1_248' title='bbox 1082 1949 1271 1986; x_wconf 88' lang='lat' dir='ltr'>nescituri</span> <span class='ocrx_word' id='word_1_249' title='bbox 1302 1955 1404 2000; x_wconf 88' lang='lat' dir='ltr'>sunt,</span> <span class='ocrx_word' id='word_1_250' title='bbox 1430 1958 1473 1988; x_wconf 86' lang='lat'>30</span> 
     </span>
     <span class='ocr_line' id='line_1_32' title="bbox 77 2006 1404 2059; baseline 0 -14"><span class='ocrx_word' id='word_1_251' title='bbox 77 2020 153 2057; x_wconf 88' lang='lat' dir='ltr'>quo</span> <span class='ocrx_word' id='word_1_252' title='bbox 191 2008 323 2059; x_wconf 86' lang='lat' dir='ltr'>modo,</span> <span class='ocrx_word' id='word_1_253' title='bbox 368 2009 468 2046; x_wconf 89' lang='lat' dir='ltr'>sicut</span> <span class='ocrx_word' id='word_1_254' title='bbox 506 2009 558 2045; x_wconf 89' lang='lat' dir='ltr'>ait</span> <span class='ocrx_word' id='word_1_255' title='bbox 593 2006 782 2059; x_wconf 88' lang='lat' dir='ltr'>psalmus,</span> <span class='ocrx_word' id='word_1_256' title='bbox 827 2007 1127 2045; x_wconf 73' lang='lat' dir='ltr'>misericordias</span> <span class='ocrx_word' id='word_1_257' title='bbox 1164 2006 1325 2045; x_wconf 69' lang='lat' dir='ltr'>Domini</span> <span class='ocrx_word' id='word_1_258' title='bbox 1364 2009 1404 2045; x_wconf 80' lang='lat' dir='ltr'>z&#39;n</span> 
     </span>
     <span class='ocr_line' id='line_1_33' title="bbox 76 2062 1403 2115; baseline -0.001 -11"><span class='ocrx_word' id='word_1_259' title='bbox 76 2071 282 2104; x_wconf 77' lang='lat' dir='ltr'>aeternum</span> <span class='ocrx_word' id='word_1_260' title='bbox 332 2062 580 2104; x_wconf 74' lang='lat' dir='ltr'>cantabunt?</span> <span class='ocrx_word' id='word_1_261' title='bbox 642 2064 726 2109; x_wconf 91' lang='lat' dir='ltr'>Quo</span> <span class='ocrx_word' id='word_1_262' title='bbox 778 2066 926 2102; x_wconf 88' lang='lat' dir='ltr'>cantico</span> <span class='ocrx_word' id='word_1_263' title='bbox 971 2065 1010 2101; x_wconf 92' lang='lat' dir='ltr'>in</span> <span class='ocrx_word' id='word_1_264' title='bbox 1055 2063 1216 2114; x_wconf 84' lang='lat' dir='ltr'>gloriam</span> <span class='ocrx_word' id='word_1_265' title='bbox 1260 2066 1403 2115; x_wconf 83' lang='lat' dir='ltr'>gratiae</span> 
     </span>
    </p>
   </div>
   <div class='ocr_carea' id='block_1_3' title="bbox 170 2166 452 2209">
    <p class='ocr_par' dir='ltr' id='par_1_4' title="bbox 170 2166 452 2209">
     <span class='ocr_line' id='line_1_34' title="bbox 170 2166 452 2209; baseline 0.004 -10"><span class='ocrx_word' id='word_1_266' title='bbox 170 2167 228 2209; x_wconf 78' lang='lat'>32&gt;</span> <span class='ocrx_word' id='word_1_267' title='bbox 254 2166 312 2200; x_wconf 81' lang='lat' dir='ltr'>Ps.</span> <span class='ocrx_word' id='word_1_268' title='bbox 339 2170 394 2208; x_wconf 81' lang='lat'>88,</span> <span class='ocrx_word' id='word_1_269' title='bbox 421 2170 452 2200; x_wconf 82' lang='lat'>2.</span> 
     </span>
    </p>
   </div>
   <div class='ocr_carea' id='block_1_4' title="bbox 78 2280 1406 2373">
    <p class='ocr_par' dir='ltr' id='par_1_5' title="bbox 78 2280 1406 2373">
     <span class='ocr_line' id='line_1_35' title="bbox 173 2280 1406 2326; baseline 0 -10"><span class='ocrx_word' id='word_1_270' title='bbox 173 2286 213 2316; x_wconf 82' lang='lat'>12</span> <span class='ocrx_word' id='word_1_271' title='bbox 234 2293 306 2316; x_wconf 88' lang='lat' dir='ltr'>non</span> <span class='ocrx_word' id='word_1_272' title='bbox 327 2282 374 2316; x_wconf 76' lang='lat' dir='ltr'>sit</span> <span class='ocrx_word' id='word_1_273' title='bbox 392 2281 539 2325; x_wconf 79' lang='lat' dir='ltr'>ingrata</span> <span class='ocrx_word' id='word_1_274' title='bbox 558 2281 764 2323; x_wconf 76' lang='lat' dir='ltr'>RLParr.;</span> <span class='ocrx_word' id='word_1_275' title='bbox 790 2292 862 2315; x_wconf 89' lang='grc'><strong>11011</strong></span> <span class='ocrx_word' id='word_1_276' title='bbox 888 2292 952 2315; x_wconf 80' lang='lat' dir='ltr'>om.</span> <span class='ocrx_word' id='word_1_277' title='bbox 975 2281 1009 2314; x_wconf 86' lang='grc' dir='ltr'><strong><em>Α</em></strong></span> <span class='ocrx_word' id='word_1_278' title='bbox 1017 2294 1029 2322; x_wconf 89' lang='grc'>,·</span> <span class='ocrx_word' id='word_1_279' title='bbox 1055 2291 1127 2315; x_wconf 87' lang='lat' dir='ltr'>non</span> <span class='ocrx_word' id='word_1_280' title='bbox 1154 2280 1201 2315; x_wconf 73' lang='lat' dir='ltr'>sit</span> <span class='ocrx_word' id='word_1_281' title='bbox 1225 2282 1331 2326; x_wconf 76' lang='lat' dir='ltr'>grata</span> <span class='ocrx_word' id='word_1_282' title='bbox 1354 2292 1374 2316; x_wconf 78' lang='lat' dir='ltr'><em>v</em></span> <span class='ocrx_word' id='word_1_283' title='bbox 1394 2281 1406 2326; x_wconf 83' lang='grc' dir='ltr'>Η</span> 
     </span>
     <span class='ocr_line' id='line_1_36' title="bbox 78 2327 1065 2373; baseline -0.003 -10"><span class='ocrx_word' id='word_1_284' title='bbox 78 2332 120 2362; x_wconf 83' lang='lat'>14</span> <span class='ocrx_word' id='word_1_285' title='bbox 147 2329 436 2373; x_wconf 78' lang='lat' dir='ltr'>experimentum</span> <span class='ocrx_word' id='word_1_286' title='bbox 463 2339 633 2362; x_wconf 85' lang='lat' dir='ltr'>sensuum</span> <span class='ocrx_word' id='word_1_287' title='bbox 658 2329 693 2361; x_wconf 76' lang='lat' dir='ltr'><strong><em>A</em></strong></span> <span class='ocrx_word' id='word_1_288' title='bbox 713 2330 724 2372; x_wconf 87' lang='grc' dir='ltr'>ΙΙ</span> <span class='ocrx_word' id='word_1_289' title='bbox 744 2332 788 2362; x_wconf 87' lang='grc'>30</span> <span class='ocrx_word' id='word_1_290' title='bbox 815 2327 842 2361; x_wconf 88' lang='lat' dir='ltr'>si</span> <span class='ocrx_word' id='word_1_291' title='bbox 870 2327 941 2371; x_wconf 77' lang='lat' dir='ltr'>ipsi</span> <span class='ocrx_word' id='word_1_292' title='bbox 968 2338 1004 2361; x_wconf 86' lang='lat' dir='ltr'>se</span> <span class='ocrx_word' id='word_1_293' title='bbox 1031 2328 1065 2361; x_wconf 78' lang='lat' dir='ltr'><strong><em>A</em></strong></span> 
     </span>
    </p>
   </div>
  </div>
 </body>
</html>
