1611 2465
145 126 229 166 602
679 132 706 158 s.
726 132 946 159 AUGUSTINI

145 236 188 263 ea
221 236 415 275 quemque
450 229 598 261 statura
631 223 808 272 corporis
840 228 1161 261 resurrecturum
1193 235 1298 275 esse,
1337 224 1378 262 in
1411 235 1486 274 qua

146 283 353 322 defunctus
399 287 477 333 est,
521 293 599 320 non
637 281 867 331 pugnaciter
913 281 1178 320 resistendum
1216 286 1293 333 est3
1334 286 1487 320 tantum

145 341 244 379 absit
285 342 410 378 omnis
452 340 698 391 deformitas,
737 341 863 377 omnis
904 339 1127 391 infirmitas,
1165 342 1291 379 omnis
1323 340 1487 380 tarditas

145 402 349 450 omnisque
383 401 601 450 corruptio,
640 404 678 436 et
718 399 751 436 si
783 398 875 448 quid
909 397 1012 437 aliud
1043 398 1138 437 illud
1170 411 1249 437 non
1281 398 1393 438 decet
1425 411 1485 438 re-

99 467 117 497 5
145 470 282 509 gnum,
314 460 353 496 in
388 470 464 508 quo
497 458 800 496 resurrectionis
834 462 872 495 et
903 458 1174 507 promissionis
1207 457 1273 495 filii
1305 458 1488 508 aequales

145 523 261 555 erunt
293 516 439 567 angelis
473 515 562 569 Dei,
594 517 627 554 si
660 527 737 554 non
770 527 952 567 corpore,
985 528 1062 554 non
1096 521 1232 564 aetate,
1265 522 1371 555 certe
1404 516 1484 555 feli-

145 578 272 614 citate.

664 711 818 754 CAPUT
849 711 963 753 XXI.

147 800 206 837 De
237 800 412 837 novitate
443 800 626 847 corporis
657 799 869 846 spiritalis,
902 799 942 836 in
975 809 1093 845 quam
1124 802 1357 836 sanctorum
1388 809 1488 837 caro

78 866 119 896 10
700 857 931 894 mutabitur.

263 938 509 977 Restituetur
531 950 622 988 ergo
644 937 908 988 quidquid'de
936 937 1168 988 corporibus
1194 939 1289 977 vivis
1316 938 1375 976 vel
1400 944 1488 990 post

146 1003 313 1036 mortem
345 996 392 1035 (le
426 996 679 1035 cadaveribus
711 997 848 1047 periit,
881 1002 920 1035 et
952 995 1068 1035 simul
1100 1008 1189 1034 cum
1222 1008 1280 1048 eo,
1313 997 1416 1048 quod
1448 998 1488 1036 in

147 1056 339 1107 sepulcris
366 1056 566 1106 remansit,
597 1054 645 1092 in*
664 1054 849 1106 spiritalis
883 1056 1060 1105 corporis
1087 1056 1297 1094 novitatem
1329 1067 1376 1094 ex
1409 1057 1487 1094 ani-

146 1114 257 1152 malis
291 1115 468 1164 corporis
505 1119 697 1152 vetustate
731 1118 923 1151 mutatum
968 1119 1149 1163 resurget
1191 1115 1488 1165 incorruptione

78 1182 119 1211 15
148 1178 261 1223 atque
307 1172 585 1210 inmortalitate
630 1173 824 1210 vestitum.
889 1170 964 1209 Sed
1008 1173 1081 1210 etsi
1122 1171 1181 1209 vel
1227 1184 1319 1211 casu
1360 1172 1489 1223 aliquo

147 1233 254 1282 gravi
279 1230 339 1268 vel
371 1232 620 1268 inimicorum
653 1231 879 1268 inmanitate
912 1234 1039 1268 totum
1071 1231 1228 1280 penitus
1261 1236 1490 1270 conteratur

148 1292 187 1328 in
213 1289 416 1340 pulverem
448 1295 565 1339 atque
591 1289 631 1326 in
665 1300 778 1327 auras
811 1287 870 1326 vel
894 1289 935 1326 in
962 1300 1080 1338 aquas
1108 1287 1342 1341 dispersum,
1369 1301 1488 1340 quan-

150 1354 231 1387 tum
276 1348 360 1386 fieri
403 1353 551 1398 potest,
595 1358 788 1397 nusquam
834 1359 919 1385 esse
965 1348 1116 1385 sinatur
1161 1348 1338 1385 omnino:
1382 1348 1489 1386 nullo

148 1406 262 1444 modo
296 1405 472 1444 subtrahi
504 1407 649 1456 poterit
681 1406 984 1456 omnipotentiae
1018 1404 1232 1458 Creatoris,
1273 1405 1342 1444 sed
1375 1406 1489 1458 capil-

78 1475 122 1504 ζ30
149 1465 208 1503 lus
241 1466 281 1503 in
314 1476 359 1502 eo
401 1465 540 1515 capitis
580 1476 657 1502 non
689 1463 844 1515 peribit.
905 1463 991 1502 Erit
1022 1475 1115 1514 ergo
1148 1465 1304 1515 spiritui
1336 1464 1490 1504 subdita

149 1536 238 1562 caro
272 1523 478 1574 spiritalis,
517 1522 585 1561 sed
618 1528 748 1560 tamen
781 1534 893 1574 caro,
925 1534 1003 1560 non
1036 1523 1216 1574 spiritus3
1249 1524 1352 1562 sicut
1383 1526 1491 1563 carni

149 1581 330 1620 subditus
372 1582 445 1619 fuit
486 1582 648 1632 spiritus
687 1582 770 1632 ipse
809 1580 994 1629 carnalis,
1037 1580 1104 1619 sed
1144 1587 1273 1620 tamen
1315 1583 1490 1634 spiritus,

150 1653 226 1679 non
266 1652 368 1678 care.
431 1639 551 1678 Cuius
591 1641 648 1677 rei
685 1639 874 1678 habemus
917 1640 1229 1690 experimentum
1260 1641 1301 1678 in
1333 1646 1490 1680 nostrae

149 1711 295 1750 poenae
341 1698 599 1737 deformitate.
667 1697 753 1736 Non
798 1699 902 1736 enim
943 1697 1161 1736 secundum
1202 1710 1378 1751 carnem,
1423 1700 1491 1738 sed

81 1767 122 1795 25
150 1759 284 1808 utique
318 1756 535 1796 secundum
568 1757 750 1807 spiritum
782 1755 956 1795 carnales
989 1763 1111 1808 erant,
1144 1756 1285 1807 quibus
1317 1759 1370 1796 ait
1401 1770 1490 1809 apo-

150 1816 289 1854 stolus:
324 1816 410 1855 Non
432 1817 549 1864 potul
572 1816 681 1853 vobis
706 1817 816 1863 loqui
839 1816 958 1864 quasi
979 1816 1241 1864 spiritalibus,
1273 1817 1346 1855 sed
1375 1820 1492 1865 quasi

149 1871 384 1914 carnalibus
393 1888 405 1919 ,·
446 1879 484 1912 et
516 1873 631 1912 homo
665 1873 849 1924 spiritalis
882 1875 937 1911 sic
969 1874 1009 1911 in
1042 1873 1112 1912 hae
1145 1875 1221 1912 vita
1253 1873 1416 1928 dicitur,
1448 1881 1492 1915 ut

150 1938 277 1971 tamen
306 1944 471 1983 corpore
497 1931 621 1970 adhuc
650 1932 814 1970 carnalis
841 1933 892 1970 sit
923 1936 962 1970 et
992 1932 1119 1971 videat
1150 1932 1262 1970 aliam
1294 1932 1418 1984 legem
1450 1935 1491 1973 in

150 1990 336 2029 membris
375 1992 456 2029 suis
495 1996 779 2041 repugnantem
822 1990 898 2040 legi
929 1992 1071 2028 mentis
1105 2002 1215 2042 suae,
1254 1993 1330 2030 erit
1361 1998 1490 2031 autem

78 2059 123 2088 30
152 2052 266 2088 etiam
294 2061 458 2100 corpore
486 2048 683 2100 spiritalis,
716 2060 805 2087 cum
838 2047 973 2086 eadem
1006 2060 1095 2086 caro
1129 2050 1184 2087 sic
1216 2053 1491 2103 resurrexerit,

150 2114 193 2146 ut
219 2109 284 2146 liat
311 2107 413 2158 quod
442 2109 631 2158 scriptum
659 2112 735 2146 est:
768 2108 1000 2145 Seme'nalur
1032 2119 1179 2156 corpus
1212 2110 1395 2156 animale,
1428 2122 1490 2149 re-

244 2199 301 2238 ⁶27)
331 2201 358 2230 1.
387 2196 466 2231 Cor.
495 2200 527 2239 3,
556 2200 586 2231 1.
638 2198 695 2238 ⁶29)
721 2195 825 2230 Rom.
855 2199 885 2239 7,
911 2199 966 2230 23.

247 2305 285 2334 11
315 2312 401 2345 ergo
429 2303 463 2335 et
488 2312 507 2335 v
