1611 2465
175 121 260 162 536
710 128 737 154 S.
756 128 974 155 Avensa-Im

175 220 384 257 multitudo
423 219 647 256 dulcedinis
680 223 790 264 tuae,
824 219 1009 267 Domine,
1041 230 1160 266 quam
1191 219 1437 257 abscondisti
1464 220 1509 256 ti-

175 279 370 316 mentibus
403 281 450 323 te,
478 275 692 325 perfecisti
716 282 848 314 autem
879 277 1145 325 sperantibus,
1178 289 1255 315 non
1287 278 1327 314 in
1360 289 1413 328 se,
1444 276 1510 314 sed

177 338 216 374 in
249 337 308 374 te!
359 333 541 372 Omnium
580 336 710 385 itaque
749 336 957 373 miseretur
1001 347 1178 374 vasorum
1212 334 1512 373 misericordiae.

177 394 278 439 Quid
311 398 371 431 est.
407 390 610 431 omnium?
672 392 721 431 Et
762 405 899 431 eorum
932 393 1081 431 scilicet
1113 406 1210 444 quos
1243 406 1288 431 ex
1321 392 1514 445 gentibus,

131 460 149 490 5
177 458 216 490 et
248 463 384 490 eornm
417 463 515 501 quos
549 463 595 489 ex
620 450 773 489 Iudaeis
804 451 1107 502 praedestinavit
1140 453 1299 503 vocavit,
1330 452 1513 490 iustifica-

176 512 229 548 vit
260 510 500 561 glorificavit,
533 522 611 547 non
642 509 844 548 hominum
876 512 1062 561 omnium,
1094 510 1162 548 sed
1194 511 1360 548 istorum
1392 510 1514 548 omni—

176 581 241 607 um
275 570 472 606 neminem
505 568 769 606 damnaturus.

690 728 841 771 CAPUT
874 728 1007 770 XXV.

177 815 239 852 An
270 815 332 861 lii,
374 816 445 862 qui
482 817 587 852 inter
619 815 845 852 haereticos
877 815 1077 862 baptizati
1105 818 1198 852 sunt
1228 818 1266 852 et
1297 815 1519 853 deteriores

111 881 151 911 10
173 878 313 922 postea
345 874 448 911 male
478 874 644 911 vivendo
667 871 774 920 facti
801 877 905 920 sunt,
939 874 1000 910 vel
1027 873 1079 918 lii,
1112 874 1182 920 qui
1212 874 1323 921 apud
1352 873 1516 911 catholi-

179 942 245 969 cos
288 933 425 969 renati
463 933 520 969 ad
555 932 743 969 haereses
787 936 859 969 aut
886 931 1114 980 ,schismata
1153 933 1421 978 transierunt,
1459 932 1522 969 vel

178 991 229 1038 lii,
263 992 333 1037 qui
363 1002 388 1027 a
421 991 629 1028 catholicis
662 991 773 1038 apud
802 1000 898 1037 quos
929 991 1066 1027 renati
1095 993 1187 1027 sunt
1217 1000 1295 1027 non
1327 990 1517 1028 receden-

179 1052 236 1086 tes
268 1050 482 1086 criminose
507 1050 640 1085 vivere
660 1049 937 1096 perstiterunt,
963 1049 1117 1096 possint
1138 1049 1352 1096 priuilegio
1377 1059 1518 1086 sacra-

280 1112 500 1144 mentorum
532 1108 803 1144 remissionem
835 1107 994 1143 aeterni
1022 1118 1190 1154 sperare
1221 1108 1417 1154 supplicii.

111 1195 152 1226 15
299 1187 374 1226 Sed
414 1189 489 1224 iam
530 1187 836 1237 respondeamus
877 1188 991 1224 etiam
1033 1186 1129 1237 illis,
1170 1188 1236 1236 qni
1274 1199 1352 1225 non
1394 1187 1519 1225 solum

179 1245 330 1284 diabolo
359 1252 397 1284 et
423 1245 569 1295 angelis
596 1247 692 1295 eins,
725 1246 826 1283 sicut
852 1257 924 1282 nec
950 1246 1026 1295 isti,
1059 1244 1127 1282 sed
1153 1257 1200 1282 ne
1233 1246 1329 1295 ipsis
1361 1245 1520 1296 quidem

180 1303 361 1342 omnibns
394 1302 617 1342 hominibus
655 1302 925 1341 liberationem
966 1302 1012 1340 ab
1046 1308 1205 1341 aeterno
1237 1305 1326 1353 igne
1358 1305 1518 1354 promit-

179 1368 285 1413 tunt,
326 1374 462 1400 verum
495 1363 551 1399 eis
583 1367 753 1413 tantum,
791 1363 857 1411 qni
890 1360 1035 1399 Christi
1066 1360 1296 1411 baptismate
1329 1361 1450 1400 abluti
1482 1367 1522 1401 et

180 1422 357 1471 corporis
390 1422 474 1458 eius
505 1426 544 1458 et
575 1421 775 1470 sanguinis
806 1421 1016 1470 participes
1050 1420 1141 1457 sacti
1173 1426 1275 1471 snut,
1307 1420 1520 1470 quomodo-

110 1488 154 1518 20
179 1479 275 1517 libet
301 1480 479 1529 vixerint,
510 1480 550 1516 in
578 1490 822 1528 quacumque
855 1478 1008 1515 haeresi
1039 1477 1098 1515 vel
1130 1479 1327 1528 impietate
1361 1479 1520 1517 fuerint.

182 1537 256 1575 Sed
303 1537 535 1575 contradicit
585 1538 640 1574 eis
685 1536 883 1587 apostolus
928 1536 1079 1574 dicens:
1124 1536 1344 1584 Manifesta
1389 1542 1521 1576 autem

179 1601 274 1635 sunt
298 1608 421 1644 opera
447 1597 596 1644 carnis,
623 1607 727 1643 quae
751 1600 844 1633 sunt
864 1594 1096 1642 fornicatio,
1125 1597 1376 1643 inmunditia,
1402 1598 1520 1634 luxu-

180 1657 259 1702 ria,
292 1656 489 1692 idolorum
513 1655 695 1700 servitus,
729 1655 933 1700 veneficia,
961 1655 1206 1705 inimicitiae,
1238 1656 1521 1702 contentiones,

182 1715 478 1759 aemulationes,
506 1714 788 1759 animositates,
809 1713 1083 1758 dissensiones,
1109 1712 1306 1759 haereses,
1335 1714 1521 1762 invidiae,

112 1781 156 1811 25
183 1773 407 1817 ebrietates,
440 1773 717 1809 comisationes
743 1771 866 1809 ethis
897 1771 1042 1807 similia
1051 1783 1065 1814 ;
1096 1781 1200 1817 quae
1227 1772 1424 1819 praedico
1456 1782 1519 1809 vo-

183 1831 252 1876 bis,
284 1831 389 1868 sicut
409 1830 615 1877 praedixi,
647 1830 833 1875 quoniam
867 1830 937 1875 qui
966 1830 1064 1866 talia
1091 1832 1218 1875 aqzmt
1247 1840 1415 1876 reqnum
1445 1830 1526 1868 Dei

183 1900 261 1926 non
294 1888 563 1936 possidebunt.
627 1886 728 1924 llaec
767 1887 942 1936 profecto
981 1885 1191 1936 apostolica
1229 1885 1324 1924 falsa
1365 1892 1520 1925 senten-

182 1947 233 1984 tia
268 1951 343 1997 est,
381 1947 412 1983 si
446 1945 540 1983 tales
573 1951 661 1995 post
693 1944 932 1994 quantalibet
964 1949 1139 1994 tempora
1170 1943 1324 1983 liberati
1355 1957 1522 1995 regnum

183 2003 253 2042 Dei
293 2003 561 2054 possidebunt.
625 2002 701 2040 Sed
742 2004 924 2052 quoniam
965 2001 1058 2039 falsa
1100 2014 1178 2040 non
1220 2007 1300 2054 est,
1343 2004 1521 2054 profecto

279 2107 336 2147 27)
364 2104 444 2138 Gal.
471 2108 503 2147 5,
532 2108 573 2137 19
601 2114 677 2147 sqq.

282 2250 297 2278 1
326 2243 573 2278 metuentibus
592 2244 626 2277 A
646 2245 658 2287 ΙΙ
678 2247 697 2277 6
725 2242 886 2277 omm'um
912 2241 1104 2277 hominum
1125 2254 1142 2276 v
1163 2244 1174 2287 ΙΙ
1193 2246 1236 2277 25
1264 2243 1523 2278 comisationes

185 2291 236 2325 R¹
262 2294 312 2333 (5,
339 2294 431 2334 522),-
457 2292 628 2325 comesat.
657 2289 725 2331 Εἲς
754 2291 945 2324 comessat.
974 2290 1030 2322 Aa
