1548 2562
475 126 527 151 DE
546 126 735 151 CIVITATE
754 127 823 151 DEI
841 127 874 152 L.
896 126 962 152 xx.
983 127 1013 152 c.
1031 128 1057 152 4.
1076 128 1101 153 5.
1359 119 1444 158 411

115 227 213 254 rum.
275 215 379 253 Nova
416 215 535 264 igitur
572 220 768 265 ponentur
805 217 933 267 prius,
971 227 1069 265 quae
1101 225 1145 254 ut
1175 216 1325 254 firmius
1356 228 1445 267 pro-

115 274 263 325 bemus,
296 272 549 311 adsumentur
581 279 619 311 et
650 278 792 312 vetera.
854 273 903 315 ln
929 273 1127 312 veteribus
1158 273 1353 312 habentur
1384 274 1446 312 lex

116 338 154 370 et
185 331 416 384 prophetae,
454 332 491 368 in
531 332 639 369 novis
672 332 912 381 evangelium
945 337 984 370 et
1015 332 1248 383 apostolicae
1281 332 1445 371 litterae.

114 390 177 428 Ait
213 395 342 428 autem
381 389 596 440 apostolus:
643 391 722 428 Per
760 393 884 437 legem
921 393 1025 428 em'm
1066 393 1239 438 coym‘tio
1275 393 1446 439 peccati.

115 449 231 487 Nune
263 453 393 486 autem
423 450 509 486 sine
540 451 626 496 leqe
657 450 809 486 iustitia
841 450 919 487 Dei
948 449 1204 497 manifestata
1236 454 1309 500 est,
1342 452 1446 488 testi·
1474 457 1493 487 5

109 509 238 554 ficata
269 519 347 555 per
384 509 507 554 leyem
545 511 584 545 et
615 508 855 555 proplzetas;
899 509 1050 545 iustitia
1091 512 1223 546 autem
1260 509 1338 546 Dei
1371 520 1448 557 per

110 567 231 611 fidem
264 565 355 603 Iesu
392 565 542 603 Christi
578 567 618 603 in
658 576 790 603 omnes
821 567 891 613 qui
921 567 1102 604 eredunt.
1165 565 1269 604 Haeo
1301 567 1448 604 iustitia

116 622 185 661 Dei
217 623 263 660 ad
290 634 433 660 novum
458 624 630 672 pertinet
655 628 931 661 testamentum
963 628 1002 662 et
1034 625 1302 662 testimonium
1333 623 1449 662 habet

115 693 134 718 a
173 680 370 719 veteribus
410 680 538 731 libris,
578 681 651 719 hoc
694 687 753 719 est
794 693 812 719 a
854 681 937 732 lege
980 687 1017 720 et
1059 682 1272 732 prophetis.
1334 682 1449 721 Prius

114 740 233 789 igitur
252 741 334 789 ipsa
360 751 475 777 causa
501 739 678 790 ponenda
699 744 769 791 est,
802 746 840 778 et
864 746 998 790 postea
1019 745 1140 778 testes
1162 740 1448 779 introducendi.
1478 748 1518 779 lo

115 796 228 836 Hunc
261 803 299 836 et
330 799 412 848 ipse
440 797 617 836 Christus
649 797 757 836 Iesus
791 798 967 836 ordinem
999 799 1232 837 servandum
1265 811 1351 837 esse
1384 799 1448 837 de·

116 861 355 894 monstrans:
389 856 553 905 Scriba,
586 857 729 907 inquit,
761 859 943 895 erudilus
976 859 1017 895 in
1048 869 1174 904 reyno
1206 858 1285 896 Dei
1312 859 1450 896 similis

116 919 175 953 est
204 917 290 952 viro
324 916 439 963 patri
471 914 650 962 familias
684 914 913 963 proferenti
943 917 991 953 de
1023 916 1212 953 thesauro
1244 927 1316 954 suo
1348 927 1450 954 nova

116 977 156 1010 et
196 978 342 1011 vetera.
404 972 490 1010 Non
534 972 647 1010 dixit:
690 972 861 1023 „Vetera
900 977 938 1010 et
976 969 1124 1024 nova“‚
1168 974 1272 1023 qnod
1314 975 1449 1024 utique

117 1030 294 1082 dixisset,
335 1031 409 1068 nisi
442 1030 641 1068 maluisset
673 1032 904 1068 meritorum
936 1031 1113 1069 ordinem
1146 1043 1301 1069 servare
1335 1044 1450 1081 quam
1478 1041 1519 1070 12⁷>

116 1094 347 1139 temporum.

667 1201 820 1243 CAPUT
851 1201 903 1243 V.

153 1287 302 1333 Quibus
333 1288 537 1325 sententiis
569 1287 730 1325 Domini
760 1287 983 1326 Salvatorz's
1014 1289 1191 1326 divinum
1223 1289 1416 1326 iudicium

371 1344 556 1393 futurum
587 1347 628 1383 in
656 1347 739 1391 fine
769 1348 924 1383 saeculi
954 1347 1197 1384 declaretur.

235 1425 337 1476 Ergo
370 1427 452 1477 ipse
486 1426 658 1465 Salvator
690 1438 780 1464 cum
812 1426 1037 1477 obiurgaret
1068 1429 1264 1479 civitates,
1295 1429 1335 1466 in
1368 1430 1451 1479 qui·
1479 1438 1522 1468 20

120 1483 193 1523 bus
236 1486 400 1523 virtutes
445 1497 601 1535 magnas
645 1485 791 1523 fecerat
833 1497 960 1535 neque
1006 1485 1270 1538 crediderant,
1314 1492 1353 1525 et
1396 1488 1452 1525 eis

119 1543 352 1594 alienigenas
379 1548 649 1593 anteponeret:
691 1543 833 1581 Verum
865 1548 1008 1591 tamen,
1040 1545 1178 1595 inquit,
1211 1546 1301 1583 dieo
1332 1546 1451 1591 vobis,

125 1601 227 1651 Tyro
260 1608 299 1640 et
323 1602 465 1640 Sidoni
488 1604 691 1640 remissius
721 1603 801 1639 erit
831 1603 872 1639 in
904 1603 968 1640 die
1000 1604 1143 1640 iudicii
1173 1614 1291 1650 quam
1323 1604 1452 1648 v0b2'3;

120 1665 159 1698 et
198 1659 313 1710 paulo
349 1665 438 1710 post
476 1659 587 1697 alteri
624 1661 789 1698 civitati:
834 1661 976 1707 Amen,
1015 1661 1164 1711 inquit,
1204 1662 1293 1699 dieo
1332 1662 1450 1708 vobis,

120 1720 216 1766 qula
259 1722 397 1756 terrae
440 1718 700 1756 Sodomorum
750 1720 955 1756 remissius
998 1720 1076 1757 erit
1120 1720 1159 1756 2'72
1205 1721 1269 1757 die
1310 1721 1455 1758 iudicii
1479 1727 1521 1757 25

120 1787 239 1824 quam
276 1777 349 1814 tibi
385 1771 467 1828 (hic
505 1775 792 1814 evidentissime
831 1776 1030 1826 praedicat
1067 1776 1169 1814 diem
1202 1776 1334 1815 iudicii
1366 1789 1452 1816 esse

120 1830 366 1886 venturum);
407 1839 446 1872 et
484 1833 555 1872 alio
589 1833 690 1872 loco:
741 1834 826 1872 Viri
856 1835 1081 1881 NIneszae,
1113 1836 1256 1886 inquit,
1287 1840 1455 1883 suryent

121 1895 161 1930 in
200 1894 349 1931 iudicio
388 1904 476 1930 eum
511 1895 773 1940 yeneratione
812 1895 888 1931 ista
920 1898 959 1931 et
988 1894 1310 1932 condemnabunt
1340 1905 1427 1932 eam
1438 1908 1453 1939 ;

121 1952 217 1998 quia
252 1952 540 1999 paenitentiam
585 1956 754 1998 eqerunt
796 1953 837 1989 in
875 1952 1183 2000 praedieatione
1228 1951 1372 1999 Ionae,
1416 1956 1453 1990 el

121 2020 215 2047 eece
241 2011 332 2058 plus
363 2020 481 2057 quam
514 2009 614 2047 Iona
652 2010 729 2048 hic.
792 2009 950 2057 Reqz'na
982 2011 1123 2047 Austri
1151 2015 1291 2057 suryet
1321 2012 1361 2048 in
1394 2013 1450 2048 iu·
1478 2019 1523 2048 30

122 2155 163 2190 Ib
200 2111 251 2189 ᾖ)
276 2109 379 2144 Rom.
407 2113 446 2151 3,
471 2113 516 2144 20
542 2120 618 2153 sqq.
672 2111 727 2152 14)
754 2109 817 2143 Mt.
845 2114 907 2153 13,
932 2113 987 2156 52.
1038 2110 1096 2153 23)
1122 2109 1173 2144 Ib.
1202 2113 1262 2153 11,
1289 2113 1344 2145 22.
1394 2112 1452 2154 26)

217 2287 260 2318 10
286 2294 372 2328 ergo
398 2285 449 2328 ‘1:ss
470 2288 511 2318 13
536 2283 614 2318 viro
640 2294 706 2319 om.
731 2283 767 2317 R
785 2285 796 2327 ΙΙ
816 2287 858 2318 27
885 2294 1020 2328 resurg.
1048 2284 1083 2318 A
