1611 2465
56 743 96 772 10

58 1034 98 1065 15

56 1327 100 1357 20

56 1617 98 1648 25

53 1910 98 1940 30

121 110 146 151 3
151 110 208 150 24
669 120 695 144 s.
715 118 934 145 AUGUS'HNI

122 210 270 247 Nineve
308 213 520 247 everlelzlr.
585 208 839 259 Septuaginta
877 210 1020 260 quippe
1058 206 1229 260 (longe)
1261 211 1459 260 posterius

121 269 367 318 interpretati
405 266 507 304 aliud
546 267 675 305 dicere
714 273 946 319 potuerunt,
988 267 1091 317 quod
1130 274 1259 306 tamen
1300 267 1346 306 ad
1378 280 1462 307 rem

121 327 337 375 pertineret
375 330 413 362 et
450 326 489 362 in
530 337 651 363 unum
683 326 930 376 eundemque
963 338 1140 373 sensum,
1181 328 1354 376 quamvis
1388 326 1460 366 sub

122 384 242 422 altera
279 384 580 435 significatione,
619 390 893 435 concurreret,
934 384 1239 435 admoneretque
1272 384 1461 424 lectorem

123 448 288 492 utraque
328 443 559 480 auctoritate
600 454 677 480 non
710 448 841 494 spreta
879 442 925 481 ab
958 443 1120 481 historia
1152 455 1238 481 sese
1271 443 1459 482 adtollere

123 500 167 538 ad
202 512 243 538 ea
276 500 528 552 requirenda,
568 506 729 552 propter
771 513 867 552 quae
902 501 1151 552 significanda
1183 501 1345 540 historia
1378 503 1462 553 ipsa

123 560 342 609 conscripta
375 564 446 597 est.
508 558 623 597 Gesta
655 565 747 598 sunt
778 562 921 610 quippe
954 559 1016 598 illa
1048 561 1087 597 in
1114 559 1261 597 Nineve
1295 561 1462 612 civitate,

123 617 190 655 sed
224 616 367 667 aliquid
402 620 517 656 etiam
549 619 878 670 significaverunt,
909 618 1013 669 quod
1046 618 1203 656 modum
1235 617 1340 656 illius
1372 620 1461 657 civi-

124 676 214 714 tatis
256 675 434 726 excedat3
477 677 579 715 sicut
619 682 772 727 gestum
813 682 893 728 est,
937 676 1040 727 quod
1079 678 1161 727 ipse
1201 676 1391 727 propheta
1422 679 1462 715 in

124 739 259 772 ventre
285 736 362 772 ceti
387 734 517 773 triduo
545 735 629 788 fuit,
661 740 699 773 et
732 740 860 773 tamen
894 735 1010 773 alium
1043 736 1272 785 significavit
1303 736 1343 773 in
1374 747 1461 786 pro-

125 792 245 830 fundo
287 793 430 831 inferni
469 793 598 832 triduo
638 794 835 845 futurum,
876 795 943 844 qui
984 794 1165 832 dominus
1198 799 1258 831 est
1288 795 1462 832 omnium

124 851 416 901 prophetarum.
488 851 736 903 Quapropter
779 854 812 891 si
856 865 926 903 per
969 852 1073 890 illam
1117 853 1311 890 civitatem
1355 858 1462 891 recte

124 910 314 960 accipitur
345 910 510 949 ecclesia
541 912 715 962 gentium
748 911 976 962 prophetice
1009 911 1189 962 figurata,
1222 922 1356 949 eversa
1389 912 1460 949 sci-

124 967 216 1006 licet
253 980 324 1019 per
362 971 658 1021 paenitentiam,
696 975 739 1008 ut
785 969 909 1020 qualis
947 970 1075 1008 fuerat
1112 971 1188 1007 iam
1229 981 1307 1007 non
1348 975 1464 1020 esset,

125 1025 197 1063 hoc
240 1028 422 1077 quoniam
463 1040 533 1078 per
565 1027 764 1067 Christum
806 1029 950 1066 factum
992 1034 1052 1066 est
1092 1029 1131 1066 in
1170 1027 1334 1066 ecclesia
1372 1040 1463 1078 gen-

125 1085 235 1137 tium,
268 1087 379 1124 cuius
412 1086 475 1124 illa
506 1086 651 1125 Nineve
685 1088 848 1137 figuram
880 1086 1051 1136 gerebat,
1084 1088 1163 1124 sive
1196 1098 1267 1137 per
1299 1087 1462 1136 quadra-

125 1144 230 1193 ginta
271 1143 353 1182 dies
395 1146 473 1183 sive
521 1157 591 1195 per
632 1145 804 1183 triduum
854 1145 956 1183 idem
997 1146 1080 1195 ipse
1122 1145 1363 1195 significatus
1405 1151 1464 1184 est

126 1200 322 1253 Christus3
366 1215 437 1253 per
475 1203 729 1253 quadraginta
767 1204 935 1255 scilicet,
980 1205 1069 1254 quia
1107 1208 1164 1241 tot
1196 1203 1278 1241 dies
1310 1205 1462 1253 peregit

126 1272 215 1297 cum
259 1261 459 1311 discipulis
504 1263 584 1300 suis
625 1268 713 1312 post
754 1263 1085 1300 resurrectionem
1128 1267 1167 1300 et
1207 1261 1382 1300 ascendit
1423 1263 1462 1300 in

127 1318 293 1370 caelum3
319 1331 390 1370 per
416 1320 590 1358 triduum
617 1332 720 1371 vero,
752 1322 841 1371 quia
869 1320 929 1358 die
957 1321 1072 1358 tertio
1100 1321 1334 1370 resurrexit3
1368 1325 1462 1358 tam-

126 1388 241 1426 quam
278 1377 466 1416 lectorem
505 1378 600 1416 nihil
638 1378 739 1416 aliud
780 1391 896 1429 quam
941 1378 1125 1416 historiae
1165 1389 1299 1416 rerum
1338 1384 1463 1428 gesta-

125 1446 212 1473 rum
250 1436 455 1474 inhaerere
494 1439 716 1487 cupientem
754 1437 801 1475 de
839 1449 976 1475 somno
1014 1438 1269 1475 excitaverint
1308 1442 1460 1487 septua-

125 1494 228 1543 ginta
271 1495 507 1546 interpretes
558 1496 739 1546 idemque
789 1495 1002 1547 prophetae
1047 1495 1093 1534 ad
1137 1494 1460 1546 perscrutandam

125 1551 368 1591 altitudinem
412 1553 639 1604 prophetiae
691 1560 729 1593 et
782 1554 949 1604 quodam
992 1553 1107 1592 modo
1152 1553 1338 1592 dixerint:
1388 1552 1463 1605 „ln

125 1609 379 1661 quadraginta
411 1612 550 1651 diebus
582 1614 710 1663 ipsum
743 1625 907 1664 quaere,
937 1614 978 1651 in
1010 1623 1088 1663 quo
1120 1617 1159 1650 et
1191 1611 1364 1650 triduum
1395 1624 1462 1662 po-

124 1670 247 1707 tueris
288 1670 481 1722 invenire3
522 1671 615 1709 illud
654 1673 693 1708 in
730 1672 978 1723 ascensione,
1016 1670 1090 1709 hoc
1128 1671 1168 1708 in
1207 1671 1291 1708 eius
1332 1681 1462 1708 resur-

125 1728 298 1765 rectione
341 1726 552 1779 reperies.“
612 1729 779 1780 Propter
811 1729 914 1779 quod
947 1735 1115 1779 utroque
1149 1740 1314 1766 numero
1347 1729 1462 1779 signi-

124 1786 231 1823 ficari
269 1789 634 1837 convenientissime
676 1789 823 1839 potuit,
863 1799 1031 1838 quorum
1074 1799 1194 1825 unum
1227 1798 1298 1837 per
1330 1786 1462 1825 Ionam

124 1842 370 1897 prophetam,
408 1845 574 1883 alterum
612 1858 683 1896 per
721 1847 965 1896 septuaginta
1003 1847 1265 1895 interpretum
1296 1844 1462 1895 prophe-

126 1903 238 1953 tiam,
279 1909 407 1941 tamen
450 1916 551 1942 unus
592 1909 709 1954 atque
750 1904 852 1942 idem
895 1903 1065 1954 Spiritus
1109 1903 1215 1940 dixit.
1277 1901 1461 1953 Longitu-

123 1959 253 1997 dinem
285 1961 402 2013 fugio,
434 1967 476 2000 ut
508 1974 585 2000 non
611 1962 705 2000 haec
737 1974 808 2012 per
842 1961 958 2000 multa
991 1961 1268 2011 demonstrem,
1306 1962 1345 1998 in
1379 1962 1462 2011 qui-

123 2017 196 2055 hus
228 2018 274 2056 ab
307 2019 496 2058 Hebraica
528 2022 687 2058 veritate
720 2025 908 2071 putantur
940 2021 1185 2070 septuaginta
1225 2020 1462 2070 interpretes

123 2077 345 2128 discrepare
386 2083 424 2116 et
462 2078 559 2116 bene
599 2078 783 2116 intellecti
826 2080 1079 2116 inveniuntur
1117 2089 1203 2116 esse
1236 2077 1462 2116 concordes.

124 2134 232 2173 Unde
266 2138 380 2174 etiam
407 2149 477 2188 ego
504 2149 574 2187 pro
608 2149 693 2174 meo
727 2136 883 2174 modulo
916 2138 1076 2187 vestigia
1109 2147 1278 2187 sequens
1310 2142 1462 2186 aposto-

221 2288 236 2316 1
267 2285 429 2318 uertetur
453 2283 489 2318 R
497 2297 509 2326 ;
536 2284 769 2318 subuertetur
794 2283 871 2318 AF
886 2285 898 2327 ΙΙ
917 2284 1026 2327 longe
1052 2293 1117 2318 om.
1143 2282 1179 2317 R
