1495 2489
130 106 213 147 122
668 117 696 143 s.
715 116 931 143 Auens'nm

128 211 187 243 est
212 205 402 257 Christus,
434 208 715 256 interpretatur
748 208 979 245 nominatus.
1042 207 1141 252 Quid
1175 213 1305 246 autem
1336 208 1456 245 nomi-

128 265 255 302 natius
297 264 470 311 Christo,
513 266 623 301 cuius
663 276 803 302 nomen
846 264 989 314 ubique
1021 267 1095 303 iam
1129 267 1292 317 fragrat,
1332 267 1383 303 ita
1416 270 1458 303 ut

127 323 166 359 in
205 323 355 360 cantico
393 323 634 359 canticorum
675 323 790 360 etiam
835 324 916 372 ipsa
956 323 1213 373 praecedente
1254 322 1457 374 prophetia

128 386 327 429 unguento
372 385 606 429 conparetur
650 380 790 430 effuso3
840 382 879 418 in
923 383 1034 419 cuius
1076 381 1272 431 domibus,
1317 380 1355 418 id
1399 386 1459 419 est

82 445 101 474 5
129 437 320 489 ecclesiis,
351 437 497 475 habitat
528 439 701 487 gentium
733 436 924 476 latitudo?
974 438 1069 477 Nam
1102 439 1262 490 iapheth
1294 438 1457 477 latitudo

128 497 418 546 interpretatur.
487 494 605 534 Cham
645 508 783 547 porro,
827 496 930 546 quod
973 499 1255 547 interpretatur
1300 496 1459 548 calidus,

129 553 279 591 medius
310 553 391 591 Noe
425 553 543 604 filius,
582 559 777 605 tamquam
810 567 850 593 se
882 554 928 592 ab
962 561 1128 605 utroque
1161 555 1388 593 discernens
1421 561 1459 593 et

128 613 230 649 inter
268 617 478 662 utrumque
517 624 739 663 remanens,
779 625 849 650 nec
900 614 939 651 in
977 615 1159 663 primitiis
1197 613 1460 651 Israelitarum

127 681 198 707 nec
231 671 270 707 in
302 670 544 720 plenitudine
576 672 761 721 gentium,
794 671 885 720 quid
919 672 1108 721 significat
1140 673 1214 709 nisi
1246 671 1458 709 haeretico-

60 736 100 765 10
128 739 215 765 rum
247 740 370 778 genus
403 728 586 780 calidum,
624 741 700 766 non
739 730 876 779 spiritu
911 730 1138 780 sapientiae,
1171 730 1238 768 sed
1270 731 1459 781 inpatien-

127 787 214 837 tiae,
246 798 322 836 quo
350 786 475 825 solent
500 786 785 825 haereticorum
813 787 964 825 fervere
996 787 1222 838 praecordia
1256 793 1294 826 et
1324 798 1457 838 pacem

126 843 358 893 perturbare
397 842 648 882 sanctorum?
695 844 770 882 Sed
815 845 909 883 haec
952 847 992 883 in
1037 858 1151 884 usum
1191 845 1334 884 cedunt
1371 857 1459 896 pro·

127 902 358 954 ficientium,
390 903 496 940 iuxta
527 903 619 941 illud
654 903 833 953 apostoli:
885 904 1047 952 Oportet
1078 910 1116 942 et
1146 905 1333 943 haereses
1365 915 1459 951 esse,

126 965 171 998 ut
203 962 369 1009 probati
409 961 613 1009 manifesti
649 964 752 1007 fiant
795 964 835 999 in
884 963 1001 1000 vobis.
1063 961 1173 1000 Unde
1212 964 1328 1000 etiam
1365 963 1459 1000 scri-

59 1026 100 1055 15
125 1024 235 1068 ptum
269 1025 345 1056 est:
378 1020 503 1057 Filius
534 1022 715 1058 eruditus
745 1022 905 1068 sapiens
937 1023 1025 1067 erit,
1059 1022 1297 1068 imprudente
1328 1026 1460 1059 autem

126 1079 306 1115 ministro
344 1082 488 1115 utetur.
550 1077 668 1115 Multa
706 1079 849 1128 quippe
887 1078 933 1116 ad
966 1078 1079 1116 fidem
1113 1078 1341 1117 catholicam
1372 1090 1458 1129 pcr-

126 1136 300 1186 tinentia,
332 1134 424 1173 dum
450 1135 735 1174 haereticorum
762 1135 881 1174 calida
908 1136 1177 1186 inquietudine
1205 1139 1460 1188 exagitantur,

126 1198 169 1231 ut
201 1193 386 1231 adversus
418 1205 485 1231 eos
516 1193 671 1244 defendi
705 1196 865 1244 possint,
898 1200 936 1232 et
967 1194 1266 1233 considerantur
1298 1195 1458 1245 diligen-

126 1252 204 1289 tius
236 1256 275 1289 et
305 1251 585 1301 intelleguntur
617 1252 759 1290 clarius
792 1258 830 1290 et
861 1254 1069 1290 instantius
1102 1253 1389 1304 praedicantur,
1421 1259 1460 1291 et

57 1316 100 1346 20
126 1308 173 1346 ab
224 1308 443 1347 adversario
502 1315 605 1347 mota
660 1311 835 1360 quaestio
891 1310 1066 1349 discendi
1117 1313 1247 1349 existit
1296 1312 1459 1350 occasio.

126 1366 309 1411 Quamvis
341 1379 417 1405 non
451 1367 575 1406 solum
607 1369 674 1418 qui
705 1374 796 1406 sunt
827 1371 1070 1419 apertissime
1104 1371 1292 1421 separati,
1324 1380 1460 1408 verum

126 1437 278 1475 omnes,
317 1427 383 1475 qui
416 1425 634 1464 Christiano
673 1425 859 1464 vocabulo
897 1426 1114 1476 gloriantur
1153 1434 1191 1465 et
1222 1427 1373 1477 perdite
1406 1429 1458 1465 vi-

125 1488 231 1534 vunt,
263 1495 340 1521 non
367 1483 533 1521 absurde
560 1490 725 1534 possunt
751 1484 871 1522 videri
904 1485 1030 1523 medio
1063 1485 1144 1523 Noe
1177 1486 1254 1523 filio
1287 1487 1458 1537 figurati3

124 1542 345 1591 passionem
388 1543 530 1592 quippe
576 1541 736 1593 Christi,
781 1555 878 1592 quae
922 1542 1025 1581 illius
1072 1543 1240 1582 hominis
1284 1544 1458 1583 nuditate

54 1605 98 1636 25
126 1600 339 1649 significata
371 1605 447 1651 est,
492 1606 530 1638 et
570 1601 799 1638 adnuntiant
831 1601 1068 1653 profitendo,
1111 1607 1148 1639 et
1180 1602 1277 1641 male
1310 1602 1458 1653 agendo

125 1657 378 1695 exhonorant.
440 1657 494 1696 De
539 1658 680 1697 talibus
719 1670 810 1709 ergo
850 1659 997 1697 dictum
1035 1666 1111 1698 est:
1155 1661 1220 1699 Ex
1254 1660 1459 1709 fructibus

123 1727 260 1754 eorum
286 1718 531 1763 coqnoscetz's
556 1728 631 1755 eos.
694 1716 784 1755 Ideo
812 1716 929 1754 Cham
956 1719 993 1755 in
1022 1717 1099 1756 filio
1126 1730 1197 1756 suo
1229 1719 1458 1757 maledictus

124 1779 194 1825 est,
227 1778 422 1823 tamquam
456 1776 494 1811 in
527 1775 662 1816 fructu
693 1787 782 1826 suo,
820 1774 858 1813 id
891 1780 950 1813 est
981 1777 1020 1814 in
1053 1789 1171 1827 opere
1204 1789 1286 1815 suo.
1348 1776 1457 1816 Unde

123 1833 400 1869 convenienter
449 1838 487 1870 et
536 1834 619 1882 ipse
669 1833 770 1870 filius
820 1834 903 1871 eius
948 1833 1127 1872 Chanaan
1176 1836 1458 1886 interpretatur

53 1897 96 1927 30
124 1895 252 1928 motus
291 1901 443 1940 eorum,
487 1891 590 1940 quod
629 1890 730 1928 aliud
770 1890 862 1941 quid
902 1897 961 1929 est
1001 1904 1115 1941 qnam
1153 1904 1251 1943 opus
1293 1891 1458 1932 eorum?

123 1947 213 1985 Sem
246 1959 336 1985 vero
370 1954 407 1985 et
429 1947 588 1998 lapheth
618 1954 813 1998 tamquam
846 1949 1092 1987 circumcisio
1126 1956 1163 1988 et
1196 1953 1457 2004 praeputium,

120 2082 176 2116 Mt
213 2038 248 2116 ἒ)
272 2036 378 2116 {EO-ant.
407 2040 443 2079 1,
477 2040 507 2071 2.
561 2040 617 2080 14)
645 2041 673 2071 1.
702 2036 781 2071 Cor.
811 2042 870 2080 11,
906 2042 959 2072 19.
1013 2042 1068 2082 16)
1094 2039 1201 2074 Prov.
1231 2045 1288 2083 10,
1316 2043 1346 2076 5.
1398 2043 1457 2084 27)

213 2225 232 2255 3
260 2223 502 2266 praecedente
528 2233 616 2265 mss,·
646 2223 881 2267 praecinente
913 2235 933 2259 v
959 2226 971 2269 ΙΙ
997 2229 1037 2259 11
1066 2225 1267 2270 primordia
1291 2237 1361 2262 mss
1379 2228 1391 2271 11
1410 2230 1453 2261 21

120 2279 247 2302 verum
273 2268 385 2302 etiam
412 2281 430 2303 2·
451 2271 462 2313 ΙΙ
481 2273 525 2303 30
551 2270 639 2313 quid
665 2270 767 2304 aliud
794 2271 828 2304 R
