1548 2562
429 137 481 163 DE
501 137 689 163 CIVITATE
708 138 777 162 Dm
797 138 828 163 L.
848 138 914 163 xx.
935 137 963 163 c.
984 139 1025 163 26.
1316 129 1402 169 475

72 228 261 277 separatis
286 226 360 264 illis
385 225 618 277 hominibus,
650 226 802 276 quando
836 238 902 264 eos
935 238 1003 265 sua
1035 226 1081 264 de
1113 227 1292 277 paradiso
1326 228 1400 265 eie-

74 287 126 323 cit
151 285 344 336 iniquitas,
377 283 502 322 eidem
527 283 630 334 ligno
657 285 932 335 circumposita
964 289 1024 323 est
1054 286 1166 335 ignea
1198 284 1400 323 terribilis-

75 355 148 393 que
182 339 383 381 custodia?

191 400 301 445 Quod
340 402 372 438 si
411 401 614 450 quisquam
651 399 736 438 illos
775 400 858 438 dies
890 400 982 450 ligni
1014 402 1136 453 vitae,
1169 413 1265 452 quos
1298 414 1400 439 com-

72 460 299 497 memoravit
318 457 508 509 propheta
527 457 671 509 Esaias,
697 459 792 496 istos
813 459 880 508 qui
900 470 1003 497 nunc
1025 464 1193 509 aguntur
1213 459 1399 498 ecclesiae
1428 466 1447 497 5

74 516 218 555 Christi
250 515 331 554 dies
359 528 443 554 esse
476 515 676 554 contendit
707 517 913 566 ipsumque
942 515 1139 555 Christum
1171 517 1318 567 lignum
1349 519 1400 556 vi-

73 580 133 613 tae
160 573 386 625 prophetice
413 574 571 625 dictum,
603 575 691 624 quia
717 575 798 625 ipse
831 579 891 612 est
922 576 1109 624 sapientia
1136 574 1216 626 Dei,
1249 575 1295 614 de
1328 588 1402 626 qua

71 632 254 671 Salomon
298 633 366 671 ait:
410 632 580 680 Lignum
623 634 729 671 vitae
766 636 824 671 est
859 634 1038 671 omnibus
1076 636 1402 682 amplectentibus

71 702 180 736 earm
220 702 291 728 nec
332 702 454 729 annos
496 692 621 741 egisse
663 690 812 740 aliquos
849 692 888 729 in
927 690 1104 741 paradiso
1138 691 1223 729 illos
1255 693 1401 742 primos

70 749 258 800 homines,
289 748 391 787 unde
425 754 502 787 tam
534 749 610 786 cito
643 750 757 786 eiecti
790 754 900 800 sunt,
932 754 974 787 ut
1006 749 1154 787 nullum
1186 749 1239 787 ibi
1270 752 1401 800 gigne·
1430 758 1473 788 10

69 812 158 845 rent
197 806 335 858 filium,
374 812 412 844 et
450 807 536 845 ideo
578 818 654 844 non
693 819 806 857 posse
846 806 939 845 illud
972 812 1125 858 tempus
1157 807 1329 858 intellegi
1361 810 1400 846 in

70 877 115 903 eo
155 865 258 915 quod
297 864 443 903 dietum
482 870 558 903 est:
597 865 711 903 Sicut
749 866 886 903 diebus
912 867 1096 914 pristinis
1128 871 1166 904 et
1195 868 1299 905 sicut
1330 879 1400 905 an-

70 926 131 962 nis
171 924 396 972 prioribus:
443 924 555 961 istam
597 928 799 973 praetereo
845 925 1137 975 quaestionem,
1180 936 1228 962 ne
1274 936 1401 976 cogar,

70 981 173 1031 quod
214 980 407 1032 prolixum
448 986 526 1032 est,
565 986 704 1019 cuncta
742 980 958 1033 discutere,
996 987 1039 1019 ut
1076 981 1220 1032 aliquid
1260 982 1401 1020 horum

70 1041 211 1077 veritas
252 1039 454 1077 manifesta
496 1039 707 1077 confirmet.
770 1037 888 1077 Video
926 1040 1069 1090 quippe
1108 1040 1272 1078 alterum
1315 1052 1399 1078 sen-
1430 1048 1470 1078 15

69 1109 174 1149 sum,
212 1109 260 1135 ne
292 1096 374 1135 dies
411 1098 598 1147 pristinos
630 1102 669 1134 et
701 1109 821 1134 annos
852 1098 1004 1148 priores
1038 1098 1251 1136 carnalium
1283 1101 1399 1137 sacri-

70 1156 247 1194 ficiorum
273 1154 384 1193 nobis
410 1167 480 1205 pro
508 1167 644 1205 magno
677 1167 839 1193 munere
872 1168 942 1205 per
973 1155 1203 1206 prophetam
1235 1158 1398 1207 promis-

68 1225 132 1252 sos
170 1214 289 1251 fuisse
328 1212 543 1251 credamus.
604 1212 760 1251 Hostiae
799 1226 964 1263 namque
1003 1213 1088 1251 illae
1129 1216 1272 1252 veteris
1304 1215 1400 1265 legis

68 1274 107 1310 in
146 1270 365 1322 quibusque
404 1270 612 1322 pecoribus
651 1271 903 1310 inmaeulatae
937 1283 980 1309 ao
1012 1273 1095 1310 sine
1127 1272 1205 1310 ullo
1237 1285 1400 1323 prorsus

68 1331 159 1368 vitio
192 1328 427 1367 iubebantur
459 1330 612 1380 offerri,
651 1335 689 1367 et
727 1329 994 1380 significabant
1024 1329 1201 1368 homines
1234 1336 1399 1383 sanctos,
1426 1339 1470 1369 20

69 1387 193 1439 qualis
225 1387 330 1425 solus
361 1388 541 1425 inventus
574 1393 633 1425 est
665 1387 864 1439 Christus,
897 1389 978 1425 sine
1011 1387 1088 1426 ullo
1122 1390 1278 1427 omnino
1310 1401 1398 1440 pec-

70 1452 164 1485 cato.
234 1445 401 1483 Proinde
447 1447 535 1496 quia
578 1451 666 1496 post
708 1446 918 1497 iudicium,
962 1458 1050 1484 cum
1095 1448 1241 1485 fuerint
1285 1449 1399 1486 etiam

68 1506 156 1555 igne
195 1503 386 1555 mundati,
423 1505 489 1554 qui
530 1505 613 1542 eius
652 1504 754 1542 modi
793 1503 1041 1542 mundatione
1075 1511 1166 1543 sunt
1198 1506 1319 1556 digni,
1359 1508 1398 1544 in

69 1562 249 1600 omuibus
277 1563 420 1600 sanctis
443 1561 592 1600 nullum
617 1563 836 1600 invenietur
857 1564 1014 1600 omnino
1040 1569 1255 1615 peccatum,
1281 1570 1397 1614 atque

68 1623 120 1659 ita
165 1633 204 1658 se
249 1621 354 1670 ipsos
396 1620 561 1658 offerent
602 1621 641 1658 in
680 1621 845 1672 iustitia,
888 1626 932 1659 ut
970 1620 1064 1659 tales
1104 1621 1252 1659 hostiae
1294 1624 1399 1661 omni
1427 1629 1468 1660 25

69 1678 182 1716 modo
221 1678 473 1716 inmaculatae
513 1690 556 1716 ac
597 1679 679 1716 sine
719 1678 796 1716 ullo
834 1680 925 1716 vitio
965 1680 1042 1717 sint
1073 1679 1244 1730 suturae,
1283 1686 1400 1719 erunt

68 1737 244 1788 profecto
287 1738 387 1774 sicut
425 1737 600 1786 pristinis
645 1735 782 1774 diebus
820 1742 859 1775 et
899 1738 1000 1776 sieut
1038 1739 1149 1775 annis
1190 1737 1399 1790 prioribus,

68 1794 222 1845 quando
262 1796 302 1832 in
340 1793 477 1832 umbra
515 1794 631 1832 huius
669 1796 726 1832 rei
768 1795 921 1833 futurae
953 1795 1228 1834 mundissimae
1262 1797 1397 1834 offere-

68 1852 210 1891 bantur
246 1852 406 1890 hostiae.
469 1851 571 1890 Haec
610 1853 684 1890 erit
726 1865 890 1903 namque
924 1853 1112 1892 munditia
1145 1860 1237 1892 tunc
1269 1855 1309 1892 in
1341 1856 1396 1893 in-

69 1910 221 1949 mortali
259 1922 373 1949 carne
416 1922 459 1948 ac
497 1914 626 1948 mente
665 1917 908 1963 sanctorum,
945 1923 1043 1962 quae
1082 1911 1320 1962 figurabatur
1358 1914 1397 1951 in
1425 1921 1468 1951 30

69 1968 220 2007 illarum
252 1967 482 2019 corporibus
513 1968 738 2007 hostiarum.

184 2026 329 2065 Deinde
356 2032 516 2077 propter
544 2038 622 2078 eos,
654 2029 721 2077 qui
747 2040 824 2065 non
852 2028 1112 2079 mundatione,
1145 2028 1212 2066 sed
1245 2029 1397 2067 damna-

69 2086 171 2123 tione
199 2090 289 2123 sunt
315 2084 435 2134 digni:
469 2085 520 2123 Et
544 2087 746 2132 accedam,
782 2087 918 2136 inquit,
951 2088 1007 2124 ad
1029 2098 1095 2124 vos
1121 2088 1161 2124 in
1195 2088 1399 2135 iudicium,

161 2186 195 2228 9)
222 2185 327 2221 Prov.
353 2189 386 2229 3,
415 2189 466 2220 18.

163 2294 202 2323 15
230 2289 424 2324 manifesta
448 2290 502 2324 R2
531 2303 543 2332 ‚·
569 2290 780 2325 manifestat
804 2291 879 2332 R¹‚·
904 2291 1138 2326 manifestata
1163 2292 1219 2326 Av
