1548 2562
458 145 511 170 DE
531 144 719 170 CIV‘ITATE
738 145 806 171 DEI
825 145 858 170 L.
878 145 961 170 XXI.
982 144 1011 171 C.
1031 146 1056 170 1.
1342 135 1425 176 487

562 299 783 341 LIBER
819 299 955 341 XXI.

649 472 803 516 CAPUT
835 473 867 515 Ι.

95 558 154 596 De
190 559 332 597 ordine
369 559 666 607 disputationis,
704 570 784 606 qua
817 559 934 607 prius
972 559 1247 597 disserendum
1283 564 1341 597 est
1378 560 1429 598 de

159 621 354 665 perpetuo
385 618 579 665 supplicio
612 618 891 655 damnatorum
923 627 1013 654 cum
1045 618 1202 656 diabolo
1233 628 1351 665 quam
1454 624 1473 654 5

387 676 436 713 de
467 679 635 713 aeterna
663 674 860 722 felicitate
890 678 1133 713 sanctorum.

212 754 309 794 Cum
345 767 416 806 per
454 755 652 794 Christum
691 755 898 794 Dominum
934 760 1129 808 nostrum,
1167 756 1336 795 iudicem
1374 758 1427 795 vi-

93 825 229 852 vorum
257 820 372 864 atque
398 819 655 865 mortuorum,
687 813 732 851 ad
766 813 917 852 debitos
948 814 1044 851 fines
1077 813 1209 852 ambae
1241 827 1427 865 pervene-

94 873 174 910 rint
206 873 397 924 civitates,
439 884 605 922 quarum
637 877 696 910 est
734 883 810 910 una
842 871 928 923 Dei,
967 871 1085 909 altera
1117 872 1276 924 diaboli,
1315 875 1426 912 cuius

94 930 199 968 modi
239 930 474 981 supplicium
512 931 562 968 sit
592 930 768 968 futurum
810 929 951 967 diaboli
983 935 1022 967 et
1053 932 1227 969 omnium
1259 931 1305 969 ad
1338 944 1428 970 eum
1456 939 1497 969 10

98 990 400 1039 pertinentium,
444 990 483 1026 in
526 988 599 1026 hoc
642 987 741 1026 libro
785 987 917 1039 nobiS‚
961 994 1150 1038 quantum
1187 1001 1259 1040 ope
1303 989 1431 1028 divina

94 1046 318 1098 valebimus,
350 1047 573 1097 diligentius
600 1046 878 1097 disputandum
910 1051 980 1084 est.
1041 1045 1132 1084 Ideo
1164 1052 1293 1085 autem
1324 1047 1429 1086 hune

95 1110 230 1143 tenere
275 1105 451 1142 ordinem
494 1104 632 1156 malui,
676 1110 719 1142 ut
761 1109 895 1155 postea
932 1103 1120 1142 disseram
1159 1104 1205 1143 de
1245 1105 1427 1145 felicitate

95 1168 331 1214 sanctorum,
364 1164 547 1212 quoniam
571 1168 785 1212 utrumque
812 1174 900 1200 cum
933 1162 1164 1213 corporibus
1197 1164 1271 1202 erit
1303 1169 1340 1202 et
1371 1166 1427 1203 in-

95 1220 320 1260 credibilius
346 1220 498 1259 videtur
524 1232 609 1259 esse
642 1222 681 1258 in
709 1221 877 1259 aeternis
910 1232 1073 1271 corpora
1105 1221 1246 1260 durare
1280 1224 1426 1261 crucia·
1456 1230 1497 1260 15

94 1279 198 1318 tibus
237 1291 352 1329 quam
390 1280 473 1317 sine
512 1278 646 1317 dolore
684 1278 763 1317 ullo
802 1280 842 1316 in
880 1284 1038 1317 aeterna
1068 1278 1308 1318 beatitudine
1340 1293 1426 1331 per-

95 1349 270 1387 manere3
310 1349 353 1375 ac
390 1349 460 1388 per
497 1336 571 1375 hoe
604 1349 693 1375 oum
724 1336 828 1374 illam
858 1348 1024 1387 poenam
1056 1349 1133 1375 non
1165 1337 1307 1376 debere
1341 1350 1427 1377 esse

94 1394 362 1434 incredibilem
400 1395 734 1447 demonstravero,
778 1393 973 1433 adiuvabit
1011 1407 1072 1433 me
1110 1395 1340 1447 plurimum,
1383 1402 1428 1436 ut

94 1453 215 1492 multo
255 1454 406 1492 facilius
445 1455 549 1492 omni
588 1465 725 1492 carens
757 1453 932 1491 molestia
963 1454 1218 1492 inmortalitas
1250 1457 1427 1506 corporis

93 1514 133 1550 in
173 1513 316 1550 sanctis
354 1512 485 1550 futura
524 1511 716 1550 credatur.
778 1511 857 1550 Nec
896 1523 916 1549 a
954 1511 1093 1550 divinis
1131 1512 1226 1550 ordo
1258 1514 1331 1551 iste
1364 1513 1426 1552 ab·
1453 1521 1497 1552 20

93 1570 230 1609 horret
260 1569 446 1622 eloquiis,
477 1569 545 1608 ubi
576 1569 780 1620 aliquando
814 1569 971 1620 quidem
1001 1569 1194 1609 honorum
1226 1570 1426 1610 beatitudo

94 1630 204 1680 prius
235 1630 407 1680 ponitur,
438 1633 482 1667 ut
508 1634 568 1667 est
598 1627 711 1667 illud:
750 1629 826 1674 Oui
856 1629 958 1667 bona
987 1627 1186 1676 fecerunt,
1219 1631 1259 1667 in
1291 1642 1425 1669 resur-

94 1689 312 1726 rectionem
338 1689 464 1732 vitae;
496 1688 566 1735 qui
589 1691 721 1725 autem
746 1689 1058 1739 malaeqerunt,
1090 1689 1130 1725 in
1162 1690 1425 1726 resurrectio-

95 1756 183 1784 nem
221 1746 385 1790 iudicii;
423 1744 490 1783 sed
528 1744 733 1795 aliquando
772 1749 810 1783 et
848 1746 1062 1797 posterius,
1100 1750 1144 1783 ut
1188 1750 1263 1784 est:
1295 1746 1428 1785 Mittet

91 1805 201 1850 filius
243 1804 410 1841 hominis
454 1805 616 1850 anyelos
651 1814 762 1851 suos,
800 1807 838 1842 et
874 1805 1061 1851 colliqent
1097 1805 1145 1842 de
1184 1815 1310 1852 reyno
1342 1806 1427 1843 eius
1452 1813 1495 1843 25

95 1862 227 1900 omnia
258 1862 455 1899 scandala
493 1865 531 1899 et
566 1863 720 1899 mittent
761 1862 802 1899 in
834 1863 1032 1899 caminum
1065 1863 1168 1909 iqnis
1200 1864 1428 1908 ardentem;

97 1921 178 1957 illic
210 1921 288 1957 erit
319 1920 439 1966 fletus
478 1924 516 1957 et
545 1920 698 1957 stridor
736 1920 910 1958 dentium
918 1933 933 1964 ,·
971 1924 1066 1958 tunc
1097 1921 1193 1957 iusti
1218 1919 1430 1968 fulgebunt

95 1979 201 2016 sicut
230 1979 290 2016 sol
319 1978 359 2015 in
390 1988 515 2025 reqno
549 1977 685 2015 Patris
715 1979 794 2024 sui,
827 1982 864 2015 et
895 1976 1006 2015 illud:
1048 1978 1116 2016 Sic
1148 1978 1262 2016 ibunt
1292 1980 1358 2016 isti
1387 1980 1427 2017 in

95 2037 334 2084 supplicium
367 2040 584 2083 aeternum,
617 2037 712 2073 iusti
741 2040 872 2074 autem
905 2037 945 2073 in
978 2037 1097 2074 vitam
1129 2039 1357 2082 aeternctm;
1389 2042 1428 2075 et

97 2093 138 2130 in
178 2092 397 2144 prophetis,
435 2093 537 2143 quod
576 2105 881 2132 commemorare
913 2093 1071 2144 longum
1104 2099 1180 2146 est,
1217 2106 1321 2133 nunc
1352 2094 1428 2146 ille,
1453 2103 1497 2133 30

189 2194 249 2236 24)
274 2192 324 2227 10.
351 2195 383 2236 5,
409 2196 463 2228 29.
514 2194 572 2236 28)
597 2193 663 2228 Mt.
692 2198 745 2237 13,
772 2197 814 2228 41
842 2206 919 2238 sqq.
971 2197 1029 2237 29)
1057 2195 1107 2228 lb.
1135 2198 1190 2239 25,
1216 2199 1273 2231 46.

191 2301 232 2331 19
259 2308 453 2342 corporum
478 2307 497 2331 v
517 2298 529 2341 ΙΙ
548 2301 591 2332 26
619 2298 807 2332 ardentem
831 2309 920 2340 mss‚·
947 2298 1107 2333 ardentis
1132 2309 1152 2333 υ
