1548 2562
392 134 443 158 DE
463 132 650 159 CIVITATE
670 133 739 157 Dm
758 132 790 156 L.
811 131 874 156 XX.
895 131 924 156 c.
944 131 987 156 20.
1268 119 1355 160 455

26 224 198 262 tudInem
231 234 440 273 corporum
478 223 518 259 in
557 233 645 259 aere
679 220 845 271 quodam
878 219 990 257 modo
1025 219 1206 257 seminari
1239 223 1354 268 atque

26 282 77 320 ibi
103 283 281 332 protinus
308 280 567 318 inmortaliter
588 285 701 329 atque
729 277 1079 328 incorruptibiliter
1101 278 1355 326 revivescere,

27 352 114 378 cum
147 340 369 391 credamus,
409 338 511 388 quod
544 338 647 375 idem
678 338 760 387 ipse
793 336 991 387 apostolus
1024 336 1267 386 apertissime
1302 334 1354 372 di-

27 400 95 450 cit,
132 399 171 436 in
212 399 292 436 ictu
324 397 426 435 oculi
464 397 633 434 futuram
672 396 1003 433 resurrectionem
1042 399 1080 432 et
1112 395 1151 431 in
1184 392 1357 431 membra

27 458 108 494 sine
135 457 210 494 fine
237 457 386 494 victura
412 460 516 493 tanta
548 453 730 492 facilitate
764 458 918 503 tamque
951 451 1223 490 inaestimabili
1254 451 1355 488 velo-

27 516 141 552 citate
187 513 405 552 rediturum
450 513 810 562 antiquissimorum
855 511 1085 549 cadaverum
1128 506 1358 560 pulverem?

27 572 106 610 Nec
140 572 185 610 ab
223 572 286 610 illa
320 572 528 617 sententia,
569 582 643 621 qua
674 569 823 607 homini
855 569 1001 607 dictum
1035 574 1115 606 est:
1161 569 1287 606 Terra
1319 579 1360 606 es

27 636 65 669 et
102 633 141 669 2'72
179 636 330 669 terram
368 631 459 677 ibis,
503 630 656 667 futuros
698 627 784 665 illos
830 633 984 665 sanctos
1030 626 1265 664 arbitremur
1302 627 1358 664 in-

29 701 176 740 munes,
209 690 241 726 si
267 700 402 726 eorum
428 688 678 725 morientium
710 687 749 723 in
782 691 925 724 terram
958 698 1033 723 non
1067 685 1244 723 recident
1276 696 1358 722 cor—

27 759 133 798 pora,
165 746 244 798 sed,
277 748 377 785 sicut
402 748 442 784 in
468 747 552 796 ipso
580 750 692 795 raptu
726 745 954 794 morientur,
986 745 1038 782 ita
1070 749 1109 781 et
1140 748 1359 794 resurgent,

28 806 119 843 dum
160 806 336 843 ferentur
375 806 414 842 in
453 816 553 842 aera.
616 804 662 841 In
701 808 852 841 terram
891 804 1034 852 quippe
1077 803 1150 840 ibis
1189 806 1250 839 est
1291 802 1360 853 „in

28 864 100 901 hoc
127 863 201 902 ibis
227 865 365 901 amissa
392 864 478 914 vita,
511 862 612 912 quod
641 873 725 899 eras
759 866 963 910 antequam
997 872 1172 898 sumeres
1205 855 1361 910 vita1n“3

28 922 66 959 id
106 928 182 973 est,
225 921 298 959 hoc
337 923 414 959 eris
453 922 712 969 exanimatus,
751 918 851 969 quod
891 930 977 956 eras
1016 923 1222 968 antequam
1255 929 1361 955 esses

30 982 220 1018 animatus
253 976 400 1032 (terrae
435 980 577 1029 quippe
610 977 817 1015 insufflavit
852 976 954 1014 Deus
986 978 1025 1014 in
1059 976 1195 1013 faciem
1228 976 1362 1013 flatum

28 1040 146 1089 vitae,
184 1050 272 1075 cum
306 1039 428 1075 sactus
461 1042 520 1075 est
550 1036 664 1074 homo
697 1037 735 1073 in
768 1037 932 1072 animam
966 1030 1125 1086 vivam),
1168 1041 1362 1084 tamquam

29 1096 244 1134 diceretur:
281 1096 431 1147 „Terra
464 1107 505 1133 es
538 1095 719 1145 animata,
757 1093 860 1143 quod
893 1105 970 1131 non
1003 1105 1105 1144 eras,
1149 1098 1252 1130 terra
1286 1094 1363 1130 eris

30 1156 235 1206 exanimis,
267 1156 368 1192 sicut
400 1149 531 1204 eras“;
571 1152 671 1203 quod
706 1157 796 1190 sunt
828 1157 867 1189 et
898 1157 1103 1201 antequam
1136 1156 1364 1201 putrescant

31 1214 157 1251 omnia
185 1224 349 1263 corpora
375 1217 636 1262 mortuorum,
670 1209 774 1259 quod
807 1215 923 1247 erunt
955 1215 992 1247 et
1025 1209 1099 1260 illa,
1132 1211 1163 1247 si
1196 1211 1362 1246 morien—

32 1276 106 1322 tur,
138 1270 374 1321 ubicumque
401 1271 629 1319 moriantur,
662 1280 751 1307 cum
783 1269 859 1306 vita
892 1267 1092 1319 carebunt,
1126 1279 1241 1317 quam
1274 1279 1362 1305 con-

32 1331 140 1368 tinuo
174 1335 379 1379 receptura
406 1334 507 1367 sunt.
571 1327 634 1365 Sic
667 1339 758 1377 ergo
792 1326 903 1364 ibunt
935 1328 973 1363 in
1007 1331 1163 1376 terram,
1197 1326 1285 1375 quia
1317 1338 1363 1363 ex

32 1389 125 1425 vivis
157 1386 378 1425 hominibus
409 1392 514 1425 terra
548 1391 680 1436 erunt,
713 1396 826 1435 quem
860 1384 905 1422 ad
939 1384 1095 1422 modum
1128 1385 1158 1421 it
1189 1385 1228 1421 in
1261 1385 1363 1420 cine—

33 1458 134 1497 rem,
175 1445 278 1495 quod
316 1446 358 1483 fit
396 1446 509 1495 cinis,
547 1446 576 1482 it
607 1445 647 1481 in
679 1449 926 1494 vetustatem,
967 1442 1069 1492 quod
1101 1442 1143 1480 fit
1174 1448 1302 1493 vetus,
1336 1443 1365 1479 it

33 1506 72 1542 in
110 1510 270 1555 testam,
317 1503 417 1553 quod
458 1515 503 1540 ex
542 1502 623 1540 luto
662 1502 701 1540 fit
740 1506 857 1551 testa3
904 1506 942 1538 et
979 1500 1050 1538 alia
1091 1506 1268 1538 sescenta
1310 1502 1365 1538 sic

32 1562 239 1612 loquimur.
302 1562 386 1607 Quo
414 1560 527 1598 modo
560 1566 689 1598 autem
722 1561 771 1597 sit
803 1560 989 1610 futurum,
1023 1559 1126 1609 quod
1158 1570 1263 1596 nunc
1294 1570 1364 1608 pro

34 1626 189 1658 nostrae
216 1620 455 1658 ratiunculae
482 1619 629 1657 viribus
661 1624 872 1667 utcumque
906 1619 1132 1668 conicimus,
1164 1622 1257 1654 tunc
1290 1618 1366 1655 erit

34 1680 182 1730 potius,
218 1685 262 1717 ut
300 1690 413 1716 nosse
445 1679 651 1728 possimus.
713 1676 1055 1713 Resurrectionem
1088 1676 1231 1725 quippe
1264 1687 1364 1712 mor-

35 1743 192 1775 tuorum
231 1737 401 1774 suturam
440 1741 478 1773 et
515 1737 554 1773 in
593 1747 729 1786 carne,
774 1733 926 1784 quando
960 1733 1138 1772 Christus
1176 1739 1365 1771 venturus

36 1800 96 1833 est
136 1796 242 1832 vivos
282 1794 524 1833 iudicaturus
564 1798 602 1831 et
641 1798 832 1844 inortuOS,
876 1797 1048 1843 oportet,
1087 1793 1119 1829 si
1158 1791 1367 1829 Christiani

37 1865 121 1892 esse
154 1853 348 1904 volumus,
387 1858 430 1891 ut
462 1851 683 1902 credamus3
724 1851 791 1888 sed
824 1863 899 1888 non
934 1850 1020 1888 ideo
1053 1850 1099 1887 de
1132 1849 1202 1888 hac
1235 1862 1277 1887 re
1309 1851 1365 1887 in-

38 1913 120 1949 anis
152 1918 211 1950 est
242 1911 337 1949 tides
369 1915 512 1962 nostra,
544 1912 587 1961 si,
621 1921 734 1959 quem
762 1908 808 1946 ad
835 1909 990 1947 modum
1024 1909 1154 1946 sutura
1187 1909 1247 1959 sit,
1279 1919 1364 1958 per-

38 1970 137 2008 fecte
170 1969 487 2020 conprehendere
521 1981 597 2006 non
630 1968 810 2005 valemus.

156 2027 297 2066 Verum
330 2029 421 2074 iam,
460 2028 561 2065 sicut
593 2038 709 2077 supra
740 2026 1008 2077 promisimus,
1041 2025 1086 2063 de
1119 2024 1192 2062 hoc
1224 2023 1367 2062 iudicio

132 2142 167 2183 4)
197 2145 226 2174 1.
253 2140 332 2175 Cor.
362 2143 414 2180 15,
441 2143 494 2173 52.

133 2296 174 2326 27
203 2293 241 2327 et
263 2302 352 2333 mss‚·
376 2301 454 2325 esse
478 2301 498 2325 v
518 2292 529 2334 ΙΙ
549 2295 590 2324 32
618 2301 726 2334 supra
751 2300 815 2324 om.
842 2288 877 2323 R

1388 749 1430 779 10

1391 1040 1431 1070 15

1390 1332 1434 1362 20

1392 1623 1435 1654 25

1393 1915 1437 1946 30
