1611 2465
73 689 114 719 10

73 982 114 1012 15

71 1273 115 1305 20

71 1566 113 1597 25

71 1858 116 1889 30

141 55 224 97 258
682 63 708 89 s.
729 64 946 90 Aucusnm

141 154 270 192 fecere
302 156 426 193 virtus
458 160 563 192 tanta
595 153 778 205 hahetur,
818 160 1006 204 quantum
1038 167 1121 194 eam
1153 155 1283 194 verbis
1314 162 1479 207 potuere

141 212 326 252 extollere
371 212 568 263 praeclara
612 208 809 262 ingenia.“
875 213 1034 252 Accedit
1077 213 1168 253 huic
1213 215 1358 253 civitati
1402 227 1480 254 non

140 284 256 323 parva
290 273 403 309 etiam
439 283 483 309 ex
512 270 653 308 litteris
685 276 724 308 et
755 270 997 321 philosophis
1028 271 1161 325 gloria,
1194 273 1296 323 quod
1328 272 1381 311 ibi
1413 286 1479 325 po-

140 331 335 369 tissimum
362 329 449 368 talia
477 329 604 367 studia
630 330 850 379 viguerunt.
911 329 1007 368 Nam
1035 337 1222 381 quantum
1254 331 1402 370 adtinet
1433 332 1480 370 ad

141 390 368 439 imperium,
406 387 556 426 nullum
596 389 719 426 maius
758 389 896 438 primis
935 389 1178 439 temporibus
1220 402 1334 441 quam
1367 391 1480 442 Assy-

142 449 291 485 riorum
324 447 414 497 fuit,
454 458 525 484 nec
558 452 635 484 tam
667 446 780 497 longe
813 446 966 497 lateque
1000 447 1201 500 diffusum,
1234 450 1377 500 quippe
1413 449 1480 488 ubi

140 505 265 543 Ninus
298 517 378 556 rex,
411 504 493 542 Beli
524 504 638 556 filius,
671 506 891 543 universam
919 506 1059 558 Asiam,
1093 519 1189 557 quae
1222 508 1342 545 totius
1374 507 1480 546 orbis

143 564 188 601 ad
216 575 424 601 numerum
449 564 620 614 partium
644 565 759 602 tertia
786 563 940 615 dicitur,
973 564 1017 603 ad
1051 565 1357 616 magnitudinem
1389 578 1480 605 vero

141 621 298 660 dimidia
330 623 549 673 reperitur,
588 634 714 672 usque
748 622 794 660 ad
825 621 967 673 Libyae
999 623 1097 662 fines
1130 623 1330 675 subegisse
1364 625 1480 663 tradi-

142 686 217 719 tur.
281 679 381 718 Solis
409 682 552 731 quippe
584 680 689 719 Indis
721 682 761 718 in
792 680 969 731 partibus
995 680 1167 721 Orientis
1200 695 1277 721 non
1309 682 1480 722 domina-

140 739 274 790 batur,
314 751 412 789 quos
451 745 580 777 tamen
620 751 665 777 eo
698 738 883 777 defuncto
919 739 1142 779 Samiramis
1175 753 1273 779 uxor
1305 743 1389 780 eius
1421 747 1482 780 est

141 798 324 848 adgressa
350 797 540 835 bellando.
602 797 658 835 Ita
697 798 842 836 sactum
881 804 952 850 est,
984 806 1038 851 ut,
1072 801 1309 850 quicumque
1334 801 1374 838 in
1406 800 1480 838 illis

140 857 257 894 terris
290 855 424 906 populi
462 857 540 894 sive
574 868 687 906 reges
720 862 847 908 erant,
885 857 1135 908 Assyriorum
1166 870 1287 909 regno
1320 858 1480 897 dicioni-

142 927 217 965 que
255 921 439 965 parerent
477 921 514 953 et
553 914 741 965 quidquid
785 916 1046 965 imperaretur
1088 917 1299 955 efficerent.
1362 916 1479 955 Abra-

142 973 228 1011 ham
261 975 381 1023 igitur
418 974 458 1010 in
498 985 543 1011 eo
576 985 697 1023 regno
739 974 839 1024 apud
874 973 1085 1013 Chaldaeos
1116 974 1206 1013 Nini
1238 975 1481 1026 temporibus

141 1038 255 1071 natus
294 1037 362 1069 est.
426 1030 502 1069 Sed
543 1033 725 1081 qnoniam
765 1044 828 1069 res
867 1031 1036 1071 Graecae
1076 1033 1197 1071 multo
1237 1040 1329 1072 sunt
1368 1033 1481 1072 nobis

141 1102 256 1140 quam
297 1090 475 1139 Assyriae
518 1091 712 1141 notioreS,
753 1096 898 1141 etper
938 1090 1106 1129 Graecos
1151 1092 1196 1129 ad
1236 1091 1392 1131 Latinos
1437 1104 1480 1131 ac

141 1148 281 1187 deinde
309 1148 353 1186 ad
381 1147 587 1195 Romanos,
621 1150 687 1198 qui
713 1150 828 1186 etiam
861 1151 934 1199 ipsi
968 1149 1093 1188 Latini
1125 1156 1227 1201 sunt,
1259 1156 1481 1202 temporum

142 1208 285 1245 seriem
316 1206 564 1245 deduxerunt
603 1208 669 1256 qui
701 1214 855 1256 gentem
887 1208 1020 1258 populi
1051 1207 1216 1246 Romani
1247 1211 1287 1247 in
1319 1211 1481 1260 originis

142 1267 227 1304 eius
259 1266 488 1315 antiquitate
527 1266 656 1303 rimati
696 1271 803 1304 sunt:
847 1265 895 1303 ob
929 1266 1001 1304 hoc
1034 1266 1240 1319 debemus,
1284 1267 1351 1306 ubi
1383 1280 1481 1319 opus

140 1330 211 1374 est,
244 1323 422 1374 Assyrios
449 1325 650 1361 nominare
677 1335 801 1375 regeS,
829 1330 871 1362 ut
898 1331 1081 1375 appareat
1106 1337 1223 1376 quem
1249 1326 1294 1363 ad
1321 1325 1480 1365 modum

139 1381 371 1433 Babylonia,
416 1383 526 1432 quasi
570 1383 695 1433 prima
738 1382 883 1434 Roma,
931 1395 1020 1421 cum
1063 1386 1270 1434 peregrina
1322 1385 1363 1423 in
1407 1384 1481 1423 hoc

140 1440 285 1479 mundo
325 1440 394 1478 Dei
432 1441 585 1478 civitate
624 1447 849 1492 procurrat3
894 1453 957 1480 res
995 1448 1146 1494 autem,
1190 1454 1287 1493 quas
1318 1449 1480 1494 propter

142 1500 473 1549 comparationem
500 1500 666 1537 civitatis
692 1500 911 1551 utriusque,
944 1506 1123 1539 terrenae
1151 1501 1299 1539 scilicet
1325 1507 1364 1540 et
1396 1513 1479 1540 cae-

141 1557 268 1604 lestis,
307 1556 398 1595 huic
436 1559 545 1607 operi
584 1563 738 1608 oportet
775 1559 968 1610 inserere,
1006 1560 1128 1609 magis
1167 1572 1213 1597 ex
1246 1559 1404 1599 Graecis
1443 1566 1482 1599 et

141 1615 305 1668 Latinis,
344 1615 411 1653 ubi
449 1621 488 1653 et
524 1617 607 1666 ipsa
646 1615 766 1654 Roma
805 1618 915 1667 quasi
955 1617 1125 1656 secunda
1163 1617 1370 1669 Babylonia
1410 1624 1482 1670 est,

141 1674 329 1713 debemus
361 1674 577 1712 adsumere.

261 1732 422 1778 Quando
450 1744 541 1782 ergo
569 1738 682 1771 natus
710 1738 769 1771 est
794 1732 998 1785 Abraham,
1029 1734 1192 1773 secundi
1225 1746 1337 1785 reges
1369 1740 1480 1774 erant

143 1791 244 1842 apud
271 1792 449 1842 Assyrios
475 1790 611 1842 Ninus,
644 1790 744 1841 apud
772 1791 973 1842 Sicyonios
999 1791 1170 1844 Europs3
1203 1794 1317 1843 primi
1350 1799 1479 1832 autem

145 1850 220 1888 illic
265 1849 405 1900 Belus,
454 1848 517 1886 hic
562 1848 764 1899 Aegialeus
811 1850 980 1888 fuerunt.
1045 1849 1141 1888 Cum
1185 1863 1276 1888 vero
1322 1863 1479 1902 egresso

144 1908 335 1946 Abraham
376 1907 422 1945 de
456 1906 662 1958 Babylonia
700 1909 880 1957 promisit
918 1909 954 1945 ei
985 1907 1089 1946 Deus
1128 1921 1173 1947 ex
1206 1908 1269 1947 illo
1302 1922 1480 1960 magnam

143 1972 299 2017 gentem
332 1966 503 2004 suturam
530 1970 568 2004 et
593 1966 633 2003 in
661 1966 745 2004 eius
771 1967 918 2004 semine
952 1967 1124 2005 omnium
1156 1969 1331 2018 gentium
1363 1968 1478 2007 bene—

238 2058 272 2098 2)
300 2053 376 2088 Cat.
404 2058 435 2090 8.

240 2187 280 2216 11
315 2182 519 2216 samiramis
551 2193 618 2216 ms
653 2186 684 2217 et
715 2184 767 2217 sic
792 2186 1013 2224 constanter‚·
1053 2183 1146 2218 Sem.
1173 2195 1192 2218 v
1230 2186 1242 2228 ΙΙ
1279 2187 1321 2218 18
1349 2184 1479 2219 deinde

145 2230 257 2264 etiam
283 2229 329 2263 ad
355 2230 390 2262 A
408 2231 420 2272 ΙΙ
441 2234 480 2263 21
510 2229 698 2264 nominare
724 2229 778 2271 Β,-
804 2240 1006 2264 memorare
1032 2241 1052 2264 υ

1603 1590 1611 1700 i--..—.2.
1605 1540 1611 1580 ,-.
1596 1157 1611 1531 „ffln—1-1a‹urfi.sst
1598 926 1611 1141 naemu-⁴
1602 864 1611 915 v-.,
