1611 2465
74 716 114 745 lu

75 1008 115 1038 15

74 1299 116 1330 20

74 1591 117 1622 25

140 80 224 122 578
679 87 706 113 s.
725 86 943 113 Arousnm

141 179 203 218 dio
236 180 447 218 constituta
479 184 548 217 est.
613 177 688 215 Sed
727 175 948 215 libellorum
981 176 1197 215 dandorum
1229 176 1283 215 ibi
1316 189 1478 216 consue-

142 238 234 277 tudo
260 250 339 276 non
367 244 425 276 est
456 236 515 275 vel
546 237 677 287 potius
710 247 787 273 non
814 235 904 286 fuit3
938 247 1026 274 nam
1058 235 1222 274 sortasse
1256 247 1361 274 nunc
1394 248 1479 274 esse

140 299 215 335 iam
254 297 393 347 coepit.
457 294 554 334 Cum
593 295 695 333 enim
734 305 860 345 nuper
901 293 978 332 illic
1011 305 1206 347 essemus,
1244 293 1480 346 Petroniam,

142 355 394 394 clarissimam
420 354 616 405 feminam,
648 364 745 404 quae
773 351 827 391 ibi
852 352 1081 391 mirabiliter
1115 364 1161 391 ex
1193 364 1331 403 magno
1364 358 1479 404 atque

142 414 345 465 diuturno,
389 414 428 451 in
462 424 539 463 quo
571 412 814 450 medicorum
848 411 1038 450 adlutoria
1071 416 1213 450 cuneta
1245 411 1481 464 defecerant,

142 473 327 523 languore
355 476 486 510 sanata
513 476 584 523 est,
615 470 761 509 hortati
787 482 934 521 sumus,
967 469 1118 508 volente
1151 470 1373 521 supradicto
1406 469 1482 508 loci

142 532 338 582 episcopo,
370 535 413 569 ut
445 529 619 568 libellum
653 528 779 582 daret,
812 530 878 579 qui
910 529 1144 567 recitaretur
1176 530 1216 566 in
1248 528 1411 581 populo,
1443 533 1482 566 et

141 589 484 627 oboedientissime
526 589 666 639 paruit.
729 586 771 625 In
811 599 887 638 quo
926 588 1056 638 posuit
1095 588 1229 638 etiam,
1274 586 1377 637 quod
1418 586 1482 625 hie

141 649 307 686 retIcere
340 659 419 686 non
450 658 630 698 possum,
671 647 845 696 quamvis
878 644 923 683 ad
956 657 1018 697 ea,
1050 657 1147 696 quae
1180 645 1254 683 hoe
1287 657 1385 696 opus
1417 657 1481 684 ur-

142 712 254 758 gent,
294 706 480 744 festinare
519 704 739 756 compellar.
801 704 831 742 A
870 703 1036 755 quodam
1081 703 1222 742 Iudaeo
1262 703 1358 742 dixit
1410 703 1483 742 sibi

142 765 262 804 fuisse
294 776 546 817 persuasum,
584 768 628 802 ut
668 762 826 801 anulum
860 762 1056 814 capillacio
1089 762 1243 800 vinculo
1276 763 1482 814 insereret,

142 836 219 874 quo
262 823 335 862 sub
377 824 482 862 omni
523 828 629 860 veste
672 822 717 860 ad
766 821 869 860 nuda
910 821 1087 872 corporis
1129 822 1372 871 cingeretur3
1415 822 1482 871 qui

142 882 281 921 anulus
319 881 483 920 liaberet
521 880 594 919 sub
635 892 786 932 gemma
817 879 984 931 lapidem
1016 881 1055 917 in
1088 878 1249 918 renibus
1281 880 1483 918 inventum

142 940 262 979 bovis.
325 939 408 979 Hoc
441 939 591 990 alligata
632 940 741 990 quasi
783 938 956 977 remedio
989 937 1035 976 ad
1069 939 1193 976 sancti
1225 939 1407 989 martyris
1439 937 1481 976 li-

142 1001 244 1038 mina
282 999 471 1037 veniebat.
535 997 611 1036 Sed
643 997 817 1048 profecta
850 1009 870 1035 a
903 996 1153 1048 Carthagine,
1199 1008 1288 1035 cum
1319 997 1359 1035 in
1392 1008 1482 1034 con—

144 1058 235 1096 finio
262 1057 433 1095 fluminis
460 1056 655 1107 Bagradae
687 1057 726 1094 in
761 1067 828 1094 sua
861 1056 1109 1106 possessione
1144 1056 1363 1107 mansisset,
1396 1067 1480 1093 sur-

144 1128 238 1167 gens
278 1121 322 1154 ut
362 1117 437 1154 iter
478 1119 684 1166 perageret
725 1119 811 1152 ante
853 1113 972 1164 pedes
1013 1124 1105 1152 suos
1144 1112 1253 1152 illum
1290 1114 1483 1152 iacentem

144 1174 302 1213 anulum
340 1173 435 1212 vidit
473 1179 512 1212 et
549 1172 786 1224 capillaciam
830 1183 986 1223 zonam,
1025 1183 1099 1222 qua
1133 1172 1260 1210 fuerat
1292 1171 1483 1224 alligatus,

143 1235 280 1271 mirata
318 1232 530 1283 temptavit.
593 1230 715 1276 Quam
755 1242 844 1269 crum
883 1231 1040 1268 omnino
1080 1231 1160 1268 suis
1199 1229 1311 1268 nodis
1343 1230 1482 1268 firmis-

144 1292 264 1343 simis,
297 1292 399 1329 sicut
430 1291 570 1342 suerat,
603 1290 859 1340 comperisset
891 1290 1100 1339 astrictam,
1133 1289 1333 1339 crepuisse
1367 1294 1482 1339 atque

144 1349 325 1388 exiluisse
368 1348 528 1387 anulum
566 1349 762 1399 suspicata
800 1352 876 1396 est;
915 1348 981 1398 qui
1020 1348 1137 1385 etiam
1173 1348 1256 1397 ipse
1297 1358 1386 1385 cum
1426 1348 1482 1385 in-

144 1409 380 1459 tegerrimus
413 1407 553 1446 suisset
583 1407 777 1457 inventus,
810 1406 964 1444 futurae
999 1404 1134 1443 salutis
1168 1404 1334 1455 quodam
1367 1405 1482 1444 modo

144 1469 284 1518 pignus
317 1466 363 1504 (le
396 1470 503 1504 tanto
546 1464 733 1503 miraculo
768 1476 808 1502 se
842 1464 1038 1514 accepisse
1071 1465 1335 1515 praesumpsit
1367 1469 1483 1514 atque

144 1525 238 1563 illud
279 1524 476 1563 vinculum
515 1523 669 1561 solvens
707 1522 822 1561 simul
860 1535 948 1561 cum
988 1521 1125 1560 eodem
1163 1521 1277 1561 anulo
1318 1523 1484 1574 proiecit

145 1585 184 1622 in
216 1583 373 1622 flumen.
435 1581 521 1620 Non
553 1581 714 1620 credant
745 1581 837 1633 hoe,
870 1582 936 1632 qui
968 1582 1083 1618 etiam
1115 1580 1324 1619 Dominum
1355 1580 1484 1619 Iesum

145 1654 215 1693 per
242 1644 392 1692 integra
422 1642 556 1679 matris
583 1639 780 1690 virginalia
815 1641 971 1678 enixum
992 1644 1030 1677 et
1051 1638 1096 1677 ad
1128 1638 1341 1690 discipulos
1373 1639 1484 1677 ostiis

146 1701 287 1739 clausis
312 1702 535 1750 ingressum
560 1699 680 1737 fuisse
708 1710 786 1737 non
819 1698 1002 1749 credunt,
1035 1697 1102 1735 sed
1128 1697 1202 1735 hoc
1228 1702 1334 1736 certe
1367 1709 1482 1748 quae-

148 1764 233 1797 rant
265 1764 315 1810 et,
348 1759 380 1797 si
411 1769 547 1797 verum
585 1758 817 1808 invenerint,
848 1756 911 1794 illa
944 1755 1114 1794 credant.
1178 1754 1399 1794 Clarissima
1429 1755 1483 1794 fe*

148 1818 249 1855 mina
282 1821 353 1868 est,
384 1815 567 1854 nobiliter
599 1820 704 1867 nata,
736 1815 920 1853 nobiliter
953 1819 1091 1866 nupta,
1125 1813 1348 1864 Carthagini
1378 1813 1483 1852 habi-

149 1881 221 1926 tat3
260 1874 384 1925 ampla
423 1875 573 1926 civitas,
612 1873 737 1924 ampla
775 1885 941 1924 persona
982 1884 1065 1910 rem
1099 1877 1332 1922 quaerentes
1363 1871 1483 1910 latere

147 1946 223 1971 non
265 1935 367 1972 sinit.
429 1932 574 1983 Martyr
612 1937 717 1970 certe
756 1933 858 1983 ipse,
897 1943 973 1981 quo
1005 1931 1225 1980 inpetrante
1258 1929 1320 1968 illa
1354 1935 1485 1968 sanata

148 1998 225 2044 cst,
262 1993 302 2030 in
341 1991 461 2029 filium
494 1991 760 2042 permanentis
792 1990 952 2039 virginis
985 1987 1167 2039 credidit3
1206 1989 1244 2026 in
1278 2000 1386 2040 eum,
1419 1989 1485 2039 qui

148 2052 257 2088 ostiis
296 2049 438 2088 clausis
476 2048 521 2087 ad
561 2048 772 2099 discipulos
811 2049 1012 2098 ingressus
1052 2052 1128 2098 est,
1167 2045 1349 2098 credidit3
1379 2052 1483 2098 post-

244 2212 284 2242 11
312 2207 461 2242 uinculo
487 2218 576 2249 mss,·
603 2207 750 2252 cingulo
776 2217 796 2241 v
815 2207 827 2251 ΙΙ
848 2209 889 2241 12
917 2205 1014 2249 quod
1032 2216 1052 2240 v
1071 2206 1083 2250 ΙΙ
1104 2209 1146 2240 16
1172 2204 1357 2250 uagradae
1383 2204 1455 2239 ΒΑ
1474 2204 1485 2250 Η

147 2258 192 2289 20
219 2255 298 2289 erat
323 2254 390 2288 ΗΑ
415 2256 489 2298 1125
517 2254 668 2289 credant
693 2254 826 2298 RAe9‚·
853 2253 1008 2287 credunt
1032 2263 1051 2286 v
