1495 2489
24 456 42 485 5

0 1334 44 1365 20

68 90 92 130 8
611 98 638 124 s.
657 98 875 125 Auensnm

185 190 287 227 Hinc
313 191 497 227 metuunt
521 190 770 239 cupiuntque,
798 189 932 227 dolent
956 190 1223 239 gaudentque,

1069 261 1139 286 nec
1165 261 1282 287 auras

186 306 424 355 Suspiciunt,
458 307 614 344 clausae
645 307 820 344 tenebris
852 308 892 344 et
923 319 1075 345 carcere
1108 320 1236 346 caeco:

70 394 198 426 tamen
238 387 349 425 aliter
387 399 427 425 se
466 387 582 425 habet
619 387 713 425 sides
750 393 894 425 nostra.
956 387 1051 426 Nam
1083 390 1282 439 corruptio
1315 400 1398 426 cor-

69 448 187 498 p0r1s,
220 458 316 496 quae
344 446 524 496 adgravat
549 447 726 497 animam,
759 458 835 483 non
862 448 1010 497 peccati
1035 448 1150 497 primi
1184 452 1242 485 est
1274 459 1399 499 causa,

70 505 137 543 sed
180 516 322 555 poena3
367 517 439 542 nec
484 517 573 543 caro
615 504 879 555 corruptibilis
923 506 1087 543 animam
1131 507 1400 556 peccatricem,

69 564 136 601 sed
170 565 294 601 anima
326 565 521 613 peccatrix
555 564 647 601 fecit
678 575 764 601 esse
796 563 1089 614 corruptibilem
1122 576 1289 602 carnem.
1343 564 1399 602 Ex

70 634 143 672 qua
177 623 427 672 corruptione
455 623 581 660 carnis
613 622 703 660 licet
736 623 902 660 existant
933 622 1121 672 quaedam
1152 624 1400 660 incitamenta

68 682 251 718 vitiorum
283 686 321 718 et
351 682 435 731 ipsa
467 680 657 719 desideria
689 682 842 732 vitiosa,
874 693 951 718 non
983 686 1111 718 tamen
1143 683 1270 719 omnia
1303 683 1399 719 vitae

70 741 224 789 iniquae
251 740 342 777 vitia
366 739 573 777 tribuenda
599 745 691 777 sunt
716 741 834 791 carni,
866 751 913 777 ne
941 739 986 776 ab
1012 739 1072 777 his
1098 739 1277 777 omnibus
1310 752 1399 790 pur-

69 809 205 847 gemus
238 797 450 849 diabolum,
484 800 549 848 qui
581 810 658 835 non
690 797 805 835 habet
838 810 1005 835 carnem.
1072 797 1156 836 Etsi
1188 800 1291 836 enim
1323 798 1399 836 dia-

68 855 180 894 bolus
212 856 424 894 fornicator
450 856 509 894 vel
542 856 719 895 ebriosus
750 856 810 894 vel
842 858 874 894 si
906 856 998 906 quid
1030 856 1146 894 huius
1178 856 1282 894 modi
1313 856 1402 895 mali

69 921 145 966 est,
185 915 287 965 quod
326 915 371 952 ad
411 916 539 953 carnis
572 917 742 966 pertinet
772 914 1006 967 voluptateS,
1045 927 1122 953 non
1153 920 1283 966 potest
1314 915 1402 967 dici,

69 985 158 1011 cum
191 975 239 1011 sit
271 975 387 1011 etiam
419 974 552 1012 talium
583 979 833 1024 peccatorum
866 985 1002 1011 suasor
1033 980 1072 1012 et
1102 975 1307 1024 instigator
1338 986 1400 1011 oc-

72 1032 217 1070 cultus:
249 1038 308 1070 est
338 1038 468 1070 tamen
499 1034 663 1070 maxime
696 1031 889 1083 superbus
921 1038 1035 1082 atque
1068 1032 1232 1071 invidus.
1295 1032 1401 1078 Quae

70 1090 178 1128 illum
206 1092 393 1129 vitiositas
420 1093 475 1129 sic
502 1090 681 1138 obtinuit,
714 1097 756 1128 ut
787 1096 948 1141 propter
980 1090 1077 1128 hanc
1111 1096 1215 1128 esset
1246 1092 1285 1128 in
1319 1103 1400 1128 car-

71 1148 226 1187 ceribus
257 1149 456 1200 caliginosi
481 1149 597 1187 huius
629 1151 729 1187 aeris
761 1154 919 1187 aeterno
952 1149 1141 1199 supplicio
1175 1149 1400 1188 destinatus.

69 1207 173 1246 Haec
217 1214 346 1246 autem
389 1209 497 1259 vitia,
541 1220 639 1258 quae
682 1214 818 1246 tenent
856 1209 893 1245 in
937 1207 1088 1245 diabolo
1129 1209 1402 1260 principatum,

71 1268 178 1304 carni
219 1266 356 1304 tribuit.
394 1266 609 1317 apostolus,
650 1278 764 1317 quam
803 1271 953 1304 certum
992 1272 1050 1304 est
1088 1265 1280 1304 diabolum
1322 1278 1400 1304 non

70 1324 224 1363 habere.
275 1325 376 1363 Dicit
402 1327 502 1363 enim
532 1326 765 1376 inimicitiaS,
798 1326 1078 1376 contentiones,
1111 1324 1401 1372 aemulationes,

72 1385 347 1434 animositates,
384 1384 547 1422 invidias
579 1396 696 1434 opera
729 1395 813 1421 esse
848 1384 992 1434 carnis,
1030 1395 1196 1433 quorum
1229 1385 1401 1421 omnium

71 1442 261 1480 malorum
294 1448 410 1493 caput
435 1448 551 1493 atque
584 1443 692 1492 origo
725 1441 907 1492 superbia
939 1448 1009 1492 est,
1041 1453 1137 1492 quae
1171 1443 1252 1480 sine
1285 1454 1401 1480 carne

71 1503 207 1551 r'egnat
238 1502 277 1538 in
310 1500 472 1539 diabolo.
535 1500 629 1546 Quis
656 1506 784 1539 autem
816 1499 879 1538 illo
913 1506 971 1538 est
1002 1501 1195 1538 inimicior
1228 1498 1403 1538 sanctis?

72 1559 167 1604 Quis
206 1559 391 1598 adversus
430 1572 496 1597 eos
535 1560 831 1610 contentiosior,
872 1560 1081 1596 animosior
1120 1564 1158 1596 et
1189 1560 1309 1609 magis
1341 1571 1400 1597 ae-

74 1618 202 1656 mulus
222 1625 336 1668 atque
358 1618 511 1656 invidus
531 1615 757 1656 invenitur?
799 1617 847 1655 At
871 1617 966 1655 haec
992 1618 1119 1655 omnia
1145 1629 1233 1655 cum
1264 1617 1403 1656 habeat

73 1678 155 1714 sine
195 1688 332 1726 carue,
375 1688 451 1727 quo
491 1676 605 1715 modo
643 1681 735 1714 sunt
765 1677 838 1714 ista
870 1687 987 1726 opera
1019 1677 1166 1727 carnis,
1208 1677 1282 1714 nisi
1313 1678 1402 1726 quia

72 1747 189 1785 opera
222 1741 312 1772 sunt
343 1735 528 1786 hominis,
561 1747 694 1786 quem,
726 1736 827 1772 sicut
858 1734 953 1786 dixi,
992 1736 1147 1772 nomine
1180 1736 1307 1772 carnis
1338 1746 1400 1785 ap-

72 1790 217 1843 pellat?
259 1793 344 1830 Non
378 1795 480 1831 enim
512 1792 688 1830 habendo
722 1805 890 1843 carnem,
923 1804 1037 1842 quam
1069 1805 1145 1830 non
1178 1792 1292 1830 habet
1324 1793 1400 1830 dia-

72 1851 195 1903 bolus,
228 1851 294 1889 sed
322 1851 482 1889 vivendo
509 1851 723 1889 secundum
749 1863 789 1889 se
822 1852 962 1901 ipsum,
992 1850 1065 1888 hoc
1097 1856 1156 1888 est
1187 1851 1402 1889 secundum

73 1910 281 1962 hominem,
314 1910 438 1948 sactus
465 1915 524 1948 est
549 1910 663 1947 homo
691 1909 826 1947 similis
858 1908 1026 1959 diabolo;
1058 1910 1147 1958 quia
1180 1915 1218 1946 et
1247 1908 1311 1947 ille
1343 1922 1400 1947 se-

73 1968 244 2006 cundum
283 1981 323 2006 se
362 1971 491 2019 ipsum
530 1970 656 2006 vivere
696 1967 832 2019 voluit,
875 1966 1026 2017 quando
1059 1968 1097 2004 in
1130 1968 1290 2005 veritate
1324 1979 1401 2006 non

74 2029 192 2078 stetit,
225 2033 267 2064 ut
300 2039 376 2065 non
409 2027 455 2065 de
489 2026 574 2077 Dei,
607 2026 673 2064 sed
707 2025 753 2063 de
787 2038 856 2064 suo
890 2025 1133 2063 mendacium
1164 2025 1403 2078 loqueretur,

169 2140 202 2182 3)
228 2139 317 2173 Aen.
347 2143 378 2183 6,
407 2142 472 2173 730
500 2151 574 2182 sqq.
627 2140 688 2182 ⁶21)
715 2138 793 2173 Gal.
821 2142 852 2181 5,
880 2141 933 2172 20.
985 2140 1042 2181 3⁵2)
1067 2137 1116 2173 10.
1144 2142 1176 2180 8,
1202 2142 1255 2172 44.

167 2272 209 2302 ‘25
236 2269 274 2302 at
306 2267 354 2308 V;
380 2268 427 2301 Et
451 2279 470 2301 v
