1611 2465
87 702 128 732 10

87 993 129 1024 15

85 1285 130 1315 20

87 1576 130 1606 25

87 1868 130 1898 30

153 70 237 111 336
689 79 717 105 s.
739 79 956 106 AUGUS'HNI

152 169 236 207 licis
269 168 454 207 membris
485 168 630 207 Christi
662 168 761 206 malo
794 181 864 207 suo
897 174 1074 220 prosunt,
1107 169 1197 207 dum
1232 168 1334 208 Deus
1367 170 1491 208 utitur

154 233 192 266 et
225 227 334 265 malis
372 227 470 265 bene
511 233 549 265 et
588 228 843 275 (liligsentibus
881 239 969 266 eum
1010 230 1142 266 omnia
1175 232 1419 276 cooperatur
1451 230 1491 266 in

154 287 341 332 bominis
378 285 528 324 Inimici
573 287 676 323 enim
714 297 850 324 omnes
888 285 1097 337 ecclesiae,
1141 285 1316 336 quolibet
1357 297 1492 324 errore

154 334 364 382 caecentur
396 344 454 382 vel
488 343 631 382 malitia
663 344 936 396 depraventur,
968 345 1000 382 si
1032 346 1228 395 accipiunt
1259 349 1493 395 potestatem

155 402 411 453 corporaliter
437 402 644 455 affligendi,
676 409 861 441 exercent
887 404 971 441 eius
990 404 1234 456 patientiam3
1267 405 1299 440 si
1326 408 1492 441 tantum-

155 461 268 499 modo
309 461 406 499 male
446 461 650 499 sentiendo
689 461 962 513 adversantur,
985 468 1184 504 >exercent
1226 462 1492 512 eiusrsffapien-

159 521 266 570 tiam3
309 525 354 558 ut
394 525 524 558 autem
569 521 684 558 etiam
727 521 874 558 inimici
917 520 1145 571 diligantur,
1183 525 1368 559 exercent
1409 520 1494 558 eius

153 577 464 616 benevolentiam
523 584 589 617 aut
638 580 752 617 etiam
808 578 1128 628 beneficentiam,
1184 580 1264 616 sive
1314 576 1494 616 suadibili

155 636 332 675 doctrina
371 649 460 675 cum
500 638 556 675 eis
588 642 723 687 agatur
755 638 834 675 sive
865 637 1031 675 terribili
1064 637 1277 687 disciplina.
1339 636 1393 675 Ac
1424 647 1494 687 per

154 694 229 733 hoc
255 694 431 733 diabolus
457 697 642 746 princeps
668 697 807 746 impiae
834 697 1000 734 civitatis
1027 695 1212 734 adversus
1243 696 1493 746 peregrinan-

154 758 233 791 tem
260 755 299 791 in
325 753 399 792 hoc
426 754 570 792 mundo
599 755 794 792 civitatem
821 753 889 792 Dei
917 767 1003 792 vasa
1029 755 1186 805 propria
1214 752 1493 792 commovendo

154 811 250 850 nihil
292 813 327 850 ei
369 825 512 850 nocere
554 814 817 864 permittitur,
861 814 925 851 cui
965 812 1103 863 procul
1142 811 1259 851 dubio
1298 818 1337 851 et
1375 811 1494 850 rebus

154 872 355 921 prosperis
388 871 618 923 consolatio,
656 877 699 910 ut
731 883 808 910 non
841 871 1043 921 frangatur
1075 871 1265 923 adversis,
1305 876 1344 909 et
1374 870 1494 909 rebus

156 929 329 967 adversis
371 931 621 982 exercitatio,
662 935 705 968 ut
747 942 823 968 non
857 936 1133 984 corrumpatur
1164 931 1387 981 prosperiS,
1423 940 1495 980 per

156 988 324 1026 divinam
367 988 651 1039 providentiam
696 994 950 1040 procuratur,
995 994 1110 1039 atque
1155 990 1208 1026 ita
1252 993 1495 1039 temperatur

155 1052 367 1096 utrumque
413 1046 459 1084 ab
499 1046 708 1097 alterutro,
753 1052 796 1084 ut
833 1048 872 1084 in
911 1047 1058 1097 psalmo
1098 1047 1202 1085 illam
1243 1058 1375 1084 vocem
1417 1058 1494 1084 non

156 1104 309 1143 aliunde
337 1117 591 1155 agnoscamus
619 1110 810 1143 exortam:
843 1106 1071 1144 Secundum
1104 1107 1394 1144 multitudinem
1427 1106 1494 1143 do-

155 1166 283 1202 lorum
320 1175 496 1202 meorum
534 1166 575 1202 in
613 1165 737 1202 corde
774 1175 857 1201 meo
899 1166 1189 1202 consolationes
1228 1168 1322 1202 tuae
1353 1166 1492 1202 iucun-

156 1224 355 1260 daverunt
386 1225 559 1261 animam
585 1233 723 1260 meam.
785 1221 884 1259 lliuc
917 1227 977 1260 est
1008 1227 1047 1260 et
1076 1221 1171 1260 illud
1204 1221 1384 1272 apostoli:
1417 1222 1496 1270 Spe

153 1282 389 1330 gaudentes,
422 1283 462 1318 in
495 1282 753 1319 tribulatione
779 1283 988 1329 patientes.

274 1338 369 1377 Nam
396 1344 434 1377 et
459 1339 509 1391 id,
545 1339 648 1389 quod
675 1341 727 1377 ait
758 1339 861 1377 idem
894 1339 1048 1377 doctor:
1091 1340 1337 1387 Quicumque
1362 1341 1497 1378 volunt

156 1402 197 1437 in
228 1398 384 1435 Christo
404 1400 474 1447 pie
498 1400 642 1449 vivere,
670 1400 990 1447 persecutionem
1018 1400 1244 1446 patiuntur,
1277 1396 1393 1436 nullis
1424 1410 1494 1448 pu-

156 1456 316 1496 tandum
355 1463 415 1495 est
455 1456 590 1495 deesse
630 1468 746 1507 posse
786 1455 1040 1507 temporibus.
1104 1456 1202 1502 Quia
1244 1461 1283 1494 et
1320 1467 1408 1494 cum
1448 1455 1495 1494 ab

157 1518 225 1568 eis,
258 1516 325 1565 qui
351 1515 445 1553 foris
472 1520 575 1567 sunt,
607 1527 685 1553 non
712 1514 974 1553 saevientibus
1000 1514 1154 1553 videtur
1186 1526 1272 1553 esse
1306 1514 1493 1564 tranquil·

156 1574 243 1612 litas
289 1578 327 1611 et
370 1586 413 1612 re
457 1586 547 1612 vera
592 1578 652 1612 est
701 1573 991 1624 plurimumque
1038 1573 1314 1612 consolationis
1358 1572 1495 1624 adfert,

155 1633 320 1671 maxime
347 1633 529 1671 infirmis:
562 1644 640 1670 non
672 1638 801 1670 tamen
833 1631 988 1684 desunt,
1020 1633 1137 1670 immo
1172 1631 1283 1670 multi
1315 1636 1407 1669 sunt
1437 1633 1494 1669 in·

157 1697 240 1742 tus,
278 1691 345 1741 qui
384 1690 500 1729 corda
538 1692 601 1742 pie
640 1692 851 1729 viventium
890 1692 972 1728 suis
1003 1690 1167 1741 perditis
1199 1689 1375 1728 moribus
1407 1701 1494 1728 cru-

157 1751 276 1801 ciant3
328 1751 512 1799 quoniam
561 1761 632 1800 per
683 1761 749 1787 eos
800 1748 1091 1799 blasphematur
1142 1748 1407 1787 Christianum
1457 1753 1496 1786 et

159 1807 392 1847 catholicum
420 1820 591 1859 nomen3v
613 1807 715 1858 quod
742 1812 888 1857 quanto
915 1812 975 1845 est
1001 1808 1130 1846 carius
1163 1808 1230 1858 eis,
1262 1807 1329 1856 qui
1360 1805 1495 1844 volunt

156 1868 218 1918 pie
246 1867 374 1904 vivere
400 1867 440 1904 in
467 1865 635 1917 Christo,
669 1871 773 1903 tanto
808 1867 928 1915 magis
960 1864 1103 1916 dolent,
1136 1864 1238 1915 quod
1271 1876 1341 1915 per
1372 1863 1494 1902 malos

216 1968 284 2048 Τβ)
316 1968 420 2002 Rom.
454 1970 491 2010 8,
525 1971 581 2002 28.
630 1969 689 2010 20)
721 1966 778 2001 Ps.
812 1970 874 2009 93,
910 1970 960 2000 19.
1012 1968 1070 2008 21)
1103 1965 1206 2000 Rom.
1236 1969 1294 2008 12,
1331 1969 1385 1999 12.
1437 1965 1497 2006 23)

156 2019 185 2048 2.
247 2027 308 2048 lm.
334 2019 366 2057 3,
395 2018 448 2048 12.

250 2148 269 2177 2
297 2144 515 2186 cooperatur
540 2142 640 2185 Rbef
660 2143 744 2186 (scil.
765 2142 877 2183 Deus;
899 2141 944 2183 cf.
964 2142 1029 2176 vol.
1053 2142 1089 2183 I,
1109 2144 1167 2183 17,
1187 2144 1269 2184 16);
1296 2151 1493 2185 cooperan-

154 2190 340 2281 ἓιὶιὶιῒίἔξέᾏυῖ
365 2191 384 2270 ΕΙ]
409 2193 429 2222 8
456 2188 744 2224 benivolentiam
770 2188 841 2222 ΒΑ
868 2190 879 2231 Η
906 2192 948 2222 22
975 2188 1165 2232 patiuntur
1189 2198 1259 2222 mss
1283 2191 1425 2231 eaecepto
1452 2198 1474 2221 α
1481 2200 1494 2229 ,-
