1548 2562
388 128 440 153 DE
461 127 647 153 CIVITATE
666 128 735 152 Dm
754 127 786 152 L.
806 128 885 153 ΧΠ.
905 127 936 154 c.
957 129 998 154 26.
1019 129 1060 153 27.
1332 119 1387 159 55

62 216 110 255 de
136 217 241 268 ipsiS,
272 227 408 254 verum
434 217 549 254 etiam
575 216 621 254 de
655 228 730 254 non
762 216 946 268 liberatis,
978 216 1069 266 quid
1103 218 1157 254 eis
1190 216 1386 268 largiatur,

64 274 283 313 ostendens.
345 273 429 312 Non
467 275 569 312 enim
610 274 755 326 dehita,
794 274 860 312 sed
893 276 1058 325 gratuita
1090 274 1261 312 bonitate
1294 280 1386 312 tunc

64 345 104 371 se
143 334 307 383 quisque
345 334 517 382 agnoscit
555 338 709 370 erutum
743 333 868 385 malis,
901 345 988 371 cum
1020 332 1065 371 ab
1099 345 1233 371 eorum
1265 332 1385 371 homi-

63 403 155 429 num
197 392 392 429 consortio
432 391 474 428 fit
514 392 703 442 inmunis,
745 403 832 429 cum
875 391 1016 441 quibus
1054 391 1108 429 illi
1144 392 1245 429 iuste
1284 396 1387 429 esset

62 461 185 500 poena
217 450 442 488 communis.
505 448 582 487 Cur
610 461 700 499 ergo
734 462 809 487 non
842 455 992 488 crearet
1024 449 1137 502 Deus,
1170 462 1266 499 quos
1298 462 1385 499 pec-
1412 456 1432 486 5

62 513 217 546 caturos
249 519 333 546 esse
366 508 587 558 praescivit,
626 507 777 557 quando
817 508 972 558 quidem
1011 509 1051 546 in
1084 509 1139 546 eis
1171 513 1210 546 et
1241 520 1287 545 ex
1319 509 1386 558 eis,

62 571 100 604 et
127 565 217 616 quid
245 577 380 604 eorum
406 565 517 616 culpa
544 572 772 617 mereretur,
803 572 842 604 et
868 566 959 616 quid
986 578 1054 604 sua
1079 567 1198 617 gratia
1226 566 1386 604 donare-

62 630 145 676 tur,
188 629 320 675 posset
357 623 584 675 ostendere,
625 635 695 662 nec
737 623 808 662 sub
846 624 909 661 illo
943 630 1117 663 creatore
1150 636 1192 662 ac
1225 625 1385 675 disposi-

62 688 145 720 tore
188 694 369 734 perversa
412 682 643 720 inordinatio
687 681 994 733 delinquentium
1038 688 1190 721 rectum
1231 695 1385 734 perver-

61 746 162 780 teret
192 741 369 779 ordinem
399 738 560 778 rerum?
1415 749 1456 779 10

547 865 697 907 CAPUT
730 866 909 907 XXVII.

61 952 120 990 Be
140 952 432 1000 peccatoribus,
465 955 503 988 et
526 953 677 998 angelis
703 955 741 989 et
765 952 995 998 hominibus,
1028 961 1195 998 quorum
1223 963 1385 999 perver-

333 1011 430 1047 sitas
462 1021 539 1047 non
566 1010 782 1058 perturbat
807 1011 1110 1058 providentiam.

177 1090 344 1129 Proinde
370 1095 607 1142 peccatores,
640 1095 678 1128 et
703 1090 827 1140 angeli
853 1096 892 1128 et
918 1090 1106 1142 homines,
1138 1090 1232 1128 nihil
1258 1096 1386 1142 agunt,

60 1161 137 1200 quo
162 1148 411 1199 inpediantur
436 1160 582 1196 maqna
615 1160 738 1197 opera
764 1149 931 1195 Domini,
964 1151 1163 1196 exquisita
1190 1152 1229 1187 in
1256 1161 1387 1188 omnes
1415 1157 1455 1187 15

61 1210 279 1247 voluntates
316 1209 419 1254 eius,
466 1208 644 1257 quoniam
683 1208 749 1256 qui
786 1207 1035 1257 providenter
1066 1212 1181 1257 atque
1214 1209 1385 1258 omnipo-

61 1271 189 1305 tenter
229 1277 297 1304 sua
343 1267 483 1316 cuique
530 1265 746 1316 distribuit,
791 1278 867 1303 non
913 1265 1037 1303 solum
1078 1265 1209 1318 honis,
1253 1278 1387 1304 verum

59 1325 177 1363 etiam
202 1323 310 1362 malis
336 1323 434 1362 hene
461 1325 519 1362 uti
545 1325 660 1361 novit.
722 1324 774 1361 Ac
807 1336 876 1374 per
907 1323 980 1361 hoc
1012 1330 1171 1374 propter
1203 1326 1384 1362 meritum

60 1384 206 1434 primae
246 1381 365 1420 malae
404 1381 611 1420 voluntatis
649 1383 700 1419 ita
742 1381 919 1420 damnato
952 1387 1066 1432 atque
1100 1382 1288 1420 obdurato
1322 1394 1385 1420 an-

60 1441 145 1492 gelo
172 1440 282 1492 malo,
314 1446 357 1479 ut
382 1442 457 1478 iam
483 1440 623 1478 bonam
650 1440 883 1478 voluntatem
910 1440 1073 1478 ulterius
1105 1453 1182 1478 non
1214 1440 1386 1492 liaberet,
1412 1448 1455 1479 20

62 1499 160 1537 bene
193 1504 306 1538 utens
338 1498 440 1537 Deus
479 1511 549 1537 cur
581 1511 658 1537 non
690 1500 950 1550 permitteret,
990 1504 1032 1537 ut
1064 1498 1110 1537 ab
1141 1499 1205 1537 illo
1238 1500 1386 1550 primus

62 1557 188 1609 homo,
220 1558 286 1607 qui
313 1563 455 1607 rectus,
486 1557 559 1595 hoc
587 1563 645 1595 est
670 1556 792 1595 bonae
819 1557 1037 1609 voluntatiS,
1070 1562 1223 1595 creatus
1250 1558 1387 1609 fuerat,

63 1613 348 1667 temptaretur?
398 1615 558 1660 Quando
598 1615 753 1665 quidem
794 1617 849 1653 sic
888 1621 969 1653 erat
1005 1616 1223 1666 institutus,
1262 1621 1322 1666 ut,
1355 1617 1387 1653 si

62 1674 108 1713 de
153 1674 343 1712 adiutorio
388 1673 456 1711 Dei
499 1674 636 1712 fideret
679 1672 803 1711 bonus
847 1673 978 1724 homo,
1024 1673 1163 1711 malum
1208 1673 1386 1723 angelum

60 1734 251 1783 vinceret3
289 1733 321 1769 si
359 1737 488 1770 autem
527 1736 742 1770 creatorem
774 1736 887 1782 atque
920 1731 1136 1770 adiutorem
1168 1731 1290 1769 Deum
1323 1744 1384 1770 su-
1412 1740 1454 1770 25

60 1790 180 1842 perbe
206 1789 279 1828 sibi
304 1790 489 1840 placendo
517 1790 726 1842 desereret,
758 1791 995 1841 vinceretur3
1027 1791 1209 1828 meritum
1241 1789 1386 1828 honum

60 1848 206 1887 habens
237 1850 277 1886 in
303 1848 431 1887 adiuta
457 1848 641 1886 divinitus
673 1848 867 1887 voluntate
900 1854 1017 1900 recta7
1049 1848 1190 1886 malum
1223 1860 1313 1886 vero
1345 1850 1385 1886 in

61 1907 265 1945 deserente
292 1906 413 1944 Deum
439 1907 633 1945 voluntate
660 1919 853 1957 perversa.
915 1906 1011 1952 Quia
1038 1913 1076 1944 et
1107 1908 1233 1957 ipsum
1265 1906 1384 1945 fidere

61 1965 107 2004 de
146 1965 335 2003 adiutorio
368 1965 436 2003 Dei
478 1978 553 2003 non
592 1965 748 2015 quidem
785 1970 916 2016 posset
955 1967 1036 2002 sine
1075 1965 1265 2003 adiutorio
1305 1965 1384 2016 Dei,

61 2036 132 2062 nec
164 2029 292 2062 tamen
329 2023 415 2062 ideo
447 2023 493 2062 ab
524 2023 584 2062 his
616 2023 764 2063 divinae
797 2025 940 2074 gratiae
973 2023 1171 2061 beneficiis
1203 2023 1276 2061 sibi
1306 2023 1383 2074 pla·
1411 2032 1455 2062 30

156 2113 212 2157 16)
237 2112 295 2146 Ps.
324 2115 400 2154 110,
426 2115 458 2146 2.

153 2244 174 2274 4
198 2240 292 2274 iuste
312 2240 345 2274 A
354 2254 366 2282 ‚·
391 2240 488 2275 iusta
514 2240 564 2275 Vv
583 2242 595 2285 Η
615 2245 634 2275 6
661 2241 698 2275 et]
723 2241 780 2286 ex]
808 2240 868 2275 uel
893 2252 936 2275 ex
962 2241 1000 2275 F
1015 2243 1027 2286 ΙΙ
1049 2245 1088 2275 13
1116 2240 1385 2286 prouidentiam

70 2286 113 2330 V;
139 2297 239 2331 prov.
265 2286 334 2321 Dei
356 2298 378 2321 v
