1548 2562
450 122 502 147 DE
522 121 712 148 CIVITATE
731 122 800 147 DEI
819 121 852 147 L.
872 121 970 146 xxn.
990 121 1019 146 c.
1040 122 1081 147 19.
1344 111 1427 153 599

94 212 198 262 1111011
241 212 370 249 minus
412 216 471 249 est
509 223 624 262 quam
662 210 791 263 decet,
834 210 936 249 unde
970 209 1130 249 Creator
1172 211 1296 261 novit,
1339 210 1429 248 inde

95 268 358 322 supplebitur,
395 274 434 307 et
466 269 569 320 quod
602 269 689 320 plus
721 274 781 307 est
813 265 940 320 quam*
960 269 1089 320 decet,
1130 270 1314 307 materiae
1349 280 1427 306 ser-

94 334 178 366 vata
204 329 427 378 integritate
454 327 693 367 detrahetur.
755 326 905 366 Coloris
935 339 1054 378 porro
1087 328 1254 366 suavitas
1287 332 1431 378 quanta

95 387 190 437 erit,
232 385 300 424 uhi
343 387 436 425 iusti
480 385 684 437 fulgebunt
720 386 822 425 sicut
859 385 915 424 sol
947 387 986 425 in
1025 397 1145 436 regno
1183 385 1311 424 Patris
1352 385 1428 424 sui!

95 443 200 489 Quae
234 444 387 483 claritas
420 446 459 483 in
492 444 637 483 Christi
668 455 845 495 corpore,
878 456 966 483 cum
999 445 1228 496 resurrexit,
1260 443 1306 482 ab
1339 456 1429 482 ocu-
1457 451 1476 481 5

93 501 140 540 lis
179 502 460 553 discipulorum
501 504 631 554 potius
672 501 897 541 abscondita
942 503 1061 541 fuisse
1104 514 1219 553 quam
1260 502 1430 541 defuisse

94 560 288 599 credenda
325 567 395 600 est.
456 560 542 599 Non
583 561 687 599 enim
725 573 809 599 eam
849 561 971 599 ferret
1002 560 1194 599 humanus
1227 566 1343 612 atque
1375 562 1430 599 in-

93 619 229 657 firmus
271 625 470 671 aspectus,
508 619 661 670 quando
701 619 763 657 ille
803 631 822 657 a
860 620 941 657 suis
978 619 1031 657 ita
1070 618 1233 658 deberet
1264 619 1432 671 adtendi,

94 682 138 716 ut
174 683 307 728 posset
339 679 506 729 agnosci.
569 677 654 723 Quo
686 679 878 728 pertinuit
909 678 1042 729 etiam,
1079 682 1124 716 ut
1156 679 1430 716 contrectanti-

94 735 167 773 bus
200 736 425 775 ostenderet
463 748 626 775 suorum
657 736 862 775 vulnerum
895 737 1115 788 cicatrices,
1156 742 1199 775 ut
1231 737 1346 775 etiam
1379 737 1429 775 ei·
1459 743 1500 774 10

93 793 187 832 bum
218 799 432 845 potumque
465 800 659 847 sumeret,
690 806 768 832 non
801 794 1075 833 alimentorum
1107 794 1330 847 indigentia,
1364 794 1431 833 sed

94 864 138 890 ea
171 864 246 903 qua
273 858 311 891 et
336 852 410 891 1106
435 858 588 904 poterat
619 858 823 904 potestate.
886 852 983 891 Cum
1015 858 1145 891 31116111
1177 853 1320 903 3111111111
1354 865 1430 891 11011

93 910 258 962 videtur,
290 913 465 962 quamvis
492 911 603 963 adsit,
634 923 654 949 a
688 910 829 962 quibus
856 911 937 959 alia,
971 923 1068 962 quae
1101 913 1248 962 pariter
1280 911 1432 963 adsunt,

94 969 293 1021 videntur,
332 971 433 1008 sicut
470 969 573 1008 illam
612 969 827 1008 claritatem
868 969 1033 1008 dicimus
1066 969 1235 1008 adfuisse
1269 982 1347 1008 non
1380 971 1431 1008 vi-

94 1039 196 1079 sam,
237 1040 258 1066 a
295 1027 436 1078 quibus
478 1028 549 1066 3113
589 1027 844 1066 videbantur:
885 1024 1050 1079 ἆορασία
1088 1027 1234 1066 Graece
1277 1028 1432 1079 dieitur,
1461 1036 1502 1066 15

93 1086 197 1136 quod
223 1087 349 1124 nostri
374 1087 610 1137 interpretes
637 1085 771 1124 Latine
798 1086 928 1124 dicere
956 1098 1033 1124 non
1060 1085 1232 1124 valentes
1261 1088 1300 1124 in
1333 1086 1432 1124 libro

93 1155 283 1195 geneseos
324 1146 551 1183 caecitatem
594 1146 843 1195 interpretati
886 1150 988 1183 sunt.
1049 1144 1158 1183 Hanc
1197 1146 1299 1183 enim
1342 1150 1433 1183 sunt

93 1204 198 1253 passi
224 1201 457 1255 Sodomitae‚
490 1202 643 1254 quando
683 1202 923 1253 quaerebant
954 1204 1099 1241 ostium
1130 1204 1223 1241 iusti
1256 1204 1327 1241 viri
1360 1215 1432 1242 nec

93 1266 274 1311 poterant
316 1262 504 1300 invenire.
566 1260 674 1308 Quae
712 1263 744 1299 si
787 1262 924 1299 fuisset
962 1262 1150 1313 caecitas,
1194 1274 1269 1312 qua
1307 1261 1349 1300 fit
1389 1267 1433 1300 ut

94 1318 189 1357 nihil
214 1320 337 1370 possit
362 1319 496 1370 videri,
528 1331 606 1357 non
633 1321 776 1358 ostium
810 1331 885 1370 qua
915 1319 1229 1371 ingrederentur,
1263 1319 1329 1358 sed
1364 1320 1431 1358 du·
1461 1329 1502 1358 20

94 1389 159 1415 ees
192 1378 345 1415 itineris
377 1390 397 1415 a
429 1377 572 1428 quibus
604 1377 694 1416 inde
728 1377 1034 1429 abducerentur,
1066 1379 1325 1428 inquirerent.

212 1435 351 1474 Nescio
391 1447 467 1486 quo
506 1441 636 1475 autem
667 1436 781 1474 modo
814 1438 870 1474 sic
902 1436 1095 1475 afficimur
1128 1448 1258 1475 amore
1291 1442 1432 1488 marty—

94 1505 182 1532 rum
214 1493 430 1546 beatorum,
462 1499 506 1533 ut
536 1494 699 1533 velimus
731 1496 771 1533 in
802 1494 866 1533 illo
899 1506 1020 1546 regno
1054 1496 1093 1533 in
1126 1507 1262 1533 eorum
1296 1507 1431 1546 corpo-

94 1551 203 1591 ribus
229 1552 360 1591 videre
388 1552 592 1592 vulnerum
629 1554 843 1604 cicatrices,
876 1565 974 1604 quae
1000 1565 1072 1604 pro
1100 1553 1243 1591 Christi
1276 1555 1431 1592 nomine

93 1610 358 1662 pertulerunt3
391 1616 430 1649 et
464 1612 628 1650 fortasse
661 1611 888 1650 videbimus.
950 1611 1035 1650 Non
1069 1613 1173 1650 enim
1205 1612 1431 1650 deformitas
1459 1621 1501 1651 25

94 1670 134 1707 in
167 1670 235 1721 eis,
267 1669 335 1708 sed
361 1669 526 1720 dignitas
554 1671 641 1722 erit,
672 1676 711 1709 61
743 1670 943 1721 quaedam,
976 1672 1150 1721 quamvis
1183 1672 1221 1708 in
1255 1683 1432 1722 corpore,

94 1739 172 1765 non
205 1729 393 1780 corporis,
425 1729 493 1767 sed
525 1730 680 1767 virtutis
714 1728 964 1780 pulchritudo
998 1728 1171 1779 fulgebit.
1234 1729 1313 1767 Nec
1345 1729 1432 1767 ideo

96 1791 224 1824 tamen
252 1788 284 1824 51
310 1786 437 1837 31111113
468 1786 703 1838 martyribus
736 1792 931 1838 amputata
964 1793 1003 1825 et
1035 1787 1157 1826 ablata
1190 1793 1282 1826 sunt
1314 1799 1432 1826 mem—

94 1843 185 1896 bra,
225 1845 308 1883 sine
347 1846 442 1896 ipsis
481 1845 666 1884 membris
705 1852 821 1884 erunt
858 1847 896 1884 in
935 1847 1226 1884 resurrectione
1260 1851 1431 1884 mortuo-

95 1914 196 1954 rum,
229 1902 370 1953 quibus
403 1903 550 1942 dictum
583 1909 659 1943 est:
697 1905 871 1954 Capillus
903 1907 1046 1954 capitis
1079 1906 1201 1943 vestri
1231 1916 1309 1943 non
1337 1917 1430 1954 per-
1459 1914 1501 1943 30

96 1962 178 1999 ibit.
240 1960 316 2000 Sed
350 1963 382 2000 51
413 1961 486 2000 1106
519 1961 673 2001 decebit
703 1964 743 2001 in
775 1962 838 2001 1110
872 1975 970 2001 novo
1003 1962 1175 2013 saeculo,
1218 1968 1261 2001 ut
1292 1963 1433 2001 indicia

94 2018 354 2069 gloriosorum
395 2020 599 2059 vulnerum
641 2022 680 2059 in
721 2021 784 2059 illa
820 2021 1016 2060 inmortali
1055 2033 1170 2059 631116
1210 2027 1433 2072 cernantur,

193 2130 314 2168 41Μ1.
345 2136 398 2175 13,
425 2136 479 2167 43.
532 2135 588 2177 19)
616 2133 704 2169 Gen.
733 2137 788 2176 19,
816 2137 869 2167 11.
921 2135 979 2177 31)
1006 2133 1067 2168 Le.
1094 2137 1150 2177 21,
1179 2136 1231 2168 18.

189 2286 233 2317 20
259 2293 330 2326 quo
354 2294 375 2317 v
