1611 2465
257 66 341 108 190
795 76 821 100 s.
841 75 1058 101 „anensium

255 178 343 204 eum
376 167 415 203 in
449 167 691 216 septuaginta
730 166 901 214 quinque
941 164 1162 203 hominibus
1195 167 1389 216 scriptura
1422 178 1588 204 comme-

254 231 397 276 morat,
436 236 512 261 non
553 236 654 261 iuius
692 223 774 260 dies
813 223 872 260 vel
913 235 1015 261 unus
1052 235 1193 276 annus,
1231 224 1297 262 sed
1338 229 1463 262 totum
1495 224 1588 263 illud

255 289 314 321 est
347 289 517 332 tempus,
557 281 740 332 quamdiu
780 282 874 319 vixit
907 281 1065 332 loseph,
1103 294 1173 332 per
1206 295 1321 333 quem
1353 284 1499 321 sactum
1531 289 1590 322 est

254 347 298 380 ut
341 343 543 379 iutrarent.
606 340 701 378 Nam
743 340 789 378 de
831 342 914 390 ipso
954 340 1092 391 Ioseph
1130 341 1263 379 eadem
1302 343 1496 392 scriptura
1533 343 1589 380 sic

208 409 228 439 5
254 400 445 449 loquitur:
478 399 530 436 Et
560 401 755 437 habitavit
788 400 927 447 Ioseph
961 401 1000 436 ln
1033 401 1222 449 Aeqypto,
1256 403 1337 449 ipse
1368 406 1406 438 et
1433 400 1590 448 fratres

255 461 339 497 eius
366 463 403 496 et
429 460 552 496 omnis
579 459 822 496 cohabilalio
849 460 981 507 patris
1013 460 1109 505 eim,
1141 463 1179 496 et
1210 461 1310 496 vixit
1341 471 1466 497 annos
1498 471 1588 498 cen-

255 522 335 555 tum
367 518 513 564 decem,
546 522 584 554 et
614 518 712 554 vidit
744 517 885 565 Ioseph
917 516 1117 564 Ephraem
1145 519 1250 563 filios
1281 529 1406 565 usque
1438 520 1478 555 in
1510 523 1588 556 ter—

255 578 351 613 tiam
368 577 682 623 qeneratz'onem.
732 574 817 625 Ipse
846 580 905 612 est
923 574 987 612 ille
1008 587 1203 625 pronepos
1224 577 1308 613 eius
1328 575 1375 613 ab
1395 575 1589 626 Ephraem

255 635 405 672 tertius,
469 633 769 672 Generationem
808 635 950 683 quippe
982 635 1135 671 tertiam
1169 633 1262 672 dicit
1294 634 1432 686 lilium,
1470 646 1587 686 nepo-

185 701 226 731 10
254 698 344 743 tem,
376 699 643 744 pronepotem.
706 691 851 730 Deinde
886 693 1080 742 sequitur:
1122 693 1174 730 Et
1200 695 1278 739 filii
1309 693 1483 740 Macleir,
1511 696 1593 740 filii

254 751 464 798 Mcmasse,
509 753 596 789 nati
631 756 724 789 sunt
759 763 883 799 supra
917 750 1076 798 femora
1116 751 1266 799 Ioseph.
1335 750 1383 789 Et
1421 751 1483 789 hic
1524 752 1588 790 ille

252 811 334 860 ipse
369 816 428 848 est
459 822 581 860 nepos
612 809 805 859 Mmmsse,
840 821 1034 859 pronepos
1066 808 1216 859 loseph.
1280 809 1354 847 Sed
1387 809 1588 860 pluraliter

252 868 432 919 appellati
463 875 572 920 sunt,
604 869 705 906 sicut
737 869 930 918 scriptura
963 869 1183 919 consuevit,
1215 880 1312 918 quae
1346 880 1461 906 unam
1494 881 1587 919 quo-

253 939 327 977 que
368 927 485 964 filiam
526 926 639 964 Iacob
679 926 776 964 filias
818 927 1073 977 nuncupavit3
1111 928 1213 964 sicut
1249 928 1288 964 in
1320 925 1476 965 Latinae
1516 927 1586 965 lin-

186 995 225 1025 15
253 998 350 1036 guae
391 986 676 1023 consuetudine
716 984 829 1022 liberi
861 985 1045 1022 dicuntur
1077 984 1280 1035 pluraliter
1311 985 1396 1036 filii,
1437 987 1588 1024 etiamsi

253 1056 330 1082 non
372 1046 449 1081 sint
488 1056 566 1081 uno
607 1043 782 1094 amplius.
845 1042 940 1081 Cum
980 1055 1071 1093 ergo
1112 1044 1234 1094 ipsius
1265 1043 1404 1094 loseph
1437 1044 1586 1095 praedi-

254 1108 365 1141 cetur
399 1102 572 1154 felicitas,
607 1104 694 1152 quia
727 1103 855 1152 potuit
885 1102 1015 1139 videre
1048 1107 1302 1153 pronepotes,
1335 1101 1439 1140 nullo
1472 1103 1586 1141 modo

252 1161 414 1211 putandi
447 1167 538 1198 sunt
569 1163 644 1198 iam
685 1161 805 1198 fuisse
838 1161 1064 1198 tricensimo
1097 1172 1198 1198 nono
1231 1172 1330 1198 anuo
1363 1162 1495 1210 proavi
1527 1163 1586 1200 sui

252 1219 404 1272 Ioseph7
437 1219 589 1269 quando
616 1219 661 1256 ad
689 1231 777 1257 eum
809 1220 847 1257 in
874 1219 1089 1269 Aegyptum
1121 1218 1234 1256 Iacob
1266 1224 1376 1269 pater
1408 1221 1491 1257 eius
1523 1220 1585 1258 ad·

183 1288 225 1318 20
253 1280 368 1316 venit.
431 1277 527 1316 Illud
566 1284 694 1316 autem
733 1283 809 1329 est,
848 1277 950 1327 quod
990 1277 1083 1315 fallit
1115 1278 1244 1315 miuus
1276 1279 1349 1315 ista
1380 1276 1586 1328 diligenter

251 1338 470 1387 intuentes,
516 1338 696 1386 quoniam
741 1337 930 1386 scriptum
975 1342 1051 1374 est:
1096 1336 1207 1374 Haec
1251 1342 1382 1374 autem
1425 1339 1586 1375 nomina

246 1398 424 1442 filioram
458 1395 602 1440 Israel,
637 1397 708 1442 qui
738 1397 994 1433 intraverunt
1025 1397 1065 1432 in
1097 1397 1317 1443 Aeqyptum
1349 1397 1468 1433 simul
1497 1407 1586 1434 cum

252 1454 375 1492 Jacob
403 1459 524 1502 patre
554 1465 636 1492 suo.
699 1452 780 1490 Hoc
814 1454 916 1490 enim
948 1452 1094 1491 dictum
1126 1459 1196 1503 est,
1229 1454 1317 1503 quia
1350 1452 1464 1491 simul
1496 1465 1585 1492 cum

249 1512 314 1550 illo
347 1517 609 1562 conputantur
642 1513 884 1562 septuaginta
916 1513 1101 1562 quinque,
1133 1523 1209 1548 non
1243 1512 1331 1561 quia
1363 1511 1477 1549 simul
1509 1513 1584 1550 iam

181 1580 224 1611 25
252 1576 364 1608 erant
401 1583 554 1621 omnes,
593 1570 746 1620 quando
784 1570 999 1620 Aegyptum
1036 1571 1237 1620 ingressus
1275 1575 1334 1608 est
1372 1571 1473 1621 ipse3
1505 1570 1584 1622 sed,

251 1635 294 1667 ut
326 1629 422 1680 dixi,
461 1635 586 1667 totum
624 1635 779 1679 tempus
811 1628 976 1666 habetur
1009 1629 1092 1666 eius
1124 1629 1343 1680 ingressuS‚
1382 1640 1458 1678 quo
1491 1629 1584 1667 vixit

252 1687 402 1739 Ioseph,
433 1700 504 1738 per
537 1699 651 1738 quem
685 1688 837 1725 videtur
869 1688 1079 1737 ingressus.

345 1790 379 1830 8)
406 1788 494 1822 Gen.
522 1791 576 1824 50,
604 1791 658 1821 23.

346 1932 363 1961 1
392 1927 600 1961 hominibus
634 1926 772 1969 VR²A;
799 1927 965 1961 homines
989 1926 1062 1967 R¹‚·
1087 1925 1278 1959 animabus
1304 1925 1361 1960 Fv
1380 1928 1392 1970 ss
1411 1931 1430 1961 7
1457 1927 1583 1963 decem

252 1974 445 2055 ggssifiuit
459 1974 544 2055 z{lea
571 1974 627 2008 Av
647 1975 659 2017 ΙΙ
681 1978 721 2009 16
748 1974 977 2018 praedicetur
1004 1972 1127 2013 VRA‚·
1152 1972 1376 2017 praedicitur
1399 1973 1454 2016 F,·
1478 1986 1581 2020 prae-
