1611 2465
59 795 101 826 10

59 1108 99 1138 15

58 1398 101 1427 20

58 1686 101 1717 25

59 1975 102 2006 30

127 73 212 114 288
655 80 682 105 s.
702 78 919 105 AUGUS'HNI

129 172 190 210 nis
222 171 414 222 principio
457 169 646 207 revocatis
680 163 873 206 ostenso.“
933 166 1010 205 Ista
1041 165 1266 205 Lactantius
1299 168 1463 217 carptim

128 241 199 280 per
236 227 436 267 intervalla
474 227 748 277 disputationis
786 237 899 276 suae,
941 226 1042 263 sicut
1083 237 1126 263 ea
1164 236 1328 276 poscere
1359 224 1461 263 vide-

128 287 288 339 bantur,
327 298 424 336 quae
462 284 629 336 probare
668 283 908 335 intenderat,
941 282 1115 321 adhibuit
1148 284 1369 321 testimonia
1403 282 1459 320 Si-

128 345 281 397 byllina,
313 356 410 394 quae
437 355 508 381 nos
534 341 629 381 nihil
659 343 967 393 interponentes,
1000 341 1066 379 sed
1099 342 1138 379 in
1172 353 1287 379 unam
1321 342 1463 379 seriem

129 415 274 442 conexa
305 407 496 453 ponentes
528 400 620 439 solis
653 399 856 451 capitibus,
888 401 920 438 si
951 405 1079 438 tamen
1112 401 1324 450 scriptores
1356 398 1462 437 dein-

129 474 219 512 ceps
261 472 304 498 ea
347 471 502 498 servare
539 471 616 497 non
655 458 876 510 neglegant,
917 457 1189 508 distinguenda
1229 459 1461 495 curavimus.

128 518 312 557 Nonnulli
345 530 436 556 sane
462 517 715 568 Erythraeam
749 516 931 567 Sibyllam
964 528 1041 554 non
1075 515 1240 567 Romuli,
1273 515 1341 553 sed
1373 514 1464 554 belli

127 577 284 615 Troiani
316 582 491 627 tempore
524 576 644 614 fuisse
678 576 931 625 scripserunt.

630 698 784 741 CAPUT
817 698 972 740 XXIV.

133 787 248 833 Quod
276 788 472 834 reqnante
504 785 671 822 Romulo
702 788 847 833 septem
877 786 1076 833 sapientes
1108 785 1354 830 claruerint,
1388 795 1463 832 quo

127 850 301 893 tempore
328 845 463 882 decem
491 843 629 890 tribus,
657 854 761 890 quae
788 843 921 881 Israel
951 843 1202 889 dicebantur,
1230 844 1271 880 in
1297 843 1462 890 eaptivi-

209 907 327 941 tatem
359 914 383 940 a
421 902 633 939 Chaldaeis
666 902 812 939 ductae
842 904 943 947 sunt,
977 902 1158 948 idemque
1190 900 1381 939 Romulus

382 964 561 997 mortuus
593 960 727 996 divino
758 960 909 996 honore
941 959 1112 997 donatus
1144 962 1211 996 est.

244 1040 391 1078 Eodem
423 1039 587 1078 Romulo
627 1044 812 1089 regnante
845 1038 984 1077 Thales
1016 1038 1189 1077 Milesius
1222 1039 1343 1077 fuisse
1375 1050 1462 1089 per-

127 1098 303 1149 hibetur,
347 1110 449 1136 unus
489 1110 509 1135 e
552 1104 701 1148 septem
740 1097 999 1148 sapientibus,
1042 1099 1107 1147 qui
1140 1102 1227 1147 post
1259 1096 1462 1147 theologos

126 1162 277 1208 poetas,
318 1158 357 1194 in
399 1155 540 1206 quibus
582 1155 762 1206 Orpheus
810 1157 974 1193 maxime
1022 1156 1195 1193 omnium
1238 1154 1462 1193 nobilitatus

128 1221 198 1266 est,
230 1213 347 1264 σοφοὶ
380 1213 558 1264 appellati
591 1219 694 1264 sunt,
726 1213 827 1263 quod
862 1219 920 1251 est
951 1212 1085 1251 Latine
1119 1214 1325 1263 sapientes.
1388 1212 1463 1251 Per

127 1272 229 1310 idem
262 1278 415 1323 tempus
448 1271 583 1309 decem
622 1270 771 1322 tribus,
812 1283 909 1321 quae
941 1272 980 1308 in
1014 1271 1200 1308 divisione
1234 1270 1368 1321 populi
1400 1282 1463 1307 vo-

128 1336 233 1369 catae
267 1335 359 1368 sunt
389 1329 524 1381 Israel,
563 1328 772 1367 debellatae
806 1341 826 1366 a
859 1328 1058 1367 Chaldaeis
1099 1334 1138 1367 et
1170 1330 1208 1366 in
1242 1340 1306 1366 eas
1337 1334 1463 1366 terras

128 1389 298 1440 captivae
337 1388 475 1426 ductae
514 1392 621 1438 sunt,
659 1386 952 1425 remanentibus
992 1388 1031 1425 in
1064 1386 1203 1425 Iudaea
1236 1392 1340 1425 terra
1372 1386 1463 1424 dua-

127 1446 200 1485 bus
232 1446 306 1484 illis
338 1445 537 1497 tribubus,
576 1457 673 1495 quae
706 1447 862 1483 nomine
895 1445 1011 1483 Iudae
1044 1444 1281 1483 vocabantur
1314 1444 1462 1482 sedem-

129 1516 202 1555 que
229 1505 339 1554 regni
364 1503 558 1541 habebant
584 1502 838 1541 Hierusalem.
897 1503 1093 1541 Mortuum
1121 1502 1342 1553 Romulum,
1374 1514 1464 1541 cum

129 1568 167 1600 et
197 1563 280 1613 ipse
313 1574 389 1600 non
423 1563 705 1613 conparuisset,
737 1563 776 1599 in
809 1561 922 1612 deos,
956 1561 1057 1611 quod
1092 1567 1129 1599 et
1162 1560 1275 1611 vulgo
1308 1562 1462 1598 notissi-

128 1632 234 1658 mum
276 1625 355 1671 est,
397 1619 584 1658 rettulere
623 1619 803 1670 Romani3
843 1619 945 1670 quod
987 1631 1111 1669 usque
1145 1618 1239 1656 adeo
1272 1619 1357 1657 fieri
1389 1620 1463 1656 iam

129 1678 297 1716 desierat
335 1674 427 1730 (nec
465 1683 598 1728 postea
632 1679 704 1715 nisi
738 1677 946 1729 adulando,
984 1689 1061 1715 non
1094 1676 1277 1728 errando,
1319 1678 1464 1715 factum

129 1742 187 1774 est
212 1735 455 1786 temporibus
482 1731 724 1787 Caesarum),
758 1742 800 1774 ut
826 1735 962 1774 Cicero
990 1737 1137 1786 magnis
1164 1734 1317 1772 Romuli
1343 1734 1463 1772 laudi-

128 1794 201 1832 bus
245 1793 410 1840 tribuat,
455 1793 557 1843 quod
604 1805 679 1831 non
725 1793 887 1831 rudibus
926 1799 965 1832 et
1002 1793 1169 1831 indoctis
1209 1792 1461 1843 temporibus,

129 1852 281 1902 quando
324 1851 434 1890 facile
476 1851 653 1889 homines
696 1851 943 1902 fallebantur,
988 1851 1055 1889 sed
1095 1852 1169 1888 iam
1209 1850 1387 1900 expolitis
1426 1855 1464 1888 et

130 1910 292 1948 eruditis
325 1910 468 1948 meruit
500 1909 570 1946 hos
602 1909 782 1956 honores,
816 1910 990 1960 quamvis
1023 1908 1195 1946 nondum
1230 1907 1465 1946 efferbuerat

129 1979 172 2006 ac
204 1967 459 2018 pullulaverat
489 1966 807 2018 philosophorum
841 1966 994 2005 subtilis
1027 1972 1065 2005 et
1097 1972 1207 2004 acuta
1240 1965 1463 2016 loquacitas.

225 2059 283 2098 27)
310 2056 363 2090 Cf.
391 2055 452 2090 lib.
480 2059 522 2089 22
551 2066 579 2090 c.
607 2059 637 2089 6.

227 2187 266 2215 13
302 2184 371 2228 est]
406 2184 529 2217 malim
562 2182 610 2217 sit
645 2184 657 2226 Η
695 2186 737 2217 29
764 2182 939 2216 meruerit
962 2193 981 2216 υ
1020 2184 1032 2226 ΙΙ
1070 2181 1290 2217 efferuuerat
1313 2181 1464 2217 RParr.

129 2228 246 2271 (Neue
272 2229 342 2262 11²
361 2241 401 2272 p.
428 2232 517 2272 486)

1595 1572 1599 1589 ⁷-
1592 1244 1603 1564 -q-——u-——n--vv
1594 1193 1602 1236 *w
1598 962 1606 1184 mm.
