<?xml version="1.0" encoding="UTF-8"?>
<!DOCTYPE html PUBLIC "-//W3C//DTD XHTML 1.0 Transitional//EN"
    "http://www.w3.org/TR/xhtml1/DTD/xhtml1-transitional.dtd">
<html xmlns="http://www.w3.org/1999/xhtml" xml:lang="en" lang="en">
 <head>
  <title>
</title>
<meta http-equiv="Content-Type" content="text/html;charset=utf-8" />
  <meta name='ocr-system' content='tesseract 3.04.00' />
  <meta name='ocr-capabilities' content='ocr_page ocr_carea ocr_par ocr_line ocrx_word'/>
</head>
<body>
  <div class='ocr_page' id='page_1' title='image "./sanctiaureliiaug02auguuoft_0545.png"; bbox 0 0 1548 2562; ppageno 0'>
   <div class='ocr_carea' id='block_1_1' title="bbox 362 194 1363 234">
    <p class='ocr_par' dir='ltr' id='par_1_1' title="bbox 362 194 1363 234">
     <span class='ocr_line' id='line_1_1' title="bbox 362 194 1363 234; baseline 0.003 -7"><span class='ocrx_word' id='word_1_1' title='bbox 362 203 413 227; x_wconf 80' lang='lat' dir='ltr'>DE</span> <span class='ocrx_word' id='word_1_2' title='bbox 433 202 620 228; x_wconf 73' lang='lat' dir='ltr'>crvrrATE</span> <span class='ocrx_word' id='word_1_3' title='bbox 646 203 716 227; x_wconf 85' lang='lat' dir='ltr'>DEI</span> <span class='ocrx_word' id='word_1_4' title='bbox 734 203 767 228; x_wconf 84' lang='lat' dir='ltr'>L.</span> <span class='ocrx_word' id='word_1_5' title='bbox 787 203 867 228; x_wconf 71' lang='lat' dir='ltr'>xxi.</span> <span class='ocrx_word' id='word_1_6' title='bbox 887 203 918 230; x_wconf 83' lang='lat' dir='ltr'>c.</span> <span class='ocrx_word' id='word_1_7' title='bbox 944 204 986 229; x_wconf 79' lang='lat'>25.</span> <span class='ocrx_word' id='word_1_8' title='bbox 1006 203 1048 228; x_wconf 67' lang='lat'>2⁶.</span> <span class='ocrx_word' id='word_1_9' title='bbox 1280 194 1363 234; x_wconf 76' lang='grc'>539</span> 
     </span>
    </p>
   </div>
   <div class='ocr_carea' id='block_1_2' title="bbox 31 291 1436 1201">
    <p class='ocr_par' dir='ltr' id='par_1_2' title="bbox 31 291 1436 1201">
     <span class='ocr_line' id='line_1_2' title="bbox 33 291 1365 342; baseline 0 -13"><span class='ocrx_word' id='word_1_10' title='bbox 33 292 104 342; x_wconf 89' lang='lat' dir='ltr'>cit,</span> <span class='ocrx_word' id='word_1_11' title='bbox 148 293 293 329; x_wconf 84' lang='lat' dir='ltr'>malum</span> <span class='ocrx_word' id='word_1_12' title='bbox 336 301 415 329; x_wconf 76' lang='lat' dir='ltr'>non</span> <span class='ocrx_word' id='word_1_13' title='bbox 459 295 664 339; x_wconf 77' lang='lat' dir='ltr'><em>operatur.</em></span> <span class='ocrx_word' id='word_1_14' title='bbox 724 291 805 329; x_wconf 89' lang='lat' dir='ltr'>Nec</span> <span class='ocrx_word' id='word_1_15' title='bbox 844 293 910 330; x_wconf 85' lang='lat' dir='ltr'>isti</span> <span class='ocrx_word' id='word_1_16' title='bbox 947 303 1039 342; x_wconf 81' lang='lat' dir='ltr'>ergo</span> <span class='ocrx_word' id='word_1_17' title='bbox 1078 291 1233 330; x_wconf 85' lang='lat' dir='ltr'>dicendi</span> <span class='ocrx_word' id='word_1_18' title='bbox 1273 297 1365 330; x_wconf 91' lang='lat' dir='ltr'>sunt</span> 
     </span>
     <span class='ocr_line' id='line_1_3' title="bbox 32 348 1363 400; baseline 0.001 -14"><span class='ocrx_word' id='word_1_19' title='bbox 32 348 264 387; x_wconf 85' lang='lat' dir='ltr'>manducare</span> <span class='ocrx_word' id='word_1_20' title='bbox 297 360 439 399; x_wconf 86' lang='lat' dir='ltr'>corpus</span> <span class='ocrx_word' id='word_1_21' title='bbox 466 348 622 400; x_wconf 77' lang='lat' dir='ltr'>Christi,</span> <span class='ocrx_word' id='word_1_22' title='bbox 653 350 836 399; x_wconf 89' lang='lat' dir='ltr'>quoniam</span> <span class='ocrx_word' id='word_1_23' title='bbox 867 361 939 387; x_wconf 85' lang='lat' dir='ltr'>nec</span> <span class='ocrx_word' id='word_1_24' title='bbox 970 351 1010 387; x_wconf 93' lang='lat' dir='ltr'>in</span> <span class='ocrx_word' id='word_1_25' title='bbox 1043 349 1228 388; x_wconf 85' lang='lat' dir='ltr'>memhris</span> <span class='ocrx_word' id='word_1_26' title='bbox 1260 362 1363 388; x_wconf 91' lang='grc'><strong>00111-</strong></span> 
     </span>
     <span class='ocr_line' id='line_1_4' title="bbox 32 405 1365 460; baseline 0.001 -15"><span class='ocrx_word' id='word_1_27' title='bbox 32 406 193 458; x_wconf 84' lang='lat' dir='ltr'>putandi</span> <span class='ocrx_word' id='word_1_28' title='bbox 224 412 315 445; x_wconf 87' lang='lat' dir='ltr'>sunt</span> <span class='ocrx_word' id='word_1_29' title='bbox 347 406 501 445; x_wconf 79' lang='lat' dir='ltr'>Christi.</span> <span class='ocrx_word' id='word_1_30' title='bbox 562 405 612 444; x_wconf 91' lang='lat' dir='ltr'>Ut</span> <span class='ocrx_word' id='word_1_31' title='bbox 649 408 753 445; x_wconf 90' lang='lat' dir='ltr'>enim</span> <span class='ocrx_word' id='word_1_32' title='bbox 785 407 856 445; x_wconf 88' lang='lat' dir='ltr'>alia</span> <span class='ocrx_word' id='word_1_33' title='bbox 888 413 1052 460; x_wconf 86' lang='lat' dir='ltr'>taceam,</span> <span class='ocrx_word' id='word_1_34' title='bbox 1091 420 1169 446; x_wconf 90' lang='lat' dir='ltr'>non</span> <span class='ocrx_word' id='word_1_35' title='bbox 1200 414 1365 459; x_wconf 85' lang='lat' dir='ltr'>possunt</span> 
     </span>
     <span class='ocr_line' id='line_1_5' title="bbox 32 464 1363 504; baseline 0.001 -1"><span class='ocrx_word' id='word_1_36' title='bbox 32 464 147 503; x_wconf 88' lang='lat' dir='ltr'>simul</span> <span class='ocrx_word' id='word_1_37' title='bbox 195 477 281 503; x_wconf 91' lang='lat' dir='ltr'>esse</span> <span class='ocrx_word' id='word_1_38' title='bbox 332 470 370 503; x_wconf 89' lang='lat' dir='ltr'>et</span> <span class='ocrx_word' id='word_1_39' title='bbox 413 464 586 503; x_wconf 86' lang='lat' dir='ltr'>membra</span> <span class='ocrx_word' id='word_1_40' title='bbox 636 464 781 503; x_wconf 81' lang='lat' dir='ltr'>Christi</span> <span class='ocrx_word' id='word_1_41' title='bbox 830 470 869 504; x_wconf 90' lang='lat' dir='ltr'>et</span> <span class='ocrx_word' id='word_1_42' title='bbox 912 465 1085 504; x_wconf 85' lang='lat' dir='ltr'>membra</span> <span class='ocrx_word' id='word_1_43' title='bbox 1134 467 1363 504; x_wconf 82' lang='lat' dir='ltr'>meretricis.</span> 
     </span>
     <span class='ocr_line' id='line_1_6' title="bbox 32 522 1410 574; baseline 0 -13"><span class='ocrx_word' id='word_1_44' title='bbox 32 522 206 573; x_wconf 90' lang='lat' dir='ltr'>Denique</span> <span class='ocrx_word' id='word_1_45' title='bbox 233 524 314 574; x_wconf 90' lang='lat' dir='ltr'>ipse</span> <span class='ocrx_word' id='word_1_46' title='bbox 342 523 452 561; x_wconf 89' lang='lat' dir='ltr'>dicit:</span> <span class='ocrx_word' id='word_1_47' title='bbox 490 524 568 569; x_wconf 67' lang='lat' dir='ltr'>Qua·</span> <span class='ocrx_word' id='word_1_48' title='bbox 596 525 816 562; x_wconf 78' lang='lat' dir='ltr'>manducat</span> <span class='ocrx_word' id='word_1_49' title='bbox 846 536 1009 563; x_wconf 78' lang='lat' dir='ltr'>carnem</span> <span class='ocrx_word' id='word_1_50' title='bbox 1041 536 1167 563; x_wconf 78' lang='lat' dir='ltr'>meam</span> <span class='ocrx_word' id='word_1_51' title='bbox 1200 530 1238 563; x_wconf 82' lang='lat' dir='ltr'>et</span> <span class='ocrx_word' id='word_1_52' title='bbox 1268 525 1367 563; x_wconf 73' lang='lat' dir='ltr'>bibit</span> <span class='ocrx_word' id='word_1_53' title='bbox 1391 532 1410 561; x_wconf 87' lang='lat'>5</span> 
     </span>
     <span class='ocr_line' id='line_1_7' title="bbox 31 582 1366 629; baseline 0.001 -10"><span class='ocrx_word' id='word_1_54' title='bbox 31 583 266 629; x_wconf 69' lang='lat' dir='ltr'>sanquinem</span> <span class='ocrx_word' id='word_1_55' title='bbox 298 592 444 629; x_wconf 84' lang='lat' dir='ltr'>meum,</span> <span class='ocrx_word' id='word_1_56' title='bbox 476 584 517 619; x_wconf 70' lang='lat' dir='ltr'>in</span> <span class='ocrx_word' id='word_1_57' title='bbox 548 592 608 620; x_wconf 83' lang='lat' dir='ltr'>me</span> <span class='ocrx_word' id='word_1_58' title='bbox 639 586 787 629; x_wconf 78' lang='lat' dir='ltr'>manet,</span> <span class='ocrx_word' id='word_1_59' title='bbox 821 587 859 620; x_wconf 80' lang='lat' dir='ltr'>et</span> <span class='ocrx_word' id='word_1_60' title='bbox 890 594 961 629; x_wconf 70' lang='lat' dir='ltr'>eqo</span> <span class='ocrx_word' id='word_1_61' title='bbox 994 585 1035 620; x_wconf 67' lang='lat' dir='ltr'>in</span> <span class='ocrx_word' id='word_1_62' title='bbox 1067 594 1122 621; x_wconf 82' lang='lat' dir='ltr'>eo.</span> <span class='ocrx_word' id='word_1_63' title='bbox 1186 582 1366 621; x_wconf 82' lang='lat' dir='ltr'>Ostendit</span> 
     </span>
     <span class='ocr_line' id='line_1_8' title="bbox 32 639 1365 691; baseline 0.001 -14"><span class='ocrx_word' id='word_1_64' title='bbox 32 639 125 689; x_wconf 88' lang='lat' dir='ltr'>quid</span> <span class='ocrx_word' id='word_1_65' title='bbox 151 640 202 677; x_wconf 92' lang='lat' dir='ltr'>sit</span> <span class='ocrx_word' id='word_1_66' title='bbox 232 651 310 677; x_wconf 86' lang='lat' dir='ltr'>nou</span> <span class='ocrx_word' id='word_1_67' title='bbox 336 644 577 677; x_wconf 85' lang='lat' dir='ltr'>sacramento</span> <span class='ocrx_word' id='word_1_68' title='bbox 602 644 729 690; x_wconf 85' lang='lat' dir='ltr'>tenus,</span> <span class='ocrx_word' id='word_1_69' title='bbox 761 640 827 678; x_wconf 91' lang='lat' dir='ltr'>sed</span> <span class='ocrx_word' id='word_1_70' title='bbox 855 652 897 678; x_wconf 86' lang='lat' dir='ltr'>re</span> <span class='ocrx_word' id='word_1_71' title='bbox 929 652 1019 678; x_wconf 86' lang='lat' dir='ltr'>vera</span> <span class='ocrx_word' id='word_1_72' title='bbox 1051 653 1194 691; x_wconf 82' lang='lat' dir='ltr'>corpus</span> <span class='ocrx_word' id='word_1_73' title='bbox 1221 640 1365 679; x_wconf 81' lang='lat' dir='ltr'>Christi</span> 
     </span>
     <span class='ocr_line' id='line_1_9' title="bbox 32 697 1365 750; baseline 0.001 -15"><span class='ocrx_word' id='word_1_74' title='bbox 32 697 266 736; x_wconf 85' lang='lat' dir='ltr'>manducare</span> <span class='ocrx_word' id='word_1_75' title='bbox 303 702 343 735; x_wconf 90' lang='lat' dir='ltr'>et</span> <span class='ocrx_word' id='word_1_76' title='bbox 383 698 466 735; x_wconf 87' lang='lat' dir='ltr'>eius</span> <span class='ocrx_word' id='word_1_77' title='bbox 508 699 736 747; x_wconf 83' lang='lat' dir='ltr'>sanguinem</span> <span class='ocrx_word' id='word_1_78' title='bbox 776 697 928 750; x_wconf 70' lang='lat' dir='ltr'>bibere,</span> <span class='ocrx_word' id='word_1_79' title='bbox 972 698 1045 736; x_wconf 86' lang='grc'><strong>1100</strong></span> <span class='ocrx_word' id='word_1_80' title='bbox 1085 705 1144 736; x_wconf 88' lang='lat' dir='ltr'>est</span> <span class='ocrx_word' id='word_1_81' title='bbox 1182 700 1286 737; x_wconf 87' lang='lat' dir='ltr'>enim</span> <span class='ocrx_word' id='word_1_82' title='bbox 1326 700 1365 737; x_wconf 91' lang='lat' dir='ltr'>in</span> 
     </span>
     <span class='ocr_line' id='line_1_10' title="bbox 33 755 1365 803; baseline 0.002 -10"><span class='ocrx_word' id='word_1_83' title='bbox 33 755 186 794; x_wconf 86' lang='lat' dir='ltr'>Christo</span> <span class='ocrx_word' id='word_1_84' title='bbox 219 767 388 803; x_wconf 80' lang='lat' dir='ltr'>manere,</span> <span class='ocrx_word' id='word_1_85' title='bbox 420 760 464 794; x_wconf 92' lang='lat' dir='ltr'>ut</span> <span class='ocrx_word' id='word_1_86' title='bbox 493 757 534 793; x_wconf 92' lang='lat' dir='ltr'>in</span> <span class='ocrx_word' id='word_1_87' title='bbox 565 756 630 794; x_wconf 94' lang='lat' dir='ltr'>illo</span> <span class='ocrx_word' id='word_1_88' title='bbox 663 762 816 794; x_wconf 83' lang='lat' dir='ltr'>maneat</span> <span class='ocrx_word' id='word_1_89' title='bbox 847 762 886 794; x_wconf 87' lang='lat' dir='ltr'>et</span> <span class='ocrx_word' id='word_1_90' title='bbox 913 755 1102 795; x_wconf 88' lang='lat' dir='ltr'>Christus.</span> <span class='ocrx_word' id='word_1_91' title='bbox 1166 756 1229 795; x_wconf 90' lang='lat' dir='ltr'>Sic</span> <span class='ocrx_word' id='word_1_92' title='bbox 1262 758 1365 795; x_wconf 88' lang='lat' dir='ltr'>enim</span> 
     </span>
     <span class='ocr_line' id='line_1_11' title="bbox 31 813 1435 867; baseline 0.001 -16"><span class='ocrx_word' id='word_1_93' title='bbox 31 813 105 852; x_wconf 91' lang='grc'><strong>1100</strong></span> <span class='ocrx_word' id='word_1_94' title='bbox 143 813 255 865; x_wconf 84' lang='lat' dir='ltr'>dixit,</span> <span class='ocrx_word' id='word_1_95' title='bbox 293 819 489 864; x_wconf 80' lang='lat' dir='ltr'>tamquam</span> <span class='ocrx_word' id='word_1_96' title='bbox 527 813 692 853; x_wconf 83' lang='lat' dir='ltr'>diceret:</span> <span class='ocrx_word' id='word_1_97' title='bbox 728 814 836 865; x_wconf 90' lang='lat' dir='ltr'>„Qui</span> <span class='ocrx_word' id='word_1_98' title='bbox 868 826 946 852; x_wconf 89' lang='lat' dir='ltr'>non</span> <span class='ocrx_word' id='word_1_99' title='bbox 978 816 1017 853; x_wconf 94' lang='lat' dir='ltr'>in</span> <span class='ocrx_word' id='word_1_100' title='bbox 1049 827 1111 853; x_wconf 89' lang='lat' dir='ltr'>me</span> <span class='ocrx_word' id='word_1_101' title='bbox 1143 821 1290 867; x_wconf 88' lang='lat' dir='ltr'>manet,</span> <span class='ocrx_word' id='word_1_102' title='bbox 1327 821 1366 853; x_wconf 86' lang='lat' dir='ltr'>et</span> <span class='ocrx_word' id='word_1_103' title='bbox 1394 822 1435 853; x_wconf 89' lang='lat'>10</span> 
     </span>
     <span class='ocr_line' id='line_1_12' title="bbox 32 873 1366 923; baseline 0.001 -14"><span class='ocrx_word' id='word_1_104' title='bbox 32 873 72 909; x_wconf 91' lang='lat' dir='ltr'>in</span> <span class='ocrx_word' id='word_1_105' title='bbox 104 884 180 922; x_wconf 90' lang='lat' dir='ltr'>quo</span> <span class='ocrx_word' id='word_1_106' title='bbox 214 884 284 922; x_wconf 81' lang='lat' dir='ltr'>ego</span> <span class='ocrx_word' id='word_1_107' title='bbox 318 884 395 910; x_wconf 93' lang='lat' dir='ltr'>non</span> <span class='ocrx_word' id='word_1_108' title='bbox 427 884 581 923; x_wconf 86' lang='lat' dir='ltr'>maneo,</span> <span class='ocrx_word' id='word_1_109' title='bbox 620 885 696 910; x_wconf 90' lang='lat' dir='ltr'>non</span> <span class='ocrx_word' id='word_1_110' title='bbox 729 885 770 910; x_wconf 88' lang='lat' dir='ltr'>se</span> <span class='ocrx_word' id='word_1_111' title='bbox 803 873 905 911; x_wconf 88' lang='lat' dir='ltr'>dicat</span> <span class='ocrx_word' id='word_1_112' title='bbox 936 879 1002 911; x_wconf 87' lang='lat' dir='ltr'>aut</span> <span class='ocrx_word' id='word_1_113' title='bbox 1034 875 1230 911; x_wconf 87' lang='lat' dir='ltr'>existimet</span> <span class='ocrx_word' id='word_1_114' title='bbox 1261 885 1366 911; x_wconf 86' lang='lat' dir='ltr'>man-</span> 
     </span>
     <span class='ocr_line' id='line_1_13' title="bbox 33 929 1366 981; baseline 0.002 -14"><span class='ocrx_word' id='word_1_115' title='bbox 33 930 176 968; x_wconf 88' lang='lat' dir='ltr'>ducare</span> <span class='ocrx_word' id='word_1_116' title='bbox 209 942 352 980; x_wconf 86' lang='lat' dir='ltr'>corpus</span> <span class='ocrx_word' id='word_1_117' title='bbox 384 942 514 968; x_wconf 89' lang='lat' dir='ltr'>meum</span> <span class='ocrx_word' id='word_1_118' title='bbox 541 936 606 968; x_wconf 85' lang='lat' dir='ltr'>aut</span> <span class='ocrx_word' id='word_1_119' title='bbox 637 930 771 968; x_wconf 86' lang='lat' dir='ltr'>bibere</span> <span class='ocrx_word' id='word_1_120' title='bbox 805 933 1033 981; x_wconf 83' lang='lat' dir='ltr'>sanguinem</span> <span class='ocrx_word' id='word_1_121' title='bbox 1064 929 1231 970; x_wconf 79' lang='lat' dir='ltr'>meum.“</span> <span class='ocrx_word' id='word_1_122' title='bbox 1280 931 1366 970; x_wconf 92' lang='lat' dir='ltr'>Non</span> 
     </span>
     <span class='ocr_line' id='line_1_14' title="bbox 32 988 1366 1039; baseline 0.001 -13"><span class='ocrx_word' id='word_1_123' title='bbox 32 989 162 1038; x_wconf 87' lang='lat' dir='ltr'>itaque</span> <span class='ocrx_word' id='word_1_124' title='bbox 207 993 364 1026; x_wconf 87' lang='lat' dir='ltr'>manent</span> <span class='ocrx_word' id='word_1_125' title='bbox 406 990 446 1026; x_wconf 87' lang='lat' dir='ltr'>in</span> <span class='ocrx_word' id='word_1_126' title='bbox 485 988 657 1039; x_wconf 87' lang='lat' dir='ltr'>Christo,</span> <span class='ocrx_word' id='word_1_127' title='bbox 701 990 767 1039; x_wconf 91' lang='lat' dir='ltr'>qui</span> <span class='ocrx_word' id='word_1_128' title='bbox 805 1001 883 1027; x_wconf 90' lang='lat' dir='ltr'>non</span> <span class='ocrx_word' id='word_1_129' title='bbox 922 995 1014 1028; x_wconf 90' lang='lat' dir='ltr'>sunt</span> <span class='ocrx_word' id='word_1_130' title='bbox 1054 989 1227 1027; x_wconf 82' lang='lat' dir='ltr'>membra</span> <span class='ocrx_word' id='word_1_131' title='bbox 1271 991 1366 1028; x_wconf 89' lang='lat' dir='ltr'>eius.</span> 
     </span>
     <span class='ocr_line' id='line_1_15' title="bbox 33 1046 1367 1098; baseline 0.001 -14"><span class='ocrx_word' id='word_1_132' title='bbox 33 1046 118 1084; x_wconf 91' lang='lat' dir='ltr'>Non</span> <span class='ocrx_word' id='word_1_133' title='bbox 152 1051 243 1084; x_wconf 89' lang='lat' dir='ltr'>sunt</span> <span class='ocrx_word' id='word_1_134' title='bbox 274 1052 403 1084; x_wconf 83' lang='lat' dir='ltr'>autem</span> <span class='ocrx_word' id='word_1_135' title='bbox 435 1046 609 1084; x_wconf 85' lang='lat' dir='ltr'>membra</span> <span class='ocrx_word' id='word_1_136' title='bbox 641 1046 803 1098; x_wconf 83' lang='lat' dir='ltr'>Christi,</span> <span class='ocrx_word' id='word_1_137' title='bbox 841 1049 908 1097; x_wconf 88' lang='lat' dir='ltr'>qui</span> <span class='ocrx_word' id='word_1_138' title='bbox 940 1059 981 1085; x_wconf 86' lang='lat' dir='ltr'>se</span> <span class='ocrx_word' id='word_1_139' title='bbox 1014 1049 1161 1086; x_wconf 84' lang='lat' dir='ltr'>faciunt</span> <span class='ocrx_word' id='word_1_140' title='bbox 1192 1048 1367 1086; x_wconf 84' lang='lat' dir='ltr'>membra</span> 
     </span>
     <span class='ocr_line' id='line_1_16' title="bbox 33 1104 1436 1156; baseline 0 -14"><span class='ocrx_word' id='word_1_141' title='bbox 33 1106 263 1156; x_wconf 86' lang='lat' dir='ltr'>meretricis,</span> <span class='ocrx_word' id='word_1_142' title='bbox 296 1106 370 1142; x_wconf 87' lang='lat' dir='ltr'>nisi</span> <span class='ocrx_word' id='word_1_143' title='bbox 396 1104 537 1142; x_wconf 82' lang='lat' dir='ltr'>malum</span> <span class='ocrx_word' id='word_1_144' title='bbox 565 1104 658 1143; x_wconf 91' lang='lat' dir='ltr'>illud</span> <span class='ocrx_word' id='word_1_145' title='bbox 690 1106 922 1156; x_wconf 83' lang='lat' dir='ltr'>paenitendo</span> <span class='ocrx_word' id='word_1_146' title='bbox 955 1117 1040 1144; x_wconf 91' lang='lat' dir='ltr'>esse</span> <span class='ocrx_word' id='word_1_147' title='bbox 1074 1106 1297 1144; x_wconf 84' lang='lat' dir='ltr'>destiterint</span> <span class='ocrx_word' id='word_1_148' title='bbox 1329 1112 1368 1144; x_wconf 91' lang='lat' dir='ltr'>et</span> <span class='ocrx_word' id='word_1_149' title='bbox 1395 1113 1436 1142; x_wconf 82' lang='lat'>15</span> 
     </span>
     <span class='ocr_line' id='line_1_17' title="bbox 33 1162 943 1201; baseline 0.001 -1"><span class='ocrx_word' id='word_1_150' title='bbox 33 1163 80 1200; x_wconf 88' lang='lat' dir='ltr'>ad</span> <span class='ocrx_word' id='word_1_151' title='bbox 112 1163 185 1201; x_wconf 92' lang='lat' dir='ltr'>hoc</span> <span class='ocrx_word' id='word_1_152' title='bbox 217 1162 363 1200; x_wconf 89' lang='lat' dir='ltr'>honum</span> <span class='ocrx_word' id='word_1_153' title='bbox 395 1162 710 1201; x_wconf 78' lang='lat' dir='ltr'>reconciliatione</span> <span class='ocrx_word' id='word_1_154' title='bbox 743 1163 943 1201; x_wconf 83' lang='lat' dir='ltr'>redierint.</span> 
     </span>
    </p>
   </div>
   <div class='ocr_carea' id='block_1_3' title="bbox 531 1286 868 1331">
    <p class='ocr_par' dir='ltr' id='par_1_3' title="bbox 531 1286 868 1331">
     <span class='ocr_line' id='line_1_18' title="bbox 531 1286 868 1331; baseline 0.006 -2"><span class='ocrx_word' id='word_1_155' title='bbox 531 1286 682 1329; x_wconf 79' lang='lat' dir='ltr'>CAPUT</span> <span class='ocrx_word' id='word_1_156' title='bbox 714 1288 868 1331; x_wconf 84' lang='lat' dir='ltr'>XXVI.</span> 
     </span>
    </p>
   </div>
   <div class='ocr_carea' id='block_1_4' title="bbox 42 1371 1367 1480">
    <p class='ocr_par' dir='ltr' id='par_1_4' title="bbox 42 1371 1367 1480">
     <span class='ocr_line' id='line_1_19' title="bbox 42 1371 1367 1422; baseline 0.002 -13"><span class='ocrx_word' id='word_1_157' title='bbox 42 1373 146 1418; x_wconf 68' lang='lat' dir='ltr'>Quid</span> <span class='ocrx_word' id='word_1_158' title='bbox 168 1373 219 1409; x_wconf 74' lang='lat' dir='ltr'>sit</span> <span class='ocrx_word' id='word_1_159' title='bbox 244 1373 284 1410; x_wconf 75' lang='lat' dir='ltr'>in</span> <span class='ocrx_word' id='word_1_160' title='bbox 313 1371 574 1419; x_wconf 74' lang='lat' dir='ltr'>fundamento</span> <span class='ocrx_word' id='word_1_161' title='bbox 609 1373 759 1411; x_wconf 75' lang='lat' dir='ltr'>habere</span> <span class='ocrx_word' id='word_1_162' title='bbox 789 1373 986 1411; x_wconf 74' lang='lat' dir='ltr'>Christum</span> <span class='ocrx_word' id='word_1_163' title='bbox 1018 1378 1057 1412; x_wconf 79' lang='lat' dir='ltr'>et</span> <span class='ocrx_word' id='word_1_164' title='bbox 1080 1374 1222 1421; x_wconf 73' lang='lat' dir='ltr'>quibus</span> <span class='ocrx_word' id='word_1_165' title='bbox 1253 1386 1367 1422; x_wconf 76' lang='lat' dir='ltr'>spon-</span> 
     </span>
     <span class='ocr_line' id='line_1_20' title="bbox 255 1431 1146 1480; baseline 0.001 -12"><span class='ocrx_word' id='word_1_166' title='bbox 255 1431 400 1468; x_wconf 80' lang='lat' dir='ltr'>deatur</span> <span class='ocrx_word' id='word_1_167' title='bbox 430 1433 538 1468; x_wconf 75' lang='lat' dir='ltr'>salus</span> <span class='ocrx_word' id='word_1_168' title='bbox 570 1432 688 1478; x_wconf 76' lang='lat' dir='ltr'>quasi</span> <span class='ocrx_word' id='word_1_169' title='bbox 713 1443 789 1480; x_wconf 81' lang='lat' dir='ltr'>per</span> <span class='ocrx_word' id='word_1_170' title='bbox 820 1433 923 1479; x_wconf 67' lang='lat' dir='ltr'>igniis</span> <span class='ocrx_word' id='word_1_171' title='bbox 955 1436 1146 1469; x_wconf 70' lang='lat' dir='ltr'>usturam.</span> 
     </span>
    </p>
   </div>
   <div class='ocr_carea' id='block_1_5' title="bbox 34 1511 1440 2143">
    <p class='ocr_par' dir='ltr' id='par_1_5' title="bbox 34 1511 1440 2143">
     <span class='ocr_line' id='line_1_21' title="bbox 154 1511 1438 1563; baseline 0.002 -15"><span class='ocrx_word' id='word_1_172' title='bbox 154 1511 229 1549; x_wconf 87' lang='lat' dir='ltr'>Sed</span> <span class='ocrx_word' id='word_1_173' title='bbox 268 1511 430 1562; x_wconf 87' lang='lat' dir='ltr'>habent,</span> <span class='ocrx_word' id='word_1_174' title='bbox 467 1513 667 1563; x_wconf 89' lang='lat' dir='ltr'>inquiunt,</span> <span class='ocrx_word' id='word_1_175' title='bbox 705 1511 913 1550; x_wconf 83' lang='lat' dir='ltr'>Christiani</span> <span class='ocrx_word' id='word_1_176' title='bbox 949 1512 1127 1551; x_wconf 83' lang='lat' dir='ltr'>catholici</span> <span class='ocrx_word' id='word_1_177' title='bbox 1159 1514 1197 1551; x_wconf 91' lang='lat' dir='ltr'>in</span> <span class='ocrx_word' id='word_1_178' title='bbox 1230 1512 1365 1551; x_wconf 88' lang='lat' dir='ltr'>sunda·</span> <span class='ocrx_word' id='word_1_179' title='bbox 1394 1521 1438 1551; x_wconf 80' lang='lat'>20</span> 
     </span>
     <span class='ocr_line' id='line_1_22' title="bbox 35 1568 1368 1622; baseline 0.001 -14"><span class='ocrx_word' id='word_1_180' title='bbox 35 1574 167 1608; x_wconf 85' lang='lat' dir='ltr'>mento</span> <span class='ocrx_word' id='word_1_181' title='bbox 195 1568 404 1620; x_wconf 85' lang='lat' dir='ltr'>Christum,</span> <span class='ocrx_word' id='word_1_182' title='bbox 436 1581 457 1607; x_wconf 85' lang='lat' dir='ltr'>a</span> <span class='ocrx_word' id='word_1_183' title='bbox 485 1571 596 1607; x_wconf 90' lang='lat' dir='ltr'>cuius</span> <span class='ocrx_word' id='word_1_184' title='bbox 629 1571 776 1608; x_wconf 85' lang='lat' dir='ltr'>unitate</span> <span class='ocrx_word' id='word_1_185' title='bbox 809 1582 887 1609; x_wconf 92' lang='lat' dir='ltr'>non</span> <span class='ocrx_word' id='word_1_186' title='bbox 918 1576 1182 1622; x_wconf 86' lang='lat' dir='ltr'>recesserunt,</span> <span class='ocrx_word' id='word_1_187' title='bbox 1214 1572 1368 1609; x_wconf 87' lang='lat' dir='ltr'>tametsi</span> 
     </span>
     <span class='ocr_line' id='line_1_23' title="bbox 34 1627 1368 1679; baseline 0.001 -13"><span class='ocrx_word' id='word_1_188' title='bbox 34 1628 125 1666; x_wconf 89' lang='lat' dir='ltr'>huic</span> <span class='ocrx_word' id='word_1_189' title='bbox 163 1627 413 1666; x_wconf 83' lang='lat' dir='ltr'>fundamento</span> <span class='ocrx_word' id='word_1_190' title='bbox 451 1628 872 1678; x_wconf 82' lang='lat' dir='ltr'>superaedificaverunt</span> <span class='ocrx_word' id='word_1_191' title='bbox 910 1628 1122 1679; x_wconf 82' lang='lat' dir='ltr'>quamlibet</span> <span class='ocrx_word' id='word_1_192' title='bbox 1160 1630 1368 1679; x_wconf 82' lang='lat' dir='ltr'>pessimam</span> 
     </span>
     <span class='ocr_line' id='line_1_24' title="bbox 35 1685 1368 1739; baseline 0.002 -16"><span class='ocrx_word' id='word_1_193' title='bbox 35 1688 168 1737; x_wconf 86' lang='lat' dir='ltr'>vitam,</span> <span class='ocrx_word' id='word_1_194' title='bbox 212 1686 317 1724; x_wconf 86' lang='lat' dir='ltr'>velut</span> <span class='ocrx_word' id='word_1_195' title='bbox 354 1685 474 1737; x_wconf 82' lang='lat' dir='ltr'>ligna,</span> <span class='ocrx_word' id='word_1_196' title='bbox 518 1686 668 1737; x_wconf 90' lang='lat' dir='ltr'>fenum,</span> <span class='ocrx_word' id='word_1_197' title='bbox 706 1686 905 1738; x_wconf 86' lang='lat' dir='ltr'>stipula1n3</span> <span class='ocrx_word' id='word_1_198' title='bbox 944 1692 1050 1725; x_wconf 85' lang='lat' dir='ltr'>recta</span> <span class='ocrx_word' id='word_1_199' title='bbox 1088 1688 1219 1736; x_wconf 86' lang='lat' dir='ltr'>itaque</span> <span class='ocrx_word' id='word_1_200' title='bbox 1260 1686 1368 1739; x_wconf 87' lang='lat' dir='ltr'>fides,</span> 
     </span>
     <span class='ocr_line' id='line_1_25' title="bbox 34 1743 1368 1797; baseline 0.001 -16"><span class='ocrx_word' id='word_1_201' title='bbox 34 1756 106 1795; x_wconf 87' lang='lat' dir='ltr'>per</span> <span class='ocrx_word' id='word_1_202' title='bbox 133 1756 246 1794; x_wconf 86' lang='lat' dir='ltr'>quam</span> <span class='ocrx_word' id='word_1_203' title='bbox 274 1743 451 1782; x_wconf 84' lang='lat' dir='ltr'>Christus</span> <span class='ocrx_word' id='word_1_204' title='bbox 477 1749 537 1782; x_wconf 90' lang='lat' dir='ltr'>est</span> <span class='ocrx_word' id='word_1_205' title='bbox 562 1744 868 1796; x_wconf 83' lang='lat' dir='ltr'>fundamentum,</span> <span class='ocrx_word' id='word_1_206' title='bbox 901 1746 1074 1795; x_wconf 90' lang='lat' dir='ltr'>quamvis</span> <span class='ocrx_word' id='word_1_207' title='bbox 1101 1757 1189 1783; x_wconf 90' lang='lat' dir='ltr'>cum</span> <span class='ocrx_word' id='word_1_208' title='bbox 1216 1745 1368 1797; x_wconf 80' lang='lat' dir='ltr'>damno,</span> 
     </span>
     <span class='ocr_line' id='line_1_26' title="bbox 35 1801 1437 1855; baseline 0.002 -16"><span class='ocrx_word' id='word_1_209' title='bbox 35 1804 219 1853; x_wconf 88' lang='lat' dir='ltr'>quoniam</span> <span class='ocrx_word' id='word_1_210' title='bbox 249 1801 333 1853; x_wconf 86' lang='lat' dir='ltr'>illa,</span> <span class='ocrx_word' id='word_1_211' title='bbox 365 1814 462 1852; x_wconf 88' lang='lat' dir='ltr'>quae</span> <span class='ocrx_word' id='word_1_212' title='bbox 496 1802 814 1853; x_wconf 81' lang='lat' dir='ltr'>superaedificata</span> <span class='ocrx_word' id='word_1_213' title='bbox 846 1809 949 1855; x_wconf 89' lang='lat' dir='ltr'>sunt,</span> <span class='ocrx_word' id='word_1_214' title='bbox 981 1809 1207 1855; x_wconf 87' lang='lat' dir='ltr'>exurentur,</span> <span class='ocrx_word' id='word_1_215' title='bbox 1238 1809 1368 1842; x_wconf 82' lang='lat' dir='ltr'>tamen</span> <span class='ocrx_word' id='word_1_216' title='bbox 1394 1812 1437 1843; x_wconf 84' lang='lat'>25</span> 
     </span>
     <span class='ocr_line' id='line_1_27' title="bbox 35 1860 1368 1912; baseline 0.002 -14"><span class='ocrx_word' id='word_1_217' title='bbox 35 1862 180 1911; x_wconf 88' lang='lat' dir='ltr'>poterit</span> <span class='ocrx_word' id='word_1_218' title='bbox 213 1872 279 1898; x_wconf 90' lang='lat' dir='ltr'>eos</span> <span class='ocrx_word' id='word_1_219' title='bbox 307 1860 537 1910; x_wconf 85' lang='lat' dir='ltr'>quandoque</span> <span class='ocrx_word' id='word_1_220' title='bbox 571 1860 617 1898; x_wconf 86' lang='lat' dir='ltr'>ab</span> <span class='ocrx_word' id='word_1_221' title='bbox 649 1860 752 1899; x_wconf 92' lang='lat' dir='ltr'>illius</span> <span class='ocrx_word' id='word_1_222' title='bbox 784 1863 884 1911; x_wconf 86' lang='lat' dir='ltr'>ignis</span> <span class='ocrx_word' id='word_1_223' title='bbox 916 1863 1177 1912; x_wconf 83' lang='lat' dir='ltr'>perpetuitate</span> <span class='ocrx_word' id='word_1_224' title='bbox 1210 1861 1368 1900; x_wconf 84' lang='lat' dir='ltr'>salvare.</span> 
     </span>
     <span class='ocr_line' id='line_1_28' title="bbox 36 1918 1371 1970; baseline 0.001 -14"><span class='ocrx_word' id='word_1_225' title='bbox 36 1918 283 1969; x_wconf 84' lang='lat' dir='ltr'>Respondeat</span> <span class='ocrx_word' id='word_1_226' title='bbox 321 1919 376 1956; x_wconf 86' lang='lat' dir='ltr'>eis</span> <span class='ocrx_word' id='word_1_227' title='bbox 414 1918 585 1956; x_wconf 85' lang='lat' dir='ltr'>breviter</span> <span class='ocrx_word' id='word_1_228' title='bbox 617 1919 814 1970; x_wconf 89' lang='lat' dir='ltr'>apostolus</span> <span class='ocrx_word' id='word_1_229' title='bbox 846 1919 1026 1958; x_wconf 83' lang='lat' dir='ltr'>Iacobus:</span> <span class='ocrx_word' id='word_1_230' title='bbox 1065 1920 1110 1958; x_wconf 69' lang='lat' dir='ltr'>Sa·</span> <span class='ocrx_word' id='word_1_231' title='bbox 1140 1922 1226 1967; x_wconf 73' lang='lat' dir='ltr'>quis</span> <span class='ocrx_word' id='word_1_232' title='bbox 1259 1922 1371 1959; x_wconf 74' lang='lat' dir='ltr'>dicat</span> 
     </span>
     <span class='ocr_line' id='line_1_29' title="bbox 34 1977 1367 2027; baseline 0.001 -12"><span class='ocrx_word' id='word_1_233' title='bbox 34 1989 77 2015; x_wconf 81' lang='lat' dir='ltr'>se</span> <span class='ocrx_word' id='word_1_234' title='bbox 104 1979 224 2023; x_wconf 75' lang='lat' dir='ltr'>fidem</span> <span class='ocrx_word' id='word_1_235' title='bbox 255 1977 415 2023; x_wconf 74' lang='lat' dir='ltr'>habere,</span> <span class='ocrx_word' id='word_1_236' title='bbox 447 1988 571 2025; x_wconf 78' lang='lat' dir='ltr'>opera</span> <span class='ocrx_word' id='word_1_237' title='bbox 603 1982 734 2016; x_wconf 81' lang='lat' dir='ltr'>autem</span> <span class='ocrx_word' id='word_1_238' title='bbox 766 1989 844 2017; x_wconf 81' lang='lat' dir='ltr'>non</span> <span class='ocrx_word' id='word_1_239' title='bbox 876 1979 1032 2026; x_wconf 76' lang='lat' dir='ltr'>habeat,</span> <span class='ocrx_word' id='word_1_240' title='bbox 1064 1980 1258 2026; x_wconf 75' lang='lat' dir='ltr'>numquid</span> <span class='ocrx_word' id='word_1_241' title='bbox 1282 1983 1367 2027; x_wconf 76' lang='lat' dir='ltr'>pot-</span> 
     </span>
     <span class='ocr_line' id='line_1_30' title="bbox 36 2035 1368 2088; baseline 0.001 -15"><span class='ocrx_word' id='word_1_242' title='bbox 36 2037 114 2073; x_wconf 76' lang='lat' dir='ltr'>erit</span> <span class='ocrx_word' id='word_1_243' title='bbox 149 2036 252 2081; x_wconf 74' lang='lat' dir='ltr'>fides</span> <span class='ocrx_word' id='word_1_244' title='bbox 281 2037 441 2074; x_wconf 81' lang='lat' dir='ltr'>salvare</span> <span class='ocrx_word' id='word_1_245' title='bbox 472 2038 586 2074; x_wconf 81' lang='lat' dir='ltr'>eum?</span> <span class='ocrx_word' id='word_1_246' title='bbox 647 2035 696 2074; x_wconf 89' lang='lat' dir='ltr'>Et</span> <span class='ocrx_word' id='word_1_247' title='bbox 733 2037 819 2086; x_wconf 93' lang='lat' dir='ltr'>quis</span> <span class='ocrx_word' id='word_1_248' title='bbox 858 2042 937 2087; x_wconf 90' lang='lat' dir='ltr'>est,</span> <span class='ocrx_word' id='word_1_249' title='bbox 975 2037 1173 2088; x_wconf 87' lang='lat' dir='ltr'>inquiunt,</span> <span class='ocrx_word' id='word_1_250' title='bbox 1211 2036 1258 2074; x_wconf 89' lang='lat' dir='ltr'>de</span> <span class='ocrx_word' id='word_1_251' title='bbox 1292 2048 1368 2087; x_wconf 92' lang='lat' dir='ltr'>quo</span> 
     </span>
     <span class='ocr_line' id='line_1_31' title="bbox 35 2092 1440 2143; baseline 0.003 -13"><span class='ocrx_word' id='word_1_252' title='bbox 35 2092 130 2130; x_wconf 90' lang='lat' dir='ltr'>dicit</span> <span class='ocrx_word' id='word_1_253' title='bbox 161 2092 357 2143; x_wconf 84' lang='lat' dir='ltr'>apostolus</span> <span class='ocrx_word' id='word_1_254' title='bbox 388 2092 548 2132; x_wconf 88' lang='lat' dir='ltr'>Paulus:</span> <span class='ocrx_word' id='word_1_255' title='bbox 581 2094 671 2142; x_wconf 77' lang='lat' dir='ltr'>Ipse</span> <span class='ocrx_word' id='word_1_256' title='bbox 701 2100 833 2133; x_wconf 79' lang='lat' dir='ltr'>aulem</span> <span class='ocrx_word' id='word_1_257' title='bbox 864 2097 996 2133; x_wconf 80' lang='lat' dir='ltr'>salvus</span> <span class='ocrx_word' id='word_1_258' title='bbox 1029 2097 1116 2141; x_wconf 77' lang='lat' dir='ltr'>erit,</span> <span class='ocrx_word' id='word_1_259' title='bbox 1147 2097 1206 2133; x_wconf 76' lang='lat' dir='ltr'>sic</span> <span class='ocrx_word' id='word_1_260' title='bbox 1239 2099 1369 2133; x_wconf 81' lang='lat' dir='ltr'>tamen</span> <span class='ocrx_word' id='word_1_261' title='bbox 1395 2103 1440 2134; x_wconf 91' lang='lat'>30</span> 
     </span>
    </p>
   </div>
   <div class='ocr_carea' id='block_1_6' title="bbox 37 2180 1368 2271">
    <p class='ocr_par' dir='ltr' id='par_1_6' title="bbox 37 2180 1368 2271">
     <span class='ocr_line' id='line_1_32' title="bbox 132 2180 1368 2227; baseline 0.003 -13"><span class='ocrx_word' id='word_1_262' title='bbox 132 2183 165 2223; x_wconf 88' lang='lat'>1)</span> <span class='ocrx_word' id='word_1_263' title='bbox 194 2185 223 2215; x_wconf 91' lang='lat'>1.</span> <span class='ocrx_word' id='word_1_264' title='bbox 251 2180 332 2214; x_wconf 81' lang='lat' dir='ltr'>Cor.</span> <span class='ocrx_word' id='word_1_265' title='bbox 361 2184 420 2224; x_wconf 89' lang='lat'>13,</span> <span class='ocrx_word' id='word_1_266' title='bbox 452 2185 490 2219; x_wconf 76' lang='lat'>4:</span> <span class='ocrx_word' id='word_1_267' title='bbox 518 2182 621 2215; x_wconf 84' lang='lat' dir='ltr'>Rom.</span> <span class='ocrx_word' id='word_1_268' title='bbox 656 2187 714 2225; x_wconf 90' lang='lat'>13,</span> <span class='ocrx_word' id='word_1_269' title='bbox 751 2187 803 2217; x_wconf 92' lang='lat'>10.</span> <span class='ocrx_word' id='word_1_270' title='bbox 854 2186 888 2225; x_wconf 88' lang='lat'>4)</span> <span class='ocrx_word' id='word_1_271' title='bbox 917 2188 946 2218; x_wconf 91' lang='grc'>1.</span> <span class='ocrx_word' id='word_1_272' title='bbox 974 2183 1050 2218; x_wconf 87' lang='lat' dir='ltr'>Cor.</span> <span class='ocrx_word' id='word_1_273' title='bbox 1080 2188 1118 2225; x_wconf 84' lang='lat'>6,</span> <span class='ocrx_word' id='word_1_274' title='bbox 1154 2187 1206 2217; x_wconf 84' lang='lat'>15.</span> <span class='ocrx_word' id='word_1_275' title='bbox 1258 2185 1292 2227; x_wconf 87' lang='grc'>6)</span> <span class='ocrx_word' id='word_1_276' title='bbox 1319 2184 1368 2218; x_wconf 83' lang='lat' dir='ltr'>lo.</span> 
     </span>
     <span class='ocr_line' id='line_1_33' title="bbox 37 2226 496 2271; baseline -0.002 -9"><span class='ocrx_word' id='word_1_277' title='bbox 37 2232 69 2270; x_wconf 82' lang='lat'>6,</span> <span class='ocrx_word' id='word_1_278' title='bbox 97 2231 150 2262; x_wconf 80' lang='lat'>56.</span> <span class='ocrx_word' id='word_1_279' title='bbox 200 2228 258 2271; x_wconf 77' lang='lat'>29)</span> <span class='ocrx_word' id='word_1_280' title='bbox 285 2226 355 2262; x_wconf 77' lang='lat' dir='ltr'>Iac.</span> <span class='ocrx_word' id='word_1_281' title='bbox 383 2231 414 2269; x_wconf 77' lang='lat'>2,</span> <span class='ocrx_word' id='word_1_282' title='bbox 443 2231 496 2261; x_wconf 78' lang='lat'>14.</span> 
     </span>
    </p>
   </div>
   <div class='ocr_carea' id='block_1_7' title="bbox 37 2311 194 2314">
    <p class='ocr_par' dir='ltr' id='par_1_7' title="bbox 37 2311 194 2314">
     <span class='ocr_line' id='line_1_34' title="bbox 37 2311 194 2314; baseline 0 0"><span class='ocrx_word' id='word_1_283' title='bbox 37 2311 194 2314; x_wconf 95' lang='lat' dir='ltr'> </span> 
     </span>
    </p>
   </div>
   <div class='ocr_carea' id='block_1_8' title="bbox 196 2312 316 2314">
    <p class='ocr_par' dir='ltr' id='par_1_8' title="bbox 196 2312 316 2314">
     <span class='ocr_line' id='line_1_35' title="bbox 196 2312 316 2314; baseline 0 0"><span class='ocrx_word' id='word_1_284' title='bbox 196 2312 316 2314; x_wconf 95' lang='lat' dir='ltr'> </span> 
     </span>
    </p>
   </div>
   <div class='ocr_carea' id='block_1_9' title="bbox 131 2354 958 2401">
    <p class='ocr_par' dir='ltr' id='par_1_9' title="bbox 131 2354 958 2401">
     <span class='ocr_line' id='line_1_36' title="bbox 131 2354 958 2401; baseline 0.004 -13"><span class='ocrx_word' id='word_1_285' title='bbox 131 2359 150 2389; x_wconf 87' lang='lat'>5</span> <span class='ocrx_word' id='word_1_286' title='bbox 178 2354 268 2389; x_wconf 71' lang='lat' dir='ltr'>dicit</span> <span class='ocrx_word' id='word_1_287' title='bbox 293 2354 385 2397; x_wconf 86' lang='lat' dir='ltr'>RA,-</span> <span class='ocrx_word' id='word_1_288' title='bbox 410 2355 533 2390; x_wconf 78' lang='lat' dir='ltr'>dicens</span> <span class='ocrx_word' id='word_1_289' title='bbox 557 2367 578 2390; x_wconf 78' lang='lat' dir='ltr'><em>v</em></span> <span class='ocrx_word' id='word_1_290' title='bbox 598 2358 609 2400; x_wconf 84' lang='grc' dir='ltr'><strong>Η</strong></span> <span class='ocrx_word' id='word_1_291' title='bbox 631 2361 672 2391; x_wconf 86' lang='grc'>11</span> <span class='ocrx_word' id='word_1_292' title='bbox 700 2367 767 2401; x_wconf 87' lang='lat' dir='ltr'>ego</span> <span class='ocrx_word' id='word_1_293' title='bbox 795 2367 859 2391; x_wconf 88' lang='lat' dir='ltr'>om.</span> <span class='ocrx_word' id='word_1_294' title='bbox 885 2357 958 2391; x_wconf 77' lang='grc' dir='ltr'>ΒΑ</span> 
     </span>
    </p>
   </div>
  </div>
 </body>
</html>
