1548 2562
441 109 493 134 DE
514 109 702 134 CIVITATE
721 109 792 134 DEI
810 109 844 134 L.
865 109 929 133 xv.
950 108 978 134 c.
999 109 1041 134 20.
1348 99 1402 139 99

601 239 753 282 CAPUT
778 241 868 283 XX.

72 326 132 363 De
164 337 219 372 eo,
252 327 358 373 quod
393 326 490 362 Cain
522 327 720 363 successio
753 328 793 363 in
826 331 912 367 octo
944 327 994 364 ab
1020 326 1148 363 Adam
1176 328 1403 373 qenerate'o-

72 396 140 422 nes
172 386 395 430 claudetur,
427 388 465 421 et
498 384 537 420 in
565 385 736 431 posteris*
768 385 818 422 ab
851 386 984 423 eodem
1011 389 1132 432 patre
1163 385 1290 422 Adam
1323 385 1405 422 Noe

529 442 704 479 decimus
736 443 946 480 invenitur.

189 522 299 561 Dicet
331 522 486 572 aliquis:
523 521 595 573 „Si
633 522 705 560 hoc
743 522 970 561 intendebat
1001 525 1169 574 scriptor
1200 523 1316 562 huius
1348 523 1403 561 hi-

73 582 214 619 storiae
261 582 299 619 in
345 579 695 618 commemorandis
736 581 1052 631 generationibus
1095 594 1140 620 ex
1178 582 1297 620 Adam
1335 595 1406 633 per

74 639 195 677 filium
228 640 312 677 eius
341 638 446 690 Seth,
479 643 522 676 ut
552 650 622 689 per
654 638 737 676 illas
769 641 991 689 perveniret
1023 640 1068 677 ad
1100 640 1192 692 Noe,
1224 640 1296 679 sub
1330 653 1406 691 quo

72 698 216 736 factum
249 703 309 735 est
340 697 539 748 diluvium,
572 708 591 734 a
624 709 700 747 quo
733 709 872 735 rursus
905 704 1181 737 contexeretur
1214 698 1308 737 ordo
1341 711 1405 737 na-

72 757 281 807 scentium,
320 767 396 806 quo
433 756 657 806 perveniret
694 755 739 793 ad
772 754 983 807 Abraham,
1022 769 1041 794 a
1080 769 1156 806 quo
1188 757 1405 795 Matthaeus

72 813 304 864 evangelista
336 815 473 864 incipit
504 815 793 864 generationes,
835 813 976 863 quibus
1008 814 1054 852 ad
1088 814 1284 853 Christum
1316 828 1403 866 per-

72 874 174 911 venit
214 878 417 910 aeternnm
455 883 587 922 regem
627 873 792 910 civitatis
832 871 916 910 Dei:
964 873 1055 922 quid
1101 873 1327 912 intendebat
1365 876 1404 912 in

70 930 388 981 generationibus
427 942 472 967 ex
513 929 605 967 Cain
650 935 688 968 ct
729 942 805 980 quo
845 942 908 968 eas
946 931 1163 981 perducere
1203 928 1406 970 voleiiat‘?“

71 988 366 1040 Respondetur:
405 987 534 1038 Usque
567 988 612 1025 ad
646 987 853 1040 diluvium,
891 1001 966 1039 quo
1000 995 1124 1027 totum
1156 989 1250 1028 illud
1282 1003 1405 1040 genus

73 1055 250 1086 terrenae
290 1048 455 1085 civitatis
493 1046 741 1096 absumptum
781 1052 856 1098 est,
895 1047 961 1085 sed
1001 1054 1223 1097 reparatum
1263 1054 1321 1087 est
1359 1061 1405 1086 ex

70 1105 157 1144 filiis
189 1105 282 1144 Noe.
344 1105 479 1155 Neque
519 1106 622 1143 enim
656 1104 791 1142 deesse
823 1107 968 1155 poterit
998 1105 1093 1143 haee
1127 1112 1282 1144 terrena
1315 1108 1403 1145 civi-

69 1170 127 1202 tas
166 1165 409 1213 societasque
455 1163 656 1201 hominum
701 1163 916 1201 secundum
959 1163 1156 1202 hominem
1193 1166 1405 1203 viventium

70 1234 192 1272 usque
226 1221 272 1259 ad
305 1221 420 1260 huius
453 1221 597 1259 saeculi
628 1221 762 1272 finem,
796 1221 841 1258 de
876 1234 951 1272 quo
986 1222 1172 1260 Dominus
1205 1225 1273 1262 ait:
1312 1225 1408 1262 Filii

67 1282 221 1319 saecule·
262 1281 380 1318 huius
421 1285 620 1327 §emerant
660 1286 698 1317 et
737 1285 999 1327 qenercmtur.
1065 1280 1269 1319 Civitatem
1313 1295 1404 1319 vero

68 1338 137 1376 Dei
162 1339 477 1389 peregrinantem
503 1339 543 1375 in
574 1337 648 1375 hoc
680 1338 835 1375 saeculo
869 1340 1112 1388 regeneratio
1145 1340 1326 1390 perducit
1358 1341 1403 1379 ad

68 1397 233 1435 alterum
259 1395 468 1447 saeculum,
501 1397 612 1434 cuius
639 1395 705 1433 filii
732 1408 803 1433 nec
830 1402 1017 1446 generant
1049 1409 1121 1435 nec
1154 1404 1402 1448 generantur.

66 1454 137 1493 Hic
176 1466 268 1504 ergo
310 1455 488 1504 generari
530 1460 568 1492 et
605 1466 791 1504 generare
830 1456 974 1493 civitati
1007 1457 1163 1506 utrique
1197 1469 1402 1495 commune

68 1519 144 1564 est3
184 1514 357 1562 quamvis
396 1512 465 1550 Dei
506 1513 638 1550 civitas
678 1512 816 1550 habeat
854 1515 969 1551 etiam
1007 1513 1069 1551 hic
1109 1514 1228 1553 multa
1262 1517 1402 1553 civium

66 1572 188 1622 milia,
226 1583 323 1621 quae
362 1570 408 1608 ab
447 1582 563 1621 opere
603 1570 814 1621 generandi
846 1583 886 1608 se
919 1571 1155 1623 abstineant3
1187 1573 1254 1610 sed
1286 1573 1403 1612 habet

67 1632 182 1668 etiam
208 1629 271 1667 illa
298 1642 343 1667 ex
370 1630 584 1667 imitatione
613 1629 787 1680 quadam,
819 1628 910 1667 licet
942 1631 1167 1668 errantium.
1229 1631 1284 1668 Ad
1318 1643 1402 1670 eam

67 1700 233 1738 namque
271 1689 470 1737 pertinent
502 1688 637 1737 etiam,
677 1688 743 1736 qui
781 1686 979 1725 deviantes
1013 1687 1058 1725 ab
1091 1688 1206 1726 huius
1240 1689 1312 1727 tide
1345 1690 1400 1728 di-

67 1758 197 1785 versas
234 1745 418 1783 haereses
456 1744 732 1795 condiderunt3
775 1745 988 1783 secundum
1028 1746 1223 1785 hominem
1257 1750 1399 1799 quippe

67 1806 210 1854 vivunt,
244 1816 319 1841 non
346 1803 562 1841 secundum
588 1802 721 1841 Deum.
759 1802 808 1841 Et
839 1803 1023 1841 Indorum
1050 1806 1400 1855 gymnosophistae,

68 1864 135 1913 qui
166 1862 260 1900 nudi
292 1861 548 1912 perhibentur
580 1861 846 1912 philosophari
878 1863 917 1899 in
951 1862 1225 1901 solitudinibus
1258 1863 1400 1917 Indiae,

66 1923 169 1959 cives
213 1922 297 1958 eius
342 1926 449 1970 sunt,
492 1926 531 1958 et
569 1931 588 1957 a
626 1919 848 1970 generando
889 1932 929 1958 se
970 1920 1162 1959 cohibent.
1224 1922 1306 1960 Non
1341 1929 1401 1962 est

160 2023 217 2065 18)
242 2020 302 2055 Le.
329 2024 384 2063 20,
410 2024 466 2054 34.

157 2176 176 2207 5
204 2173 331 2206 auctor
356 2171 391 2205 R
415 2172 427 2215 ΙΙ
458 2175 499 2205 15
532 2172 741 2215 reparatum
774 2172 916 2215 (omisso
942 2174 1009 2215 est)
1035 2184 1055 2207 v
1092 2175 1104 2218 ΙΙ
1141 2177 1184 2207 23
1212 2173 1398 2209 abstinent.

63 2232 82 2253 υ
101 2222 113 2263 ΙΙ
133 2223 175 2254 29
203 2219 299 2253 cives
325 2218 418 2262 eius]
453 2217 680 2252 continentes
714 2218 870 2253 Glossar.
904 2219 1083 2255 Salomon.
1117 2220 1175 2261 (G.
1209 2220 1332 2255 Loezce
1356 2223 1397 2255 in

63 2267 143 2300 Act.
168 2267 283 2301 societ.
306 2265 430 2309 philol.
457 2264 558 2308 Lips.
593 2264 634 2307 V,
652 2276 740 2309 pay.
768 2268 838 2300 335
863 2270 929 2309 sq.)

1069 2325 1114 2358 7

1431 532 1450 563 5

1433 825 1474 855 10

1433 1116 1474 1146 15

1430 1409 1474 1439 ΞΟ
