1548 2562
373 124 426 149 DE
445 124 633 149 OIVITATE
653 124 723 149 DEI
742 125 775 150 L.
795 125 858 149 xv.
878 124 907 150 c.
928 126 969 150 23.
1257 117 1336 156 111

11 213 194 251 dixerunt
225 213 321 250 istos
354 216 392 250 et
422 212 521 250 filios
552 212 638 263 Dei3
678 213 781 263 quod
813 213 970 263 quidem
1001 225 1078 251 non
1111 225 1245 252 omnes
1277 226 1339 252 co-

12 271 116 310 dices
159 269 325 322 habent,
370 282 458 308 nam
505 270 660 320 quidam
704 272 779 309 nisi
824 271 922 309 filios
959 270 1028 309 Dei
1072 283 1149 309 non
1186 271 1339 311 habent.

11 328 146 379 Aquila
173 334 314 379 autem,
343 340 458 378 quem
484 329 739 378 interpretem
766 329 897 367 Iudaei
924 330 1065 368 ceteris
1089 335 1342 381 anteponunt,

11 399 89 425 non
121 386 278 436 angelos
310 386 397 438 Dei,
436 398 507 424 nec
540 386 638 424 filios
670 387 756 434 Dei,
798 387 864 425 sed
897 387 994 425 filios
1027 387 1190 426 deorum
1221 390 1339 426 inter-

10 449 185 496 pretatus
219 450 289 483 est.
351 444 570 494 Utrumque
609 452 739 483 autem
780 458 915 483 verum
947 451 1016 484 est.
1077 445 1173 484 Nam
1205 452 1243 484 et
1274 446 1341 484 filii
1368 453 1386 483 5

10 503 79 541 Dei
117 508 244 555 erant,
284 502 356 541 sub
395 515 471 553 quo
512 507 623 554 patre
662 515 823 541 suorum
860 509 1014 553 patrum
1053 505 1169 542 etiam
1200 505 1342 542 fratres

10 566 137 613 erant3
175 566 214 599 et
252 560 318 598 filii
358 560 544 612 deorum,
584 562 766 611 quoniam
804 561 877 599 diis
915 563 1035 612 geniti
1075 567 1208 613 erant,
1252 575 1341 601 cum

11 619 152 670 quibus
178 624 215 657 et
240 620 314 669 ipsi
341 618 394 657 dii
426 625 537 657 erant
567 620 674 657 iuxta
706 619 799 657 illud
831 619 986 669 psalmi:
1019 621 1104 668 Eyo
1137 622 1242 658 dixi:
1274 622 1345 659 Die·

11 680 102 717 estis
122 682 159 716 et
174 680 252 725 filie·
270 678 435 716 Excelsz'
452 689 594 716 omnes.
644 677 782 715 Merito
810 679 913 715 enim
940 678 1155 716 creduntnr
1188 684 1340 730 septua-

11 737 114 786 ginta
152 737 390 786 interpretes
430 737 630 787 accepisse
667 735 940 786 propheticum
980 737 1178 787 spiritum,
1218 742 1278 789 ut,
1311 738 1343 775 si
1369 745 1412 775 10

11 793 102 845 quid
147 795 230 832 eius
275 795 506 832 auctoritate
552 799 748 832 mutarent
791 798 905 844 atque
950 794 1061 832 aliter
1105 806 1218 844 quam
1260 800 1343 834 erat

11 852 114 903 quod
134 851 492 902 interpretabantur
512 852 700 902 dicerent,
732 864 858 902 neque
886 852 958 889 hoc
985 851 1169 890 divinitus
1196 853 1342 891 dictum

12 922 96 949 esse
124 910 381 948 dubitaretur.
431 910 614 955 Quamvis
646 910 718 947 hoc
750 911 789 948 in
817 909 993 948 Hebraeo
1021 922 1106 947 esse
1139 911 1341 960 perhibea-

11 973 75 1007 tur
113 968 352 1019 ambiguum,
392 974 435 1006 ut
467 974 505 1006 et
537 968 603 1006 filii
636 967 704 1006 Dei
742 973 781 1006 et
818 968 884 1006 filii
925 968 1089 1006 deorum
1120 974 1254 1018 posset
1285 971 1341 1007 in-

12 1029 230 1077 terpretari.
1370 1035 1411 1065 15

129 1084 361 1123 Omittamus
399 1086 518 1135 igitur
557 1097 691 1123 earum
723 1086 1007 1135 scripturarum
1040 1084 1205 1136 fabulas,
1244 1097 1341 1135 quae

11 1143 250 1195 apocryphae
295 1148 589 1194 nuncupantur,
633 1155 678 1181 eo
724 1143 826 1193 quod
866 1155 1000 1181 earum
1044 1143 1195 1181 occulta
1233 1144 1341 1194 origo

11 1214 88 1240 non
127 1201 266 1240 claruit
303 1200 497 1252 patribus,
536 1214 556 1239 a
594 1201 736 1252 quibus
776 1213 898 1251 usqne
938 1200 983 1239 ad
1023 1213 1093 1239 nos
1132 1203 1341 1240 auctoritas

12 1261 207 1298 veracium
234 1261 518 1310 scripturarum
545 1261 762 1298 certissima
788 1265 827 1297 et
859 1260 1060 1297 notissima
1093 1261 1340 1297 successione

10 1319 197 1369 pervenit.
259 1317 301 1355 In
340 1317 400 1355 his
439 1323 568 1355 autem
607 1316 838 1368 apocryphis
876 1319 951 1355 etsi
988 1319 1184 1355 invenitur
1217 1317 1342 1368 aliqua
1370 1327 1413 1357 20

11 1378 174 1428 veritas,
205 1380 333 1414 tamen
366 1383 526 1427 propter
557 1376 677 1414 multa
709 1375 801 1413 falsa
834 1375 937 1414 nulla
970 1381 1029 1413 est
1060 1377 1245 1413 canonica
1277 1388 1340 1414 au-

12 1436 182 1473 ctoritas.
234 1433 445 1484 Scripsisse
488 1434 643 1484 quidem
676 1433 861 1472 nonnulla
894 1433 1020 1471 divine
1054 1433 1162 1471 illum
1194 1433 1341 1486 Enoch,

12 1494 219 1543 septimum
257 1491 303 1530 ab
341 1492 477 1544 Adam,
516 1504 656 1542 negare
696 1504 773 1530 non
805 1504 1031 1542 possumus,
1070 1503 1158 1529 cum
1196 1491 1269 1529 hoc
1301 1493 1340 1530 in

13 1551 176 1602 epistula
209 1552 393 1588 canonica
425 1550 538 1588 Iudas
571 1550 768 1601 apostolus
801 1549 914 1588 dicat.
977 1549 1052 1587 Sed
1086 1562 1163 1587 non
1196 1550 1340 1588 frustra

12 1621 88 1648 non
127 1614 218 1647 sunt
256 1610 295 1646 in
334 1621 379 1647 eo
419 1621 565 1646 canone
605 1610 905 1659 scripturarum,
945 1609 1011 1657 qui
1044 1607 1270 1645 servabatur
1302 1609 1340 1646 in
1369 1616 1411 1647 25

13 1667 154 1718 templo
180 1666 347 1705 Hebraei
372 1667 503 1717 populi
532 1666 826 1704 succedentium
853 1666 1050 1715 diligentia
1083 1665 1341 1716 sacerdotum,

12 1727 86 1764 nisi
129 1726 218 1775 quia
262 1724 310 1763 ob
354 1726 623 1774 antiquitatem
662 1729 866 1774 suspectae
905 1724 993 1761 fidei
1031 1723 1198 1761 iudicata
1240 1729 1342 1774 sunt,

12 1796 83 1822 nec
115 1789 247 1822 utrum
285 1782 380 1821 haec
421 1788 569 1833 essent,
602 1794 699 1832 quae
731 1781 794 1819 ille
828 1783 1069 1833 scripsisset,
1100 1787 1254 1832 poterat
1284 1783 1340 1819 in-

11 1843 152 1893 veniri,
185 1853 261 1879 non
294 1840 434 1879 talibus
466 1840 774 1891 proferentibus,
807 1841 873 1890 qui
906 1851 948 1877 ea
981 1852 1049 1890 per
1082 1841 1223 1877 seriem
1256 1852 1341 1878 suc-

13 1901 198 1938 cessionis
230 1901 500 1950 reperirentur
531 1900 605 1937 rite
638 1910 824 1936 servasse.
886 1897 994 1935 Unde
1028 1897 1107 1949 illa,
1140 1910 1237 1947 quae
1270 1897 1342 1935 sub
1369 1906 1413 1937 30

13 1960 95 1996 eius
128 1959 281 1996 nomine
320 1958 574 2007 proferuntur
616 1961 654 1994 et
686 1958 888 1994 continent
918 1957 1011 1993 istas
1044 1956 1090 1993 de
1124 1955 1342 2005 gigantibus

13 2015 171 2067 fabulas,
202 2016 305 2066 quod
338 2027 415 2053 non
440 2014 648 2053 habuerint
678 2014 855 2052 homines
886 2019 1029 2065 patres,
1061 2019 1167 2051 recte
1200 2026 1220 2051 a
1251 2026 1341 2064 pru-

105 2107 140 2148 9)
164 2105 222 2139 Ps.
249 2108 305 2146 81,
332 2107 362 2138 c.
413 2105 472 2146 24)
496 2104 539 2138 V.
569 2107 621 2138 14.

107 2236 125 2267 ‘1
153 2232 208 2266 dis
240 2230 383 2272 VR¹F‚·
409 2231 452 2264 de
484 2231 542 2265 his
568 2231 623 2272 A‚·
648 2241 670 2265 a
696 2230 764 2265 diis
790 2230 864 2264 R2v
896 2232 907 2274 11
941 2234 983 2264 14
1008 2231 1135 2274 posset
1161 2230 1234 2272 Vv‚·
1258 2241 1342 2275 pos-

13 2280 93 2313 sent
117 2279 208 2320 RA‚·
233 2277 375 2322 possint
400 2277 439 2310 F
455 2279 466 2321 Η
486 2281 528 2311 22
556 2277 680 2311 divina
704 2288 724 2311 υ
