1548 2562
440 117 493 141 DE
512 116 699 142 οΙνΙΤΑΤΕ
718 117 786 141 Dm
805 117 840 143 L,
860 117 939 141 xw.
960 116 990 141 c.
1009 118 1050 142 33.
1070 118 1111 142 34.
1360 106 1440 147 179

116 211 153 244 te
185 207 391 244 Dome'mcm
417 205 543 243 Deum
575 208 680 243 caeli
709 210 747 243 et
777 206 986 244 Dominum
1016 210 1163 251 terrae,
1195 211 1240 242 ut
1270 217 1346 243 non
1377 217 1438 243 su-

114 275 198 302 mas
236 274 402 301 uxorem
435 265 519 309 filio
556 275 639 301 meo
681 264 798 302 Isaac
836 276 860 301 a
894 265 1055 310 filiabus
1098 264 1440 315 Chananaeorum7

115 322 189 359 nisi
228 321 433 359 Dominum
466 320 587 359 Deum
626 321 721 359 caeli
763 327 800 359 et
832 321 1038 360 Dominum
1075 327 1201 359 terrae
1241 323 1280 359 in
1313 333 1440 372 carne,

115 391 211 430 quae
243 391 289 417 ex
320 379 384 416 illo
416 380 562 417 femore
595 379 838 430 trahebatur,
877 380 995 418 fuisse
1027 377 1262 418 venturum?
1322 379 1438 418 Num—

115 437 205 487 quid
239 437 333 475 haec
364 449 479 487 parva
506 442 597 475 sunt
622 439 913 488 praenuntiatae
942 438 1081 476 indicia
1108 439 1292 490 veritatis,
1325 450 1439 488 quarn
1466 445 1485 475 5

114 495 286 546 conpleri
318 496 491 534 videmus
522 496 562 533 in
594 494 776 534 Christo?

585 643 735 685 CAPUT
768 644 965 688 XXXIV.

119 729 224 775 Quia
254 731 558 777 intelleqendum
597 731 649 767 sit
679 731 719 767 in
751 740 812 780 eo,
851 731 958 777 quod
986 730 1191 767 Abraham
1218 735 1309 778 post
1338 742 1439 770 mor-

329 793 403 825 tem
436 788 591 826 Sarrae
627 788 828 825 Cetturam
861 790 1017 836 accepit
1046 799 1223 826 acrorem.

231 868 329 914 Quid
369 874 498 907 autem
539 868 611 906 sibi
648 868 746 920 vult,
784 869 884 919 quod
924 868 1114 907 Abraham
1151 876 1239 920 post
1276 876 1441 908 mortem
1469 878 1511 908 10

116 926 254 965 Sarrae
287 926 484 965 Cetturam
516 927 625 964 duxit
656 925 847 965 uxorem?
891 927 963 965 Ubi
995 927 1094 965 absit
1125 933 1168 965 ut
1198 929 1438 967 incontinen-

114 986 206 1024 tiam
238 987 500 1037 suspicemur,
538 987 767 1036 praesertim
804 987 843 1023 in
882 985 943 1022 illa
976 987 1049 1024 iam
1082 991 1205 1024 aetate
1239 992 1276 1024 et
1307 988 1347 1024 in
1378 987 1440 1025 illa

113 1044 203 1081 fidei
241 1045 454 1082 sanctitate.
516 1043 573 1081 An
612 1043 735 1081 adhuc
774 1043 1003 1094 procreandi
1044 1044 1111 1081 filii
1143 1044 1440 1096 quaerebantur,

113 1113 201 1140 cum
239 1103 313 1139 iam
345 1101 424 1139 Deo
462 1103 713 1152 promittente
752 1107 855 1140 tanta
897 1102 1162 1152 multiplicatio
1196 1103 1360 1141 filiorum
1394 1116 1440 1142 ex

113 1159 218 1198 Isaac
250 1172 320 1210 per
346 1160 474 1198 stellas
501 1160 595 1198 caeli
628 1167 665 1198 et
690 1160 872 1198 harenam
905 1167 1031 1198 terrae
1064 1161 1136 1198 fide
1170 1161 1439 1211 probatissima
1469 1170 1510 1201 15

112 1216 349 1257 teneretur?
393 1218 467 1256 Sed
500 1219 674 1269 profecto
708 1221 740 1256 si
771 1220 870 1269 Agar
903 1224 941 1257 et
972 1219 1128 1270 1smael,
1161 1220 1318 1258 doctore
1352 1233 1438 1271 apo-

113 1276 229 1327 stolo,
267 1277 580 1326 significaverunt
612 1277 784 1315 carnales
816 1279 957 1315 veteris
990 1280 1228 1329 testamenti,
1261 1291 1330 1317 cur
1362 1291 1439 1317 non

114 1337 228 1373 etiam
261 1334 419 1373 Cettura
457 1341 495 1372 et
533 1335 599 1372 filii
631 1337 714 1373 eius
747 1336 964 1386 significent
996 1336 1185 1388 carnales,
1223 1339 1288 1387 qui
1321 1350 1360 1375 se
1394 1337 1438 1375 ad

114 1398 389 1431 testamentum
422 1405 563 1431 novum
596 1395 816 1432 existimant
847 1392 1072 1444 pertinere?
1120 1394 1262 1433 Ambae
1296 1398 1438 1446 quippe

114 1457 152 1489 et
189 1463 331 1489 uxores
363 1450 535 1489 Abrahae
576 1457 614 1490 et
651 1452 888 1490 concubinae
928 1458 1019 1490 sunt
1057 1453 1284 1505 appellatae3
1324 1454 1438 1492 Sarra
1464 1463 1508 1493 20

116 1521 203 1547 vero
231 1521 440 1559 numquam
467 1510 568 1548 dicta
594 1516 653 1548 est
685 1510 910 1548 concubina.
972 1511 1066 1548 Nam
1100 1517 1137 1549 et
1169 1512 1320 1561 quando
1353 1512 1438 1551 data

114 1573 173 1606 est
198 1568 297 1618 Agar
323 1567 509 1618 Abrahae,
541 1570 592 1606 ita
625 1570 812 1618 scriptum
845 1574 920 1607 est:
953 1570 1004 1606 Et
1035 1571 1301 1617 adprehendit
1331 1572 1439 1610 Sara

112 1638 218 1665 uxor
244 1628 394 1664 Abram
418 1628 531 1674 Aqar
562 1628 796 1675 Aeqyptlam
829 1630 1015 1665 ancillam
1046 1639 1158 1666 suam
1186 1634 1275 1677 post
1305 1631 1440 1668 decem

114 1696 262 1736 armos,
305 1696 423 1732 quam
454 1685 708 1723 habitaverat
738 1687 888 1723 Abram
920 1688 960 1723 in
998 1690 1110 1724 terra
1147 1687 1357 1735 Chanaan,
1402 1693 1440 1727 et

114 1744 222 1781 deda
265 1754 351 1781 eam
384 1744 533 1780 Abram
576 1745 662 1781 viro
704 1756 775 1782 suo
820 1746 897 1792 ipsi
938 1756 1114 1782 uxorem.
1182 1744 1236 1783 De
1281 1745 1439 1785 Cettura
1466 1754 1508 1784 25

113 1806 254 1853 autem,
287 1812 399 1850 quam
426 1807 514 1851 post
548 1800 695 1839 obitum
723 1802 859 1839 Sarrae
892 1804 1051 1853 accepit,
1083 1804 1137 1840 sic
1170 1803 1327 1854 legitur:
1358 1805 1436 1843 Ad-

113 1861 237 1897 iciens
268 1864 399 1897 autem
431 1860 634 1897 Abraham
664 1862 828 1908 sumpsit
859 1872 1041 1906 uxorem,
1081 1864 1149 1899 cuz*
1179 1874 1316 1900 nomen
1354 1864 1436 1901 Cet-

113 1922 216 1955 tura.
278 1916 378 1955 Ecce
422 1917 553 1955 ambae
599 1917 782 1957 dicuntur
820 1931 977 1970 uxores;
1022 1919 1153 1957 ambae
1191 1932 1307 1970 porro
1348 1934 1436 1960 con-

113 1974 275 2013 cubinae
296 1976 415 2014 fuisse
443 1977 705 2027 reperiuntur,
739 1983 872 2027 postea
899 1976 1050 2015 dicente
1079 1980 1288 2028 scriptura:
1320 1980 1439 2019 Dedit

206 2077 240 2119 2)
267 2075 353 2111 Gen.
381 2080 436 2119 24,
463 2080 482 2110 2
509 2088 560 2120 sq.
613 2078 669 2120 17)
695 2077 772 2111 Gal.
799 2082 831 2120 4,
857 2081 911 2111 24.
962 2080 1020 2121 25)
1046 2078 1133 2112 Gen.
1163 2083 1216 2120 16,
1241 2083 1272 2113 3.

206 2231 223 2261 1
253 2227 439 2262 dominum
473 2227 555 2262 VR¹
581 2225 747 2272 (ἐξορκιῶ
775 2241 812 2263 σε
840 2225 999 2272 κύριον);
1025 2240 1090 2273 per
1116 2229 1209 2264 dom.
1235 2230 1346 2266 R2Av
1366 2234 1377 2276 u
1396 2235 1436 2267 ut

111 2282 174 2307 om.
200 2273 304 2318 Fss2
329 2275 374 2308 de
398 2274 446 2309 fil.
472 2277 586 2318 υ1125
612 2287 693 2309 eam
718 2286 781 2310 om.
817 2275 850 2309 V

1089 2336 1155 2368 12*
