1611 2465
124 97 210 139 360
673 106 699 131 S.
720 106 937 132 AUGUSTINI

124 199 165 236 in
197 209 251 235 ea.
315 196 400 242 Quo
433 196 546 233 modo
580 197 652 233 ista
684 207 761 233 non
794 202 886 234 sunt
918 196 1032 248 mala,
1065 208 1163 247 quae
1197 197 1358 235 vincunt
1388 197 1463 235 for-

124 255 302 298 titudinis
342 255 487 293 bonum
532 253 773 304 eandemque
811 254 1082 293 fortitudinem
1122 267 1198 293 non
1233 255 1360 294 solum
1392 255 1466 293 sibi

126 315 278 365 cedere,
310 325 445 352 verum
474 314 590 351 etiam
617 312 782 351 delirare
811 306 1059 365 compellunt,
1091 319 1134 352 ut
1160 314 1323 352 eandem
1350 315 1466 352 vitam

90 379 166 411 ·et
209 372 311 410 dicat
355 371 508 410 beatam
553 377 592 410 et
634 371 867 422 persuadeat
912 384 997 410 esse
1042 370 1296 423 fugiendam?
1370 372 1466 418 Quis

62 733 101 763 10

60 1026 103 1057 15

61 1320 105 1351 20

62 1613 104 1644 25

18 1883 107 1937 v30

127 443 252 482 usque
297 430 392 469 adeo
437 442 577 469 caecus
616 435 698 482 est,
742 436 786 469 ut
823 442 901 468 non
939 431 1088 483 videat,
1127 431 1252 482 quod,
1291 433 1324 470 si
1355 430 1467 470 beata

128 496 248 540 esset,
287 489 469 540 fugienda
510 501 589 527 non
627 487 760 528 esset?
823 488 898 527 Sed
937 495 1070 540 aperta
1102 490 1340 528 infirmitatis
1372 502 1465 528 voce

127 548 350 599 fugiendam
378 548 559 587 fatentur.
612 547 713 593 Quid
740 549 859 598 igitur
886 560 1024 587 causae
1051 554 1122 600 est,
1149 560 1219 587 cur
1246 560 1324 586 non
1351 550 1467 601 etiam

128 609 311 645 miseram
342 607 464 645 fracta
496 605 702 657 superbiae
741 608 892 645 cervice
925 605 1147 646 fateantur?
1208 606 1369 659 Utrum,
1401 606 1466 645 ob-

128 678 258 717 secro,
297 665 390 704 Cato
429 665 492 703 ille
531 666 718 716 patientia
762 677 810 703 an
853 667 985 716 potius
1031 667 1260 717 inpatientia
1299 677 1341 704 se
1379 677 1467 717 per-

130 722 251 763 emit?
297 724 383 762 Non
417 725 520 762 enim
552 723 626 762 hoc
658 724 828 776 fecisset,
861 725 936 762 nisi
970 725 1169 763 victoriam
1202 723 1378 762 Caesaris
1409 726 1467 762 in-

127 784 321 834 patienter
371 782 540 821 tulisset.
617 781 691 821 Ubi
741 788 801 821 est
848 780 1067 821 fortitudo?
1139 782 1286 834 Nempe
1337 784 1468 835 cessit,

128 854 268 892 nempe
302 841 527 893 succubuit,
559 853 698 892 nempe
731 853 855 891 usque
889 841 984 879 adeo
1017 847 1199 893 superata
1231 846 1309 893 est,
1340 846 1385 880 ut
1415 842 1467 879 vi-

128 906 207 939 tam
234 900 386 939 beatam
412 899 933 953 derelinqueretdesereret
958 900 1123 951 fugeret.
1185 900 1243 938 An
1275 911 1353 938 non
1384 905 1470 938 erat

128 960 205 997 iam
241 957 381 998 beata?
442 958 583 997 Misera
627 970 719 1009 ergo
765 964 858 997 erat.
890 973 894 980 ·
921 958 1007 1004 Quo
1048 958 1163 997 modo
1210 960 1330 1009 igitur
1370 958 1469 997 mala

129 1029 208 1056 non
241 1023 371 1069 erant,
409 1029 506 1068 quae
545 1018 661 1055 vitam
698 1018 881 1056 miseram
913 1017 1215 1068 fugiendamque
1248 1015 1469 1056 faciebant?

249 1076 496 1127 Quapropter
534 1077 651 1114 etiam
687 1077 779 1126 ipsi,
819 1077 885 1126 qui
923 1076 1019 1114 mala
1059 1078 1131 1114 ista
1169 1088 1255 1115 esse
1297 1076 1469 1114 confessi

130 1140 234 1187 sunt,
267 1137 368 1173 sicut
399 1135 668 1186 Peripatetici,
706 1136 809 1172 sicut
839 1140 993 1173 veteres
1025 1135 1262 1187 Academici,
1301 1146 1469 1185 quorum

130 1200 276 1232 sectam
307 1193 427 1231 Va‘rro
462 1193 647 1245 defendit,
678 1192 919 1231 tolerabilius
952 1193 1109 1243 quidem
1140 1193 1368 1245 loquuntur,
1400 1193 1468 1231 sed

130 1264 267 1291 eorum
306 1264 461 1303 quoque
500 1253 623 1290 mirus
661 1257 720 1290 est
758 1263 885 1303 error,
931 1251 1033 1302 quod
1066 1253 1105 1290 in
1138 1252 1197 1290 his
1229 1252 1357 1303 malis,
1394 1252 1470 1290 etsi

131 1317 210 1350 tam
249 1312 378 1362 gravia
417 1312 512 1362 sint,
549 1315 594 1348 ut
631 1315 756 1349 morte
795 1310 976 1360 fugienda
1009 1312 1087 1349 sint
1118 1310 1165 1348 ab
1197 1312 1281 1361 ipso
1314 1309 1470 1348 sibimet

130 1370 260 1422 inlata,
292 1371 358 1420 qui
384 1369 479 1407 haec
506 1370 664 1421 patitur,
696 1370 811 1407 vitam
844 1368 996 1407 b'eatam
1028 1375 1157 1407 tamen
1190 1381 1276 1408 esse
1309 1375 1468 1408 conten-

131 1428 239 1467 dunt.
299 1428 422 1480 „Mala
455 1433 563 1479 sunt,
594 1429 740 1479 inquit,
778 1433 973 1466 tormenta
1005 1433 1121 1478 atque
1154 1429 1352 1467 cruciatus
1384 1439 1468 1466 cor-

130 1488 250 1538 poris,
281 1492 321 1525 et
346 1491 453 1526 tanto
481 1492 572 1525 sunt
598 1488 742 1538 peiora,
775 1491 918 1537 quanto
951 1488 1151 1537 potuerint
1184 1499 1268 1525 esse
1301 1487 1468 1537 maiora3

132 1545 275 1596 quibus
307 1551 350 1584 ut
383 1557 527 1597 careas,
559 1557 605 1583 ex
637 1545 708 1584 hac
741 1547 816 1583 vita
848 1545 1076 1595 fugiendum
1108 1541 1205 1584 est.“
1265 1545 1348 1591 Qua
1381 1546 1468 1596 vita,

132 1601 326 1642 obsecro?
385 1603 514 1656 „Hac,
558 1605 702 1656 inquit,
746 1615 844 1654 quae
889 1605 1006 1642 tantis
1050 1603 1280 1654 adgravatur
1324 1599 1471 1642 malis.“

132 1662 247 1701 Certe
279 1674 372 1713 ergo
404 1661 516 1700 beata
548 1668 607 1700 est
638 1664 678 1700 in
711 1662 857 1700 eisdem
890 1663 985 1713 ipsis
1017 1662 1145 1713 malis,
1178 1658 1340 1713 propter
1371 1673 1468 1712 quae

132 1721 229 1760 dicis
260 1733 346 1759 esse
380 1718 630 1771 fugiendam?
691 1722 749 1759 An
790 1720 879 1759 ideo
917 1720 1068 1759 beatam
1107 1721 1221 1772 dicis,
1259 1722 1348 1771 quia
1379 1720 1470 1758 licet

132 1779 203 1818 tibi
235 1778 281 1817 ab
314 1779 374 1817 his
411 1779 521 1817 malis
559 1784 684 1831 morte
725 1776 957 1818 discedere?
1019 1779 1119 1824 Quid
1152 1781 1185 1817 si
1216 1791 1309 1830 ergo
1340 1780 1382 1817 in
1413 1780 1469 1817 eis

132 1838 262 1888 aliquo
289 1837 417 1876 divino
444 1837 588 1876 iudicio
620 1839 812 1876 tenereris
845 1849 917 1876 nec
948 1839 1234 1888 permittereris
1266 1839 1365 1875 mori
1396 1849 1469 1875 nec

133 1909 318 1947 umquam
364 1898 446 1934 sine
492 1895 567 1934 illis
612 1908 698 1934 esse
736 1893 952 1934 sinereris?
1013 1895 1159 1946 Nempe
1197 1902 1291 1934 tunc
1333 1895 1469 1934 saltem

133 1957 316 1993 miseram
342 1954 457 1993 talem
484 1954 635 1992 diceres
662 1955 788 1992 vitam.
839 1954 923 1992 Non
950 1955 1069 2004 igitur
1095 1960 1303 2005 propterea
1328 1956 1470 1992 misera

133 2025 222 2051 non·
244 2019 315 2066 est,
347 2015 439 2064 quia
466 2014 541 2051 cito
569 2012 816 2063 relinquitur.
880 2012 1049 2057 Quando
1075 2012 1232 2063 quidem
1265 2014 1297 2050 si
1329 2015 1468 2064 sempi-

230 2142 246 2170 1
280 2141 321 2171 ut
357 2139 476 2172 editur
508 2148 595 2178 mss3
629 2137 735 2181 vruzyo
759 2140 845 2180 post
871 2147 913 2171 ea
944 2137 1029 2171 haec
1060 2137 1283 2182 leyebantur:
1322 2136 1353 2171 si
1384 2147 1469 2172 vero

133 2187 284 2229 propter
321 2184 394 2218 ista
430 2185 530 2219 mala
566 2184 708 2228 fugitur
738 2184 785 2218 ab
817 2195 876 2224 ea,
912 2184 1094 2227 quomodo
1127 2186 1184 2219 est:
1214 2184 1347 2218 beata?
1396 2185 1472 2218 Aut

134 2230 317 2275 quomodo
338 2232 407 2265 ista
427 2236 487 2266 etc.
508 2233 519 2276 ΙΙ
539 2236 558 2266 6
586 2235 626 2265 ut
651 2230 971 2276 editurRAParr.
998 2234 1140 2274 excepto
1165 2243 1208 2272 ας
1235 2231 1307 2265 Sed
1333 2231 1362 2265 si
1387 2241 1470 2275 pro-

133 2281 215 2323 pter
240 2277 464 2312 infirmitatis
490 2278 644 2323 pondus,
671 2289 743 2321 qua
768 2277 958 2321 premitur,
984 2278 1079 2311 hanc
1105 2277 1319 2322 fugiendam
1344 2288 1364 2312 v
