1611 2465
107 747 148 779 10

111 1040 150 1071 15

114 1625 156 1656 25

117 1919 161 1949 30

171 114 258 155 470
706 120 733 145 s.
753 119 969 146 ‘incusum

171 213 385 264 apostolus:
419 213 547 250 Simul
571 221 660 249 cum
687 211 763 248 illis
789 210 996 258 rapiemur
1023 211 1063 247 in
1089 210 1261 248 nubibus
1287 211 1327 248 in
1352 210 1506 248 obviam

175 273 330 311 Christo
358 273 395 309 2‘72
425 282 535 309 aera.
597 268 693 306 Nam
720 267 935 306 secundum
962 267 1111 305 litterae
1139 268 1396 319 superficiem,
1429 280 1505 318 quo

171 330 284 369 modo
330 329 538 368 advocatur
584 326 733 365 caelum
771 338 946 377 sursum,
991 327 1100 376 quasi
1142 328 1265 377 possit
1303 338 1388 365 esse
1432 327 1507 364 nisi

172 385 356 428 sursum?
419 386 530 432 Quod
563 391 693 424 autem
725 385 950 423 adiunctum
983 389 1059 423 est:
1091 384 1144 422 Et
1173 389 1325 423 terram
1357 386 1507 424 descer-

172 459 269 487 nere
300 448 489 495 populum
524 456 649 492 suam,
684 445 716 482 si
748 442 1015 482 tantummodo
1049 442 1303 482 subaudiatur
1335 445 1506 482 advoca·

174 508 238 552 ba,
278 505 315 543 id
348 510 407 542 est
439 502 641 543 advocabit
673 508 711 541 et
742 507 907 553 terram,
948 513 1019 540 nec
1053 500 1308 540 subaudiatur
1339 513 1508 548 sursum,

174 564 276 602 huuc
309 562 462 601 videtur
494 561 637 600 habere
679 572 837 599 sensum
870 559 1085 599 secundum
1118 565 1262 598 rectam
1297 559 1428 611 fidem,
1467 564 1510 598 ut

174 622 323 661 caelum
361 620 610 671 intellegatur
648 621 688 658 in
726 620 802 670 eis,
842 620 908 669 qui
951 630 1039 657 cum
1070 617 1135 657 illo
1167 618 1377 657 iudicaturi
1409 625 1511 670 sunt,

174 688 212 719 et
244 686 350 719 terra
380 681 421 718 in
454 680 528 731 eis,
565 680 630 730 qui
662 677 858 716 iudicandi
891 683 999 727 sunt3
1038 682 1081 715 ut
1113 678 1327 716 advocabit
1357 679 1512 715 caelum

174 750 333 778 sarsum
374 750 452 776 non
490 738 552 776 hic
593 736 862 787 intellegamus
900 736 1054 786 „rapiet
1091 736 1131 773 in
1163 731 1297 787 aera“,
1335 734 1403 773 sed
1442 736 1512 786 „in

175 798 396 836 iudiciarias
436 798 559 847 eriget
597 791 744 833 sedes“.
808 794 942 832 Potest
981 800 1019 832 et
1056 793 1150 832 illud
1188 793 1360 844 intellegi
1393 794 1512 832 advo-

176 858 284 897 cabit
325 858 479 895 caelum
515 866 675 893 sarsum
711 852 946 906 „advocabit
984 851 1141 903 angelos
1180 853 1221 890 in
1263 853 1443 902 supernis
1477 857 1515 890 et

178 915 340 954 excelsis
378 914 491 965 locis,
531 925 620 952 cum
659 911 800 963 quibus
843 910 1053 950 descendat
1085 910 1131 949 ad
1162 910 1384 949 faciendum
1416 909 1514 948 iudi-

178 970 323 1025 cium“;
356 971 556 1011 advocabit
588 976 627 1010 et
657 976 828 1017 terram,
861 970 898 1008 id
933 975 992 1007 est
1023 968 1199 1007 homines
1231 970 1271 1007 in
1303 974 1408 1007 terra
1440 969 1515 1007 uti-

179 1044 253 1083 que
292 1031 530 1070 iudicandos.
595 1029 635 1068 Si
676 1035 804 1068 autem
843 1035 1052 1078 utrumque
1092 1026 1405 1066 subaudiendum
1445 1031 1516 1078 est,

180 1103 269 1130 eum
296 1090 438 1128 dicitur
464 1094 502 1128 et
529 1093 692 1136 terram,
725 1087 763 1125 id
796 1092 855 1125 est
888 1092 925 1125 et
957 1087 1171 1124 advocabit
1202 1091 1240 1124 et
1269 1097 1439 1132 sarsum,
1472 1090 1515 1123 ut

179 1151 251 1188 iste
285 1150 335 1187 sit
367 1160 524 1187 sensus:
562 1145 773 1185 Advocabit
806 1144 954 1184 caelum
988 1156 1165 1195 sursum,
1207 1149 1245 1182 et
1276 1149 1420 1182 terram
1454 1142 1516 1181 ad-

180 1207 331 1246 vocabit
357 1218 531 1245 sursum:
564 1205 658 1244 nihil
684 1204 822 1243 melius
843 1202 1014 1253 intellegi
1041 1204 1218 1241 existimo
1240 1214 1355 1252 quam
1381 1213 1516 1240 omnes

181 1268 247 1317 qui
280 1267 481 1317 rapientur
519 1266 559 1302 iu
591 1263 742 1301 obviam
775 1261 928 1300 Christo
961 1263 1001 1299 in
1034 1273 1140 1312 aera,
1181 1260 1248 1299 sed
1282 1260 1431 1298 caelum
1464 1259 1518 1298 di-

182 1331 287 1364 ctum
324 1329 487 1375 propter
531 1324 694 1373 animas⁷
737 1326 882 1359 terram
920 1325 1082 1370 propter
1120 1331 1294 1370 corpora.
1357 1319 1517 1357 Discer-

181 1396 277 1422 nere
319 1394 437 1433 porro
477 1383 666 1431 populum
703 1391 834 1426 suam,
879 1377 972 1429 quid
1011 1383 1070 1416 est
1107 1379 1179 1416 nisi
1221 1389 1291 1428 per
1330 1376 1520 1416 iudicium

182 1453 361 1493 separare
388 1439 511 1478 bonos
538 1452 558 1478 a
585 1438 706 1491 malis,
738 1445 934 1488 tamquam
960 1448 1050 1474 oves
1077 1435 1123 1474 ab
1155 1432 1320 1473 haedis?
1371 1434 1517 1473 Deinde

183 1501 384 1539 conversio
418 1499 610 1537 sermonis
649 1497 694 1535 ad
733 1495 889 1547 angelos
933 1496 1032 1533 sacta
1064 1500 1140 1533 est:
1184 1495 1433 1542 Conqreqate
1465 1495 1523 1532 illi

184 1561 304 1598 iustos
337 1560 443 1603 eius;
474 1557 650 1608 profecto
677 1556 781 1594 enim
812 1566 882 1605 per
914 1552 1131 1604 angelicum
1164 1553 1425 1591 ministerium
1457 1563 1520 1590 res

184 1624 289 1656 tanta
320 1615 539 1668 peragenda
570 1621 639 1653 est.
703 1613 743 1652 Si
770 1620 900 1652 autem
932 1613 1167 1663 quaerimus,
1200 1623 1297 1662 quos
1330 1612 1453 1648 iustos
1486 1611 1523 1648 ei

185 1676 459 1726 congregaturi
491 1675 568 1712 sint
600 1672 743 1723 angeli:
782 1673 858 1719 Qui
889 1672 1111 1720 disponunt,
1143 1671 1282 1720 inquit,
1315 1674 1520 1707 testamen-

185 1740 266 1773 tum
292 1736 377 1773 eius
402 1745 523 1782 super
548 1733 766 1778 sacrificia.
829 1729 932 1767 Haec
959 1734 1017 1767 est
1045 1729 1168 1766 omnis
1201 1729 1278 1766 vita
1310 1729 1522 1765 iustorum:

186 1793 392 1844 disponere
438 1796 715 1840 testamentum
760 1788 828 1826 Dei
873 1799 991 1838 super
1038 1786 1235 1825 sacrificia.
1299 1785 1374 1824 Aut
1419 1785 1523 1823 enim

187 1863 304 1902 opera
343 1848 631 1888 misericordiae
672 1853 762 1886 sunt
800 1858 921 1896 super
952 1847 1177 1892 sacrificia,
1222 1844 1258 1882 id
1305 1849 1364 1882 est
1407 1844 1523 1881 sacri-

188 1911 284 1948 ficiis
325 1907 614 1960 praeponenda,
646 1907 751 1944 iuxta
784 1905 1016 1943 sententiam
1048 1902 1117 1941 Dei
1150 1902 1332 1940 dicentis:
1366 1901 1523 1940 Miseri-

189 1970 370 2007 cordiam
410 1969 492 2005 volo
531 1977 649 2014 qaam
690 1965 962 2009 sacrifice‘am;
1002 1967 1067 1999 aut
1101 1962 1133 1998 si
1164 1972 1286 2009 super
1316 1961 1524 2006 sacrificta

188 2028 258 2078 „iu
291 2021 522 2064 sacrificiis“
561 2022 798 2073 intellegitur
838 2021 1002 2070 dictum,
1043 2031 1118 2069 quo
1152 2018 1265 2056 modo
1299 2029 1417 2069 super
1450 2023 1525 2056 ter-

285 2143 318 2181 2)
350 2143 378 2172 1.
406 2137 531 2171 Thess.
559 2140 591 2179 4,
620 2139 672 2170 17.
723 2136 781 2177 31)
809 2132 900 2167 Osee
928 2136 958 2175 6,
985 2135 1016 2167 6.

292 2294 331 2324 13
359 2299 483 2323 omnes
512 2299 597 2330 mss;
623 2286 789 2322 homines
816 2296 835 2320 υ
855 2288 866 2329 Η
887 2289 928 2319 26
957 2285 1040 2318 sunt
1066 2295 1084 2318 v
