1548 2562
408 134 460 159 DE
480 133 668 160 GIVITATE
689 133 758 159 DEI
777 134 809 159 L.
829 134 926 159 xvn.
946 133 974 159 c.
995 135 1036 160 ιθ.
1056 135 1098 159 17.
1331 125 1415 166 241

83 221 176 272 quid
227 222 289 260 hic
341 223 500 272 tropicis
551 221 813 260 locutionibus
857 221 1097 261 subobscure
1148 222 1294 261 dictum
1345 229 1416 275 est,

83 292 239 330 quoquo
273 279 385 318 modo
412 279 670 331 intellegatur,
702 279 817 318 debet
848 280 908 319 his
939 280 1058 320 rebus
1090 281 1416 320 manifestissimis

83 350 302 377 convenire.

595 449 746 492 CAPUT
771 450 906 493 XVII.

84 537 142 575 De
173 537 253 583 lu's,
294 547 397 584 quae
434 537 490 574 ad
518 537 787 574 sacerdotium
824 536 975 574 Christi
1004 538 1044 574 iu
1073 539 1224 585 psalmo
1257 541 1415 576 centen—
1442 543 1463 575 5

82 596 178 632 simo
217 605 335 640 nono,
375 597 413 633 et
449 595 498 632 de
534 595 611 641 his,
650 605 753 641 quae
791 595 831 632 in
859 597 1012 642 psalmo
1045 596 1256 634 vicensimo
1285 598 1415 644 primo

405 653 462 690 ad
485 654 711 701 passionem
743 653 866 700 ipsius
896 656 1087 701 spectant.

202 733 311 772 Sicut
349 735 464 772 etiam
502 734 542 771 in
583 733 647 771 illo
687 732 852 784 psalmo,
897 732 964 771 ubi
1010 734 1191 772 sacerdos
1224 733 1414 786 Christus,

84 804 199 843 quem
232 792 277 830 ad
316 791 472 830 modum
505 791 567 829 hic
600 803 685 841 rex,
724 793 966 842 apertissime
999 791 1265 842 praedicatur:
1304 794 1419 832 Dixit

83 852 273 890 Dominus
299 851 465 889 Domino
491 861 592 888 meo:
625 850 727 888 Sede
753 861 777 887 a
804 851 958 888 dextris
983 852 1088 897 meis,
1122 852 1248 889 donec
1270 863 1415 899 ponam
1445 858 1488 889 10

84 911 264 948 inimicos
302 914 388 947 tuos
425 909 639 947 scabellum
672 910 819 956 pedum
858 913 1035 956 tuorum,
1069 909 1205 946 sedere
1239 908 1416 948 Christus

85 967 130 1005 ad
163 967 361 1006 dexteram
393 966 520 1004 Patris
552 965 742 1017 creditur,
781 977 858 1003 non
891 965 1063 1017 videtur3
1096 968 1180 1005 eius
1213 968 1328 1005 etiam
1361 969 1416 1006 in-

84 1027 219 1063 imicos
252 1026 344 1076 poni
377 1024 448 1063 sub
481 1024 645 1074 pedibus
678 1025 762 1061 eius
794 1023 968 1062 nondum
1000 1030 1176 1076 apparet3
1208 1025 1247 1064 id
1279 1027 1417 1078 agitur,

83 1083 284 1134 apparebit
321 1084 359 1121 in
397 1083 489 1134 fine3
529 1084 643 1121 etiam
682 1081 755 1120 hoc
787 1094 891 1120 nunc
924 1083 1115 1134 creditur,
1153 1089 1242 1134 post
1273 1084 1416 1122 videbi-

84 1147 158 1180 tur.
220 1141 363 1180 Verum
396 1140 498 1191 quod
525 1142 722 1191 sequitur:
765 1141 925 1188 Ve'rqam
957 1143 1115 1179 ve'rtute's
1147 1146 1240 1180 tuae
1272 1145 1419 1181 emittet
1446 1149 1488 1179 15

84 1201 275 1239 Dominus
301 1211 353 1238 ex
378 1200 484 1246 Sion,
517 1203 556 1238 et
580 1200 787 1238 dominare
819 1201 858 1237 in
890 1201 1017 1238 medio
1050 1202 1302 1238 inimicorum
1334 1206 1416 1239 tuo-

84 1270 192 1306 rum,
232 1259 284 1296 ita
322 1257 469 1296 clarum
507 1262 586 1308 est,
625 1263 670 1295 ut
707 1268 784 1295 non
828 1256 952 1295 solum
983 1258 1192 1296 infideliter
1223 1264 1262 1296 et
1293 1258 1416 1297 infeli-

85 1318 199 1368 citer,
239 1315 305 1354 sed
345 1317 459 1354 ctiam
498 1314 734 1366 inpudenter
766 1321 940 1366 negetur.
1002 1315 1051 1354 Et
1082 1317 1155 1366 ipsi
1188 1317 1331 1367 quippe
1365 1317 1417 1355 fa-

86 1380 218 1413 tentur
249 1375 395 1412 inimici
427 1386 472 1412 ex
507 1373 599 1411 Sion
632 1375 788 1412 missam
820 1374 940 1412 fuisse
973 1374 1097 1424 legem
1125 1374 1281 1426 Christi,
1314 1374 1416 1425 quod

85 1432 326 1483 evangelium
369 1444 440 1470 nos
484 1443 687 1484 vocamus,
732 1437 771 1470 et
814 1443 897 1470 eam
942 1434 1087 1483 virgam
1132 1433 1288 1471 virtutis
1333 1434 1417 1471 eius
1444 1441 1488 1470 20

85 1492 343 1541 agnoscimus.
404 1489 601 1528 Dominari
644 1502 736 1528 vero
782 1502 871 1529 eum
914 1492 952 1527 in
998 1490 1124 1528 medio
1169 1492 1417 1529 inimicorum

85 1560 246 1587 suorum
284 1548 386 1587 idem
424 1549 515 1600 ipsi,
554 1550 656 1586 inter
688 1560 785 1599 quos
818 1548 1056 1600 dominatur,
1098 1548 1281 1587 dentibus
1314 1550 1416 1587 fren—

84 1606 211 1646 dendo
243 1612 282 1645 et
307 1606 540 1645 tabescendo
568 1612 607 1644 et
632 1606 727 1644 nihil
753 1606 937 1644 adversus
964 1618 1053 1644 eum
1079 1606 1239 1644 valendo
1273 1612 1415 1645 testan-

87 1671 160 1703 tur.
223 1664 368 1703 Deinde
402 1665 504 1715 quod
536 1664 649 1715 paulo
681 1669 770 1714 post
801 1664 911 1703 dicit:
950 1665 1108 1702 Iuravit
1139 1665 1346 1713 Dominus,
1380 1670 1418 1704 et

84 1734 162 1762 uon
204 1724 424 1771 paenitebit
466 1733 572 1770 eum,
618 1721 758 1772 quibus
802 1721 931 1760 verbis
972 1722 1197 1760 inmutabile
1240 1724 1413 1761 futurum
1443 1731 1486 1761 25

85 1793 171 1820 esse
213 1781 419 1832 significat,
458 1780 561 1831 quod
600 1780 792 1830 adiungit:
835 1780 889 1818 Tu
922 1793 962 1819 es
992 1781 1183 1819 sacerdos
1215 1783 1256 1819 iu
1288 1786 1415 1820 aeter-

85 1851 178 1878 uum
216 1841 434 1878 secuudum
472 1840 653 1877 ordinem
692 1839 1003 1886 Melchisedech,
1045 1851 1089 1876 ex
1130 1851 1174 1876 eo
1208 1839 1309 1889 quod
1342 1841 1417 1878 iam

86 1909 277 1948 nusquam
303 1902 363 1935 est
388 1897 648 1936 sacerdotium
674 1902 713 1935 et
739 1897 971 1935 sacrificium
998 1897 1213 1935 secundum
1240 1897 1417 1936 ordinem

85 1955 213 1994 Aaron
239 1960 277 1993 et
302 1955 446 2006 ubique
473 1956 634 1993 offertur
661 1955 733 1993 sub
766 1955 966 1994 sacerdote
994 1955 1160 2006 Christo,
1193 1956 1294 2005 quod
1328 1968 1415 2006 pro—

87 2013 175 2052 tulit
207 2013 502 2064 Melchisedech,
535 2013 687 2063 quando
721 2012 918 2051 benedixit
956 2013 1158 2064 Abraham,
1192 2015 1278 2063 quis
1311 2014 1415 2052 amb-
1442 2023 1488 2053 30

89 2072 194 2122 igere
234 2073 490 2123 permittitur,
523 2071 570 2109 de
603 2084 679 2121 quo
712 2073 784 2110 ista
816 2069 1023 2109 dicantur?
1073 2071 1127 2109 Ad
1160 2071 1254 2110 haec
1287 2073 1415 2123 itaque

180 2162 237 2203 27)
262 2160 318 2194 Ps.
348 2164 423 2203 109,
451 2164 487 2203 13
514 2164 551 2202 23
577 2163 609 2193 4.
659 2162 716 2203 30)
744 2159 830 2195 Gen.
859 2164 912 2204 14,
941 2164 993 2194 18.

181 2291 201 2322 8
228 2287 343 2332 Sicut]
370 2288 550 2332 suspicor:
578 2287 636 2322 Sic
661 2288 722 2331 (cf.
748 2291 837 2331 242,
863 2291 901 2332 3)
919 2290 931 2332 ΙΙ
954 2292 993 2322 12
1020 2288 1088 2322 Dei
1113 2287 1228 2332 patris
1254 2298 1274 2321 v

157 2357 221 2376 Ano
250 2358 291 2377 m:
312 2358 370 2378 CIV.
392 2359 452 2379 DEI.
490 2353 530 2377 11.
1093 2350 1133 2380 16
