<?xml version="1.0" encoding="UTF-8"?>
<!DOCTYPE html PUBLIC "-//W3C//DTD XHTML 1.0 Transitional//EN"
    "http://www.w3.org/TR/xhtml1/DTD/xhtml1-transitional.dtd">
<html xmlns="http://www.w3.org/1999/xhtml" xml:lang="en" lang="en">
 <head>
  <title>
</title>
<meta http-equiv="Content-Type" content="text/html;charset=utf-8" />
  <meta name='ocr-system' content='tesseract 3.04.00' />
  <meta name='ocr-capabilities' content='ocr_page ocr_carea ocr_par ocr_line ocrx_word'/>
</head>
<body>
  <div class='ocr_page' id='page_1' title='image "./sanctiaureliiaug02auguuoft_0573.png"; bbox 0 0 1548 2562; ppageno 0'>
   <div class='ocr_carea' id='block_1_1' title="bbox 410 98 1375 139">
    <p class='ocr_par' dir='ltr' id='par_1_1' title="bbox 410 98 1375 139">
     <span class='ocr_line' id='line_1_1' title="bbox 410 98 1375 139; baseline 0.001 -6"><span class='ocrx_word' id='word_1_1' title='bbox 410 108 463 133; x_wconf 80' lang='lat' dir='ltr'><strong>DE</strong></span> <span class='ocrx_word' id='word_1_2' title='bbox 483 107 671 133; x_wconf 79' lang='lat' dir='ltr'>01V1TATE</span> <span class='ocrx_word' id='word_1_3' title='bbox 690 108 760 133; x_wconf 77' lang='lat' dir='ltr'><strong>Dm</strong></span> <span class='ocrx_word' id='word_1_4' title='bbox 778 108 811 133; x_wconf 77' lang='lat' dir='ltr'><strong>L.</strong></span> <span class='ocrx_word' id='word_1_5' title='bbox 830 108 927 133; x_wconf 80' lang='lat' dir='ltr'><strong>xxn.</strong></span> <span class='ocrx_word' id='word_1_6' title='bbox 947 107 976 133; x_wconf 83' lang='lat' dir='ltr'><strong>c.</strong></span> <span class='ocrx_word' id='word_1_7' title='bbox 996 109 1020 134; x_wconf 83' lang='lat' dir='ltr'><strong>s.</strong></span> <span class='ocrx_word' id='word_1_8' title='bbox 1292 98 1375 139; x_wconf 79' lang='lat'><strong>567</strong></span> 
     </span>
    </p>
   </div>
   <div class='ocr_carea' id='block_1_2' title="bbox 43 196 1378 1292">
    <p class='ocr_par' dir='ltr' id='par_1_2' title="bbox 46 196 1378 596">
     <span class='ocr_line' id='line_1_2' title="bbox 46 196 1377 248; baseline -0.002 -12"><span class='ocrx_word' id='word_1_9' title='bbox 46 200 210 236; x_wconf 86' lang='lat' dir='ltr'><strong>haerere</strong></span> <span class='ocrx_word' id='word_1_10' title='bbox 230 196 484 248; x_wconf 83' lang='lat' dir='ltr'><strong>populorum3</strong></span> <span class='ocrx_word' id='word_1_11' title='bbox 516 196 610 234; x_wconf 89' lang='lat' dir='ltr'><strong>haec</strong></span> <span class='ocrx_word' id='word_1_12' title='bbox 630 202 759 234; x_wconf 88' lang='lat' dir='ltr'><strong>autem</strong></span> <span class='ocrx_word' id='word_1_13' title='bbox 780 196 1015 246; x_wconf 89' lang='lat' dir='ltr'><strong>ubicumque</strong></span> <span class='ocrx_word' id='word_1_14' title='bbox 1036 196 1144 247; x_wconf 83' lang='lat' dir='ltr'><strong>fiunt,</strong></span> <span class='ocrx_word' id='word_1_15' title='bbox 1175 196 1228 234; x_wconf 90' lang='lat' dir='ltr'><strong>ibi</strong></span> <span class='ocrx_word' id='word_1_16' title='bbox 1249 198 1377 234; x_wconf 90' lang='lat' dir='ltr'><strong>sciun-</strong></span> 
     </span>
     <span class='ocr_line' id='line_1_3' title="bbox 48 254 1377 305; baseline -0.002 -11"><span class='ocrx_word' id='word_1_17' title='bbox 48 261 114 295; x_wconf 99' lang='lat' dir='ltr'><strong>tur</strong></span> <span class='ocrx_word' id='word_1_18' title='bbox 146 256 207 293; x_wconf 85' lang='lat' dir='ltr'><strong>vix</strong></span> <span class='ocrx_word' id='word_1_19' title='bbox 245 267 264 293; x_wconf 92' lang='lat' dir='ltr'><strong>a</strong></span> <span class='ocrx_word' id='word_1_20' title='bbox 306 259 386 293; x_wconf 87' lang='lat' dir='ltr'><strong>tota</strong></span> <span class='ocrx_word' id='word_1_21' title='bbox 418 256 501 305; x_wconf 89' lang='lat' dir='ltr'><strong>ipsa</strong></span> <span class='ocrx_word' id='word_1_22' title='bbox 545 255 696 292; x_wconf 87' lang='lat' dir='ltr'><strong>civitate</strong></span> <span class='ocrx_word' id='word_1_23' title='bbox 741 254 801 292; x_wconf 91' lang='lat' dir='ltr'><strong>vel</strong></span> <span class='ocrx_word' id='word_1_24' title='bbox 844 266 1088 304; x_wconf 89' lang='lat' dir='ltr'><strong>quocumque</strong></span> <span class='ocrx_word' id='word_1_25' title='bbox 1133 266 1377 292; x_wconf 89' lang='lat' dir='ltr'><strong>commanen-</strong></span> 
     </span>
     <span class='ocr_line' id='line_1_4' title="bbox 48 312 1378 363; baseline -0.002 -11"><span class='ocrx_word' id='word_1_26' title='bbox 48 316 145 352; x_wconf 87' lang='lat' dir='ltr'><strong>tium</strong></span> <span class='ocrx_word' id='word_1_27' title='bbox 183 313 278 351; x_wconf 89' lang='lat' dir='ltr'><strong>loco.</strong></span> <span class='ocrx_word' id='word_1_28' title='bbox 340 312 436 350; x_wconf 89' lang='lat' dir='ltr'><strong>Nam</strong></span> <span class='ocrx_word' id='word_1_29' title='bbox 473 312 703 363; x_wconf 89' lang='lat' dir='ltr'><strong>plerumque</strong></span> <span class='ocrx_word' id='word_1_30' title='bbox 741 314 856 351; x_wconf 91' lang='lat' dir='ltr'><strong>etiam</strong></span> <span class='ocrx_word' id='word_1_31' title='bbox 896 312 949 350; x_wconf 92' lang='lat' dir='ltr'><strong>ibi</strong></span> <span class='ocrx_word' id='word_1_32' title='bbox 988 313 1211 363; x_wconf 85' lang='lat' dir='ltr'><strong>paucissimi</strong></span> <span class='ocrx_word' id='word_1_33' title='bbox 1249 314 1378 351; x_wconf 85' lang='lat' dir='ltr'><strong>sciunt</strong></span> 
     </span>
     <span class='ocr_line' id='line_1_5' title="bbox 47 370 1378 422; baseline -0.002 -12"><span class='ocrx_word' id='word_1_34' title='bbox 47 370 317 422; x_wconf 81' lang='lat' dir='ltr'>ignorantibus</span> <span class='ocrx_word' id='word_1_35' title='bbox 368 371 533 422; x_wconf 89' lang='lat' dir='ltr'><strong>ceteris,</strong></span> <span class='ocrx_word' id='word_1_36' title='bbox 583 371 745 408; x_wconf 84' lang='lat' dir='ltr'>maxime</span> <span class='ocrx_word' id='word_1_37' title='bbox 791 372 823 409; x_wconf 92' lang='lat' dir='ltr'><strong>si</strong></span> <span class='ocrx_word' id='word_1_38' title='bbox 865 382 1003 421; x_wconf 82' lang='lat' dir='ltr'><strong>magna</strong></span> <span class='ocrx_word' id='word_1_39' title='bbox 1046 372 1096 409; x_wconf 90' lang='lat' dir='ltr'><strong>sit</strong></span> <span class='ocrx_word' id='word_1_40' title='bbox 1145 371 1295 422; x_wconf 78' lang='lat' dir='ltr'><strong>civitas3</strong></span> <span class='ocrx_word' id='word_1_41' title='bbox 1340 376 1378 408; x_wconf 87' lang='lat' dir='ltr'><strong>et</strong></span> 
     </span>
     <span class='ocr_line' id='line_1_6' title="bbox 49 428 1378 480; baseline 0 -13"><span class='ocrx_word' id='word_1_42' title='bbox 49 429 202 480; x_wconf 89' lang='lat' dir='ltr'><strong>quando</strong></span> <span class='ocrx_word' id='word_1_43' title='bbox 236 428 325 467; x_wconf 91' lang='lat' dir='ltr'><strong>alibi</strong></span> <span class='ocrx_word' id='word_1_44' title='bbox 357 428 518 479; x_wconf 87' lang='lat' dir='ltr'><strong>aliisque</strong></span> <span class='ocrx_word' id='word_1_45' title='bbox 551 433 779 480; x_wconf 90' lang='lat' dir='ltr'><strong>narrantur,</strong></span> <span class='ocrx_word' id='word_1_46' title='bbox 810 440 888 467; x_wconf 91' lang='lat' dir='ltr'><strong>non</strong></span> <span class='ocrx_word' id='word_1_47' title='bbox 919 433 1026 467; x_wconf 90' lang='lat' dir='ltr'><strong>tanta</strong></span> <span class='ocrx_word' id='word_1_48' title='bbox 1058 440 1102 467; x_wconf 91' lang='lat' dir='ltr'><strong>ea</strong></span> <span class='ocrx_word' id='word_1_49' title='bbox 1133 428 1378 467; x_wconf 79' lang='lat' dir='ltr'>commendat</span> 
     </span>
     <span class='ocr_line' id='line_1_7' title="bbox 47 486 1378 539; baseline 0 -13"><span class='ocrx_word' id='word_1_50' title='bbox 47 489 275 539; x_wconf 81' lang='lat' dir='ltr'><strong>auctoritas,</strong></span> <span class='ocrx_word' id='word_1_51' title='bbox 314 492 358 525; x_wconf 89' lang='lat' dir='ltr'><strong>ut</strong></span> <span class='ocrx_word' id='word_1_52' title='bbox 398 488 480 524; x_wconf 89' lang='lat' dir='ltr'><strong>sine</strong></span> <span class='ocrx_word' id='word_1_53' title='bbox 522 486 748 525; x_wconf 85' lang='lat' dir='ltr'><strong>difficultate</strong></span> <span class='ocrx_word' id='word_1_54' title='bbox 785 486 844 524; x_wconf 84' lang='lat' dir='ltr'><strong>vel</strong></span> <span class='ocrx_word' id='word_1_55' title='bbox 882 486 1123 525; x_wconf 84' lang='lat' dir='ltr'><strong>dubitatione</strong></span> <span class='ocrx_word' id='word_1_56' title='bbox 1157 487 1378 527; x_wconf 82' lang='lat' dir='ltr'><strong>credantur.</strong></span> 
     </span>
     <span class='ocr_line' id='line_1_8' title="bbox 46 543 1218 596; baseline -0.001 -12"><span class='ocrx_word' id='word_1_57' title='bbox 46 547 221 596; x_wconf 88' lang='lat' dir='ltr'><strong>quamvis</strong></span> <span class='ocrx_word' id='word_1_58' title='bbox 254 544 481 583; x_wconf 87' lang='lat' dir='ltr'><strong>Christianis</strong></span> <span class='ocrx_word' id='word_1_59' title='bbox 514 543 692 582; x_wconf 87' lang='lat' dir='ltr'><strong>fidelihus</strong></span> <span class='ocrx_word' id='word_1_60' title='bbox 724 556 744 582; x_wconf 91' lang='lat' dir='ltr'><strong>a</strong></span> <span class='ocrx_word' id='word_1_61' title='bbox 775 544 953 583; x_wconf 88' lang='lat' dir='ltr'><strong>fidelibus</strong></span> <span class='ocrx_word' id='word_1_62' title='bbox 985 545 1218 583; x_wconf 89' lang='lat' dir='ltr'><strong>indicentur.</strong></span> 
     </span>
    </p>

    <p class='ocr_par' dir='ltr' id='par_1_3' title="bbox 45 601 1378 1061">
     <span class='ocr_line' id='line_1_9' title="bbox 163 601 1375 655; baseline 0.001 -14"><span class='ocrx_word' id='word_1_63' title='bbox 163 602 403 655; x_wconf 83' lang='lat' dir='ltr'><strong>Miraculum,</strong></span> <span class='ocrx_word' id='word_1_64' title='bbox 430 601 532 652; x_wconf 86' lang='lat' dir='ltr'><strong>quod</strong></span> <span class='ocrx_word' id='word_1_65' title='bbox 558 601 762 641; x_wconf 84' lang='lat' dir='ltr'><strong>Mediolani</strong></span> <span class='ocrx_word' id='word_1_66' title='bbox 789 603 932 641; x_wconf 88' lang='lat' dir='ltr'><strong>factum</strong></span> <span class='ocrx_word' id='word_1_67' title='bbox 958 608 1029 655; x_wconf 91' lang='lat' dir='ltr'><strong>est,</strong></span> <span class='ocrx_word' id='word_1_68' title='bbox 1054 616 1143 642; x_wconf 87' lang='lat' dir='ltr'><strong>cum</strong></span> <span class='ocrx_word' id='word_1_69' title='bbox 1168 603 1246 641; x_wconf 90' lang='lat' dir='ltr'><strong>illic</strong></span> <span class='ocrx_word' id='word_1_70' title='bbox 1273 615 1375 642; x_wconf 90' lang='lat' dir='ltr'><strong>esse-</strong></span> 
     </span>
     <span class='ocr_line' id='line_1_10' title="bbox 47 661 1377 713; baseline 0 -13"><span class='ocrx_word' id='word_1_71' title='bbox 47 674 145 713; x_wconf 85' lang='lat' dir='ltr'><strong>mus,</strong></span> <span class='ocrx_word' id='word_1_72' title='bbox 173 661 324 712; x_wconf 91' lang='lat' dir='ltr'><strong>quando</strong></span> <span class='ocrx_word' id='word_1_73' title='bbox 350 661 602 699; x_wconf 88' lang='lat' dir='ltr'><strong>inluminatus</strong></span> <span class='ocrx_word' id='word_1_74' title='bbox 629 667 688 699; x_wconf 90' lang='lat' dir='ltr'><strong>est</strong></span> <span class='ocrx_word' id='word_1_75' title='bbox 714 673 864 713; x_wconf 87' lang='lat' dir='ltr'><strong>caecus,</strong></span> <span class='ocrx_word' id='word_1_76' title='bbox 890 662 936 700; x_wconf 92' lang='lat' dir='ltr'><strong>ad</strong></span> <span class='ocrx_word' id='word_1_77' title='bbox 963 661 1175 700; x_wconf 87' lang='lat' dir='ltr'><strong>multorum</strong></span> <span class='ocrx_word' id='word_1_78' title='bbox 1202 663 1377 700; x_wconf 83' lang='lat' dir='ltr'><strong>notitiam</strong></span> 
     </span>
     <span class='ocr_line' id='line_1_11' title="bbox 46 719 1377 771; baseline 0 -13"><span class='ocrx_word' id='word_1_79' title='bbox 46 721 172 771; x_wconf 84' lang='lat' dir='ltr'><strong>potuit</strong></span> <span class='ocrx_word' id='word_1_80' title='bbox 209 720 432 770; x_wconf 87' lang='lat' dir='ltr'><strong>pervenire,</strong></span> <span class='ocrx_word' id='word_1_81' title='bbox 471 720 560 769; x_wconf 89' lang='lat' dir='ltr'><strong>quia</strong></span> <span class='ocrx_word' id='word_1_82' title='bbox 599 724 637 757; x_wconf 90' lang='lat' dir='ltr'><strong>et</strong></span> <span class='ocrx_word' id='word_1_83' title='bbox 668 719 823 770; x_wconf 85' lang='lat' dir='ltr'><strong>grandis</strong></span> <span class='ocrx_word' id='word_1_84' title='bbox 864 725 924 758; x_wconf 89' lang='lat' dir='ltr'><strong>est</strong></span> <span class='ocrx_word' id='word_1_85' title='bbox 967 721 1100 758; x_wconf 86' lang='lat' dir='ltr'><strong>civitas</strong></span> <span class='ocrx_word' id='word_1_86' title='bbox 1138 725 1177 758; x_wconf 87' lang='lat' dir='ltr'><strong>et</strong></span> <span class='ocrx_word' id='word_1_87' title='bbox 1208 719 1261 758; x_wconf 90' lang='lat' dir='ltr'><strong>ibi</strong></span> <span class='ocrx_word' id='word_1_88' title='bbox 1294 725 1377 758; x_wconf 88' lang='lat' dir='ltr'><strong>erat</strong></span> 
     </span>
     <span class='ocr_line' id='line_1_12' title="bbox 46 777 1378 829; baseline 0 -13"><span class='ocrx_word' id='word_1_89' title='bbox 46 784 140 817; x_wconf 89' lang='lat' dir='ltr'><strong>tunc</strong></span> <span class='ocrx_word' id='word_1_90' title='bbox 177 779 389 828; x_wconf 89' lang='lat' dir='ltr'><strong>imperator</strong></span> <span class='ocrx_word' id='word_1_91' title='bbox 439 782 477 815; x_wconf 92' lang='lat' dir='ltr'><strong>et</strong></span> <span class='ocrx_word' id='word_1_92' title='bbox 519 778 695 815; x_wconf 91' lang='lat' dir='ltr'><strong>inmenso</strong></span> <span class='ocrx_word' id='word_1_93' title='bbox 739 777 881 828; x_wconf 87' lang='lat' dir='ltr'><strong>populo</strong></span> <span class='ocrx_word' id='word_1_94' title='bbox 928 783 1026 816; x_wconf 87' lang='lat' dir='ltr'><strong>teste</strong></span> <span class='ocrx_word' id='word_1_95' title='bbox 1070 790 1134 817; x_wconf 86' lang='lat' dir='ltr'><strong>res</strong></span> <span class='ocrx_word' id='word_1_96' title='bbox 1171 784 1278 829; x_wconf 86' lang='lat' dir='ltr'><strong>gesta</strong></span> <span class='ocrx_word' id='word_1_97' title='bbox 1319 783 1378 816; x_wconf 90' lang='lat' dir='ltr'><strong>est</strong></span> 
     </span>
     <span class='ocr_line' id='line_1_13' title="bbox 46 835 1377 888; baseline 0 -14"><span class='ocrx_word' id='word_1_98' title='bbox 46 842 305 874; x_wconf 84' lang='lat' dir='ltr'><strong>concurrente</strong></span> <span class='ocrx_word' id='word_1_99' title='bbox 350 835 395 873; x_wconf 90' lang='lat' dir='ltr'><strong>ad</strong></span> <span class='ocrx_word' id='word_1_100' title='bbox 439 847 602 886; x_wconf 90' lang='lat' dir='ltr'><strong>corpora</strong></span> <span class='ocrx_word' id='word_1_101' title='bbox 646 841 857 886; x_wconf 83' lang='lat' dir='ltr'><strong>martyrum</strong></span> <span class='ocrx_word' id='word_1_102' title='bbox 897 835 1063 874; x_wconf 88' lang='lat' dir='ltr'><strong>Protasii</strong></span> <span class='ocrx_word' id='word_1_103' title='bbox 1106 842 1144 874; x_wconf 87' lang='lat' dir='ltr'><strong>et</strong></span> <span class='ocrx_word' id='word_1_104' title='bbox 1188 836 1377 888; x_wconf 84' lang='lat' dir='ltr'><strong>Gervasii3</strong></span> 
     </span>
     <span class='ocr_line' id='line_1_14' title="bbox 46 893 1376 946; baseline 0 -14"><span class='ocrx_word' id='word_1_105' title='bbox 46 906 144 945; x_wconf 85' lang='lat' dir='ltr'><strong>quae</strong></span> <span class='ocrx_word' id='word_1_106' title='bbox 184 906 272 932; x_wconf 90' lang='lat' dir='ltr'><strong>cum</strong></span> <span class='ocrx_word' id='word_1_107' title='bbox 310 893 476 931; x_wconf 88' lang='lat' dir='ltr'><strong>laterent</strong></span> <span class='ocrx_word' id='word_1_108' title='bbox 514 899 551 931; x_wconf 87' lang='lat' dir='ltr'><strong>et</strong></span> <span class='ocrx_word' id='word_1_109' title='bbox 583 895 738 944; x_wconf 91' lang='lat' dir='ltr'><strong>penitus</strong></span> <span class='ocrx_word' id='word_1_110' title='bbox 771 895 1035 946; x_wconf 83' lang='lat' dir='ltr'><strong>nescirentur,</strong></span> <span class='ocrx_word' id='word_1_111' title='bbox 1074 896 1256 946; x_wconf 88' lang='lat' dir='ltr'><strong>episcopo</strong></span> <span class='ocrx_word' id='word_1_112' title='bbox 1289 895 1376 933; x_wconf 90' lang='lat' dir='ltr'><strong>Am-</strong></span> 
     </span>
     <span class='ocr_line' id='line_1_15' title="bbox 45 951 1376 1004; baseline 0 -14"><span class='ocrx_word' id='word_1_113' title='bbox 45 951 177 990; x_wconf 88' lang='lat' dir='ltr'><strong>brosio</strong></span> <span class='ocrx_word' id='word_1_114' title='bbox 203 964 273 1003; x_wconf 90' lang='lat' dir='ltr'><strong>per</strong></span> <span class='ocrx_word' id='word_1_115' title='bbox 300 953 493 989; x_wconf 87' lang='lat' dir='ltr'><strong>somnium</strong></span> <span class='ocrx_word' id='word_1_116' title='bbox 518 951 686 989; x_wconf 83' lang='lat' dir='ltr'><strong>revelata</strong></span> <span class='ocrx_word' id='word_1_117' title='bbox 718 957 872 1002; x_wconf 85' lang='lat' dir='ltr'><strong>reperta</strong></span> <span class='ocrx_word' id='word_1_118' title='bbox 904 957 1011 1004; x_wconf 83' lang='lat' dir='ltr'><strong>sunt3</strong></span> <span class='ocrx_word' id='word_1_119' title='bbox 1043 952 1110 991; x_wconf 90' lang='lat' dir='ltr'><strong>ubi</strong></span> <span class='ocrx_word' id='word_1_120' title='bbox 1142 964 1281 991; x_wconf 88' lang='lat' dir='ltr'><strong>caecus</strong></span> <span class='ocrx_word' id='word_1_121' title='bbox 1313 952 1376 990; x_wconf 89' lang='lat' dir='ltr'><strong>ille</strong></span> 
     </span>
     <span class='ocr_line' id='line_1_16' title="bbox 46 1008 919 1061; baseline -0.001 -13"><span class='ocrx_word' id='word_1_122' title='bbox 46 1009 218 1061; x_wconf 89' lang='lat' dir='ltr'><strong>depulsis</strong></span> <span class='ocrx_word' id='word_1_123' title='bbox 249 1009 445 1048; x_wconf 86' lang='lat' dir='ltr'><strong>veteribus</strong></span> <span class='ocrx_word' id='word_1_124' title='bbox 478 1008 649 1047; x_wconf 88' lang='lat' dir='ltr'><strong>tenebris</strong></span> <span class='ocrx_word' id='word_1_125' title='bbox 682 1009 784 1047; x_wconf 89' lang='lat' dir='ltr'><strong>diem</strong></span> <span class='ocrx_word' id='word_1_126' title='bbox 815 1010 919 1048; x_wconf 88' lang='lat' dir='ltr'><strong>vidit.</strong></span> 
     </span>
    </p>

    <p class='ocr_par' dir='ltr' id='par_1_4' title="bbox 43 1066 1378 1292">
     <span class='ocr_line' id='line_1_17' title="bbox 163 1066 1374 1121; baseline -0.001 -15"><span class='ocrx_word' id='word_1_127' title='bbox 163 1067 273 1118; x_wconf 88' lang='lat' dir='ltr'><strong>Apud</strong></span> <span class='ocrx_word' id='word_1_128' title='bbox 313 1066 583 1118; x_wconf 83' lang='lat' dir='ltr'><strong>Carthaginem</strong></span> <span class='ocrx_word' id='word_1_129' title='bbox 622 1073 751 1105; x_wconf 89' lang='lat' dir='ltr'><strong>autem</strong></span> <span class='ocrx_word' id='word_1_130' title='bbox 790 1069 876 1118; x_wconf 88' lang='lat' dir='ltr'><strong>quis</strong></span> <span class='ocrx_word' id='word_1_131' title='bbox 914 1069 1215 1121; x_wconf 35' lang='lat' dir='ltr'><strong>novitflpraeter</strong></span> <span class='ocrx_word' id='word_1_132' title='bbox 1247 1068 1374 1106; x_wconf 89' lang='lat' dir='ltr'><strong>admo-</strong></span> 
     </span>
     <span class='ocr_line' id='line_1_18' title="bbox 45 1124 1377 1178; baseline -0.001 -13"><span class='ocrx_word' id='word_1_133' title='bbox 45 1127 138 1165; x_wconf 90' lang='lat' dir='ltr'><strong>dum</strong></span> <span class='ocrx_word' id='word_1_134' title='bbox 169 1126 423 1176; x_wconf 88' lang='lat' dir='ltr'><strong>paucissimos</strong></span> <span class='ocrx_word' id='word_1_135' title='bbox 461 1124 645 1176; x_wconf 87' lang='lat' dir='ltr'><strong>salutem,</strong></span> <span class='ocrx_word' id='word_1_136' title='bbox 685 1137 782 1176; x_wconf 87' lang='lat' dir='ltr'><strong>quae</strong></span> <span class='ocrx_word' id='word_1_137' title='bbox 824 1127 921 1164; x_wconf 84' lang='lat' dir='ltr'><strong>sacta</strong></span> <span class='ocrx_word' id='word_1_138' title='bbox 954 1131 1013 1165; x_wconf 92' lang='lat' dir='ltr'><strong>est</strong></span> <span class='ocrx_word' id='word_1_139' title='bbox 1043 1126 1289 1178; x_wconf 86' lang='lat' dir='ltr'><strong>Innocentio,</strong></span> <span class='ocrx_word' id='word_1_140' title='bbox 1331 1139 1377 1164; x_wconf 88' lang='lat' dir='ltr'><strong>ex</strong></span> 
     </span>
     <span class='ocr_line' id='line_1_19' title="bbox 47 1183 1378 1235; baseline 0.001 -13"><span class='ocrx_word' id='word_1_141' title='bbox 47 1184 230 1223; x_wconf 87' lang='lat' dir='ltr'><strong>advocato</strong></span> <span class='ocrx_word' id='word_1_142' title='bbox 277 1184 441 1221; x_wconf 89' lang='lat' dir='ltr'><strong>vicariae</strong></span> <span class='ocrx_word' id='word_1_143' title='bbox 488 1183 778 1235; x_wconf 78' lang='lat' dir='ltr'><strong>praefecturae,</strong></span> <span class='ocrx_word' id='word_1_144' title='bbox 820 1183 888 1222; x_wconf 88' lang='lat' dir='ltr'><strong>uhi</strong></span> <span class='ocrx_word' id='word_1_145' title='bbox 931 1196 1002 1222; x_wconf 92' lang='lat' dir='ltr'><strong>nos</strong></span> <span class='ocrx_word' id='word_1_146' title='bbox 1045 1185 1295 1223; x_wconf 86' lang='lat' dir='ltr'><strong>interfuimus</strong></span> <span class='ocrx_word' id='word_1_147' title='bbox 1340 1190 1378 1223; x_wconf 92' lang='lat' dir='ltr'><strong>et</strong></span> 
     </span>
     <span class='ocr_line' id='line_1_20' title="bbox 43 1239 1376 1292; baseline 0 -12"><span class='ocrx_word' id='word_1_148' title='bbox 43 1242 168 1280; x_wconf 88' lang='lat' dir='ltr'><strong>oculis</strong></span> <span class='ocrx_word' id='word_1_149' title='bbox 193 1243 412 1292; x_wconf 83' lang='lat' dir='ltr'><strong>aspeximus</strong></span> <span class='ocrx_word' id='word_1_150' title='bbox 439 1239 613 1279; x_wconf 74' lang='lat' dir='ltr'><strong>nostris?</strong></span> <span class='ocrx_word' id='word_1_151' title='bbox 660 1240 867 1280; x_wconf 86' lang='lat' dir='ltr'><strong>Venientes</strong></span> <span class='ocrx_word' id='word_1_152' title='bbox 900 1243 1003 1280; x_wconf 90' lang='lat' dir='ltr'><strong>enim</strong></span> <span class='ocrx_word' id='word_1_153' title='bbox 1029 1242 1075 1281; x_wconf 91' lang='lat' dir='ltr'><strong>de</strong></span> <span class='ocrx_word' id='word_1_154' title='bbox 1108 1244 1376 1281; x_wconf 85' lang='lat' dir='ltr'><strong>transmarinis</strong></span> 
     </span>
    </p>
   </div>
   <div class='ocr_carea' id='block_1_3' title="bbox 45 1299 1410 1351">
    <p class='ocr_par' dir='ltr' id='par_1_5' title="bbox 45 1299 1410 1351">
     <span class='ocr_line' id='line_1_21' title="bbox 45 1299 1410 1351; baseline -0.001 -12"><span class='ocrx_word' id='word_1_155' title='bbox 45 1313 106 1339; x_wconf 91' lang='lat' dir='ltr'><strong>me</strong></span> <span class='ocrx_word' id='word_1_156' title='bbox 139 1304 178 1338; x_wconf 87' lang='lat' dir='ltr'><strong>et</strong></span> <span class='ocrx_word' id='word_1_157' title='bbox 215 1300 375 1338; x_wconf 83' lang='lat' dir='ltr'><strong>fratrem</strong></span> <span class='ocrx_word' id='word_1_158' title='bbox 412 1311 541 1337; x_wconf 90' lang='lat' dir='ltr'><strong>meum</strong></span> <span class='ocrx_word' id='word_1_159' title='bbox 573 1299 768 1351; x_wconf 86' lang='lat' dir='ltr'><strong>Alypium,</strong></span> <span class='ocrx_word' id='word_1_160' title='bbox 806 1299 977 1338; x_wconf 85' lang='lat' dir='ltr'><strong>nondum</strong></span> <span class='ocrx_word' id='word_1_161' title='bbox 1011 1301 1168 1350; x_wconf 84' lang='lat' dir='ltr'><strong>quidem</strong></span> <span class='ocrx_word' id='word_1_162' title='bbox 1200 1300 1375 1351; x_wconf 89' lang='lat' dir='ltr'><strong>clericos,</strong></span> <span class='ocrx_word' id='word_1_163' title='bbox 1404 1318 1410 1323; x_wconf 94' lang='lat'>·</span> 
     </span>
    </p>
   </div>
   <div class='ocr_carea' id='block_1_4' title="bbox 42 1356 1375 2166">
    <p class='ocr_par' dir='ltr' id='par_1_6' title="bbox 42 1356 1375 2166">
     <span class='ocr_line' id='line_1_22' title="bbox 45 1356 1374 1408; baseline 0.001 -12"><span class='ocrx_word' id='word_1_164' title='bbox 45 1358 114 1396; x_wconf 89' lang='lat' dir='ltr'><strong>sed</strong></span> <span class='ocrx_word' id='word_1_165' title='bbox 145 1359 220 1396; x_wconf 91' lang='lat' dir='ltr'><strong>iam</strong></span> <span class='ocrx_word' id='word_1_166' title='bbox 252 1356 330 1395; x_wconf 86' lang='lat' dir='ltr'><strong>Deo</strong></span> <span class='ocrx_word' id='word_1_167' title='bbox 364 1358 588 1408; x_wconf 81' lang='lat' dir='ltr'><strong>servientes,</strong></span> <span class='ocrx_word' id='word_1_168' title='bbox 621 1362 665 1395; x_wconf 88' lang='lat' dir='ltr'><strong>ut</strong></span> <span class='ocrx_word' id='word_1_169' title='bbox 695 1362 778 1395; x_wconf 87' lang='lat' dir='ltr'><strong>erat</strong></span> <span class='ocrx_word' id='word_1_170' title='bbox 809 1370 897 1397; x_wconf 89' lang='lat' dir='ltr'><strong>cum</strong></span> <span class='ocrx_word' id='word_1_171' title='bbox 929 1363 1008 1396; x_wconf 87' lang='lat' dir='ltr'><strong>tota</strong></span> <span class='ocrx_word' id='word_1_172' title='bbox 1040 1358 1153 1396; x_wconf 91' lang='lat' dir='ltr'><strong>domo</strong></span> <span class='ocrx_word' id='word_1_173' title='bbox 1187 1371 1255 1397; x_wconf 89' lang='lat' dir='ltr'><strong>sua</strong></span> <span class='ocrx_word' id='word_1_174' title='bbox 1287 1359 1374 1397; x_wconf 88' lang='lat' dir='ltr'><strong>reli-</strong></span> 
     </span>
     <span class='ocr_line' id='line_1_23' title="bbox 44 1416 1374 1468; baseline 0.001 -14"><span class='ocrx_word' id='word_1_175' title='bbox 44 1417 308 1468; x_wconf 82' lang='lat' dir='ltr'><strong>giosissimus,</strong></span> <span class='ocrx_word' id='word_1_176' title='bbox 340 1417 421 1466; x_wconf 88' lang='lat' dir='ltr'><strong>ipse</strong></span> <span class='ocrx_word' id='word_1_177' title='bbox 455 1420 700 1467; x_wconf 86' lang='lat' dir='ltr'><strong>susceperat,</strong></span> <span class='ocrx_word' id='word_1_178' title='bbox 732 1421 769 1454; x_wconf 90' lang='lat' dir='ltr'><strong>et</strong></span> <span class='ocrx_word' id='word_1_179' title='bbox 801 1416 902 1467; x_wconf 90' lang='lat' dir='ltr'><strong>apud</strong></span> <span class='ocrx_word' id='word_1_180' title='bbox 934 1428 1023 1454; x_wconf 91' lang='lat' dir='ltr'><strong>eum</strong></span> <span class='ocrx_word' id='word_1_181' title='bbox 1055 1422 1148 1455; x_wconf 88' lang='lat' dir='ltr'><strong>tunc</strong></span> <span class='ocrx_word' id='word_1_182' title='bbox 1180 1416 1374 1455; x_wconf 87' lang='lat' dir='ltr'><strong>habitaba-</strong></span> 
     </span>
     <span class='ocr_line' id='line_1_24' title="bbox 45 1472 1374 1526; baseline 0 -13"><span class='ocrx_word' id='word_1_183' title='bbox 45 1486 143 1513; x_wconf 91' lang='lat' dir='ltr'><strong>mus.</strong></span> <span class='ocrx_word' id='word_1_184' title='bbox 206 1472 422 1512; x_wconf 86' lang='lat' dir='ltr'><strong>Curabatur</strong></span> <span class='ocrx_word' id='word_1_185' title='bbox 448 1485 468 1511; x_wconf 87' lang='lat' dir='ltr'><strong>a</strong></span> <span class='ocrx_word' id='word_1_186' title='bbox 494 1473 654 1511; x_wconf 88' lang='lat' dir='ltr'><strong>medicis</strong></span> <span class='ocrx_word' id='word_1_187' title='bbox 679 1473 839 1526; x_wconf 87' lang='lat' dir='ltr'><strong>fistulas,</strong></span> <span class='ocrx_word' id='word_1_188' title='bbox 872 1486 966 1525; x_wconf 88' lang='lat' dir='ltr'><strong>quas</strong></span> <span class='ocrx_word' id='word_1_189' title='bbox 999 1487 1227 1514; x_wconf 90' lang='lat' dir='ltr'><strong>numerosas</strong></span> <span class='ocrx_word' id='word_1_190' title='bbox 1259 1480 1374 1526; x_wconf 86' lang='lat' dir='ltr'><strong>atque</strong></span> 
     </span>
     <span class='ocr_line' id='line_1_25' title="bbox 44 1530 1374 1584; baseline 0.001 -14"><span class='ocrx_word' id='word_1_191' title='bbox 44 1532 248 1583; x_wconf 84' lang='lat' dir='ltr'><strong>perplexas</strong></span> <span class='ocrx_word' id='word_1_192' title='bbox 284 1530 420 1569; x_wconf 89' lang='lat' dir='ltr'><strong>habuit</strong></span> <span class='ocrx_word' id='word_1_193' title='bbox 456 1533 495 1569; x_wconf 89' lang='lat' dir='ltr'><strong>in</strong></span> <span class='ocrx_word' id='word_1_194' title='bbox 533 1533 750 1582; x_wconf 88' lang='lat' dir='ltr'><strong>posteriore</strong></span> <span class='ocrx_word' id='word_1_195' title='bbox 792 1537 906 1583; x_wconf 85' lang='lat' dir='ltr'><strong>atque</strong></span> <span class='ocrx_word' id='word_1_196' title='bbox 938 1534 1014 1571; x_wconf 86' lang='lat' dir='ltr'><strong>ima</strong></span> <span class='ocrx_word' id='word_1_197' title='bbox 1046 1534 1222 1584; x_wconf 88' lang='lat' dir='ltr'><strong>corporis</strong></span> <span class='ocrx_word' id='word_1_198' title='bbox 1252 1539 1374 1584; x_wconf 91' lang='lat' dir='ltr'><strong>parte.</strong></span> 
     </span>
     <span class='ocr_line' id='line_1_26' title="bbox 45 1590 1374 1642; baseline 0.001 -14"><span class='ocrx_word' id='word_1_199' title='bbox 45 1590 124 1629; x_wconf 82' lang='lat' dir='ltr'><strong>Iam</strong></span> <span class='ocrx_word' id='word_1_200' title='bbox 150 1595 356 1628; x_wconf 77' lang='lat' dir='ltr'><strong>secuerant</strong></span> <span class='ocrx_word' id='word_1_201' title='bbox 381 1601 469 1628; x_wconf 89' lang='lat' dir='ltr'><strong>eum</strong></span> <span class='ocrx_word' id='word_1_202' title='bbox 496 1595 534 1628; x_wconf 87' lang='lat' dir='ltr'><strong>et</strong></span> <span class='ocrx_word' id='word_1_203' title='bbox 560 1591 654 1628; x_wconf 88' lang='lat' dir='ltr'><strong>artis</strong></span> <span class='ocrx_word' id='word_1_204' title='bbox 679 1601 770 1629; x_wconf 89' lang='lat' dir='ltr'><strong>suae</strong></span> <span class='ocrx_word' id='word_1_205' title='bbox 803 1595 933 1629; x_wconf 85' lang='lat' dir='ltr'><strong>cetera</strong></span> <span class='ocrx_word' id='word_1_206' title='bbox 965 1591 1257 1629; x_wconf 87' lang='lat' dir='ltr'><strong>medicamentis</strong></span> <span class='ocrx_word' id='word_1_207' title='bbox 1289 1603 1374 1642; x_wconf 82' lang='lat' dir='ltr'><strong>age-</strong></span> 
     </span>
     <span class='ocr_line' id='line_1_27' title="bbox 44 1647 1374 1688; baseline 0 -1"><span class='ocrx_word' id='word_1_208' title='bbox 44 1648 148 1687; x_wconf 91' lang='lat' dir='ltr'><strong>bant.</strong></span> <span class='ocrx_word' id='word_1_209' title='bbox 208 1647 350 1686; x_wconf 89' lang='lat' dir='ltr'><strong>Passus</strong></span> <span class='ocrx_word' id='word_1_210' title='bbox 387 1653 517 1686; x_wconf 82' lang='lat' dir='ltr'><strong>autem</strong></span> <span class='ocrx_word' id='word_1_211' title='bbox 555 1649 682 1686; x_wconf 84' lang='lat' dir='ltr'><strong>fuerat</strong></span> <span class='ocrx_word' id='word_1_212' title='bbox 718 1649 758 1686; x_wconf 89' lang='lat' dir='ltr'><strong>in</strong></span> <span class='ocrx_word' id='word_1_213' title='bbox 799 1650 972 1687; x_wconf 88' lang='lat' dir='ltr'><strong>sectione</strong></span> <span class='ocrx_word' id='word_1_214' title='bbox 1004 1648 1066 1688; x_wconf 89' lang='lat' dir='ltr'><strong>illa</strong></span> <span class='ocrx_word' id='word_1_215' title='bbox 1099 1654 1137 1687; x_wconf 92' lang='lat' dir='ltr'><strong>et</strong></span> <span class='ocrx_word' id='word_1_216' title='bbox 1168 1649 1374 1688; x_wconf 88' lang='lat' dir='ltr'><strong>diuturnos</strong></span> 
     </span>
     <span class='ocr_line' id='line_1_28' title="bbox 46 1705 1375 1746; baseline 0 -1"><span class='ocrx_word' id='word_1_217' title='bbox 46 1712 85 1745; x_wconf 90' lang='lat' dir='ltr'><strong>et</strong></span> <span class='ocrx_word' id='word_1_218' title='bbox 111 1705 271 1744; x_wconf 89' lang='lat' dir='ltr'><strong>acerbos</strong></span> <span class='ocrx_word' id='word_1_219' title='bbox 298 1705 462 1744; x_wconf 91' lang='lat' dir='ltr'><strong>dolores.</strong></span> <span class='ocrx_word' id='word_1_220' title='bbox 525 1705 601 1743; x_wconf 88' lang='lat' dir='ltr'><strong>Sed</strong></span> <span class='ocrx_word' id='word_1_221' title='bbox 627 1718 728 1744; x_wconf 90' lang='lat' dir='ltr'><strong>unus</strong></span> <span class='ocrx_word' id='word_1_222' title='bbox 754 1708 856 1745; x_wconf 89' lang='lat' dir='ltr'><strong>inter</strong></span> <span class='ocrx_word' id='word_1_223' title='bbox 882 1707 1024 1746; x_wconf 89' lang='lat' dir='ltr'><strong>multos</strong></span> <span class='ocrx_word' id='word_1_224' title='bbox 1051 1708 1158 1746; x_wconf 92' lang='lat' dir='ltr'><strong>sinus</strong></span> <span class='ocrx_word' id='word_1_225' title='bbox 1185 1707 1375 1746; x_wconf 84' lang='lat' dir='ltr'><strong>fefellerat</strong></span> 
     </span>
     <span class='ocr_line' id='line_1_29' title="bbox 45 1763 1374 1817; baseline 0.001 -15"><span class='ocrx_word' id='word_1_226' title='bbox 45 1764 217 1803; x_wconf 88' lang='lat' dir='ltr'><strong>medicos</strong></span> <span class='ocrx_word' id='word_1_227' title='bbox 249 1768 363 1814; x_wconf 88' lang='lat' dir='ltr'><strong>atque</strong></span> <span class='ocrx_word' id='word_1_228' title='bbox 395 1765 447 1802; x_wconf 89' lang='lat' dir='ltr'><strong>ita</strong></span> <span class='ocrx_word' id='word_1_229' title='bbox 478 1763 659 1815; x_wconf 85' lang='lat' dir='ltr'><strong>latuerat,</strong></span> <span class='ocrx_word' id='word_1_230' title='bbox 698 1769 742 1802; x_wconf 91' lang='lat' dir='ltr'><strong>ut</strong></span> <span class='ocrx_word' id='word_1_231' title='bbox 773 1777 862 1803; x_wconf 90' lang='lat' dir='ltr'><strong>eum</strong></span> <span class='ocrx_word' id='word_1_232' title='bbox 894 1777 971 1804; x_wconf 90' lang='lat' dir='ltr'><strong>non</strong></span> <span class='ocrx_word' id='word_1_233' title='bbox 1005 1770 1226 1817; x_wconf 82' lang='lat' dir='ltr'><strong>tangerent,</strong></span> <span class='ocrx_word' id='word_1_234' title='bbox 1258 1777 1374 1816; x_wconf 87' lang='lat' dir='ltr'><strong>quem</strong></span> 
     </span>
     <span class='ocr_line' id='line_1_30' title="bbox 46 1821 1372 1875; baseline 0.002 -16"><span class='ocrx_word' id='word_1_235' title='bbox 46 1823 150 1860; x_wconf 84' lang='lat' dir='ltr'><strong>ferro</strong></span> <span class='ocrx_word' id='word_1_236' title='bbox 182 1823 332 1873; x_wconf 90' lang='lat' dir='ltr'><strong>aperire</strong></span> <span class='ocrx_word' id='word_1_237' title='bbox 365 1821 590 1860; x_wconf 88' lang='lat' dir='ltr'><strong>debuerant.</strong></span> <span class='ocrx_word' id='word_1_238' title='bbox 652 1821 825 1873; x_wconf 88' lang='lat' dir='ltr'><strong>Denique</strong></span> <span class='ocrx_word' id='word_1_239' title='bbox 865 1825 1008 1862; x_wconf 87' lang='lat' dir='ltr'><strong>sanatis</strong></span> <span class='ocrx_word' id='word_1_240' title='bbox 1040 1823 1238 1875; x_wconf 89' lang='lat' dir='ltr'><strong>omnibus,</strong></span> <span class='ocrx_word' id='word_1_241' title='bbox 1276 1835 1372 1873; x_wconf 85' lang='lat' dir='ltr'><strong>quae</strong></span> 
     </span>
     <span class='ocr_line' id='line_1_31' title="bbox 43 1879 1371 1933; baseline 0.001 -14"><span class='ocrx_word' id='word_1_242' title='bbox 43 1885 177 1931; x_wconf 87' lang='lat' dir='ltr'><strong>aperta</strong></span> <span class='ocrx_word' id='word_1_243' title='bbox 208 1879 407 1931; x_wconf 81' lang='lat' dir='ltr'><strong>curabant,</strong></span> <span class='ocrx_word' id='word_1_244' title='bbox 438 1881 510 1918; x_wconf 88' lang='lat' dir='ltr'><strong>iste</strong></span> <span class='ocrx_word' id='word_1_245' title='bbox 543 1886 783 1919; x_wconf 86' lang='lat' dir='ltr'><strong>remanserat</strong></span> <span class='ocrx_word' id='word_1_246' title='bbox 814 1881 931 1933; x_wconf 86' lang='lat' dir='ltr'><strong>solus,</strong></span> <span class='ocrx_word' id='word_1_247' title='bbox 962 1883 1027 1920; x_wconf 87' lang='lat' dir='ltr'><strong>cui</strong></span> <span class='ocrx_word' id='word_1_248' title='bbox 1058 1882 1205 1920; x_wconf 85' lang='lat' dir='ltr'><strong>frustra</strong></span> <span class='ocrx_word' id='word_1_249' title='bbox 1236 1882 1371 1932; x_wconf 89' lang='lat' dir='ltr'><strong>inpen-</strong></span> 
     </span>
     <span class='ocr_line' id='line_1_32' title="bbox 44 1937 1372 1990; baseline 0.001 -14"><span class='ocrx_word' id='word_1_250' title='bbox 44 1937 208 1977; x_wconf 86' lang='lat' dir='ltr'><strong>debatur</strong></span> <span class='ocrx_word' id='word_1_251' title='bbox 232 1937 351 1976; x_wconf 90' lang='lat' dir='ltr'><strong>labor.</strong></span> <span class='ocrx_word' id='word_1_252' title='bbox 414 1937 518 1983; x_wconf 88' lang='lat' dir='ltr'><strong>Quas</strong></span> <span class='ocrx_word' id='word_1_253' title='bbox 543 1950 670 1977; x_wconf 90' lang='lat' dir='ltr'><strong>moras</strong></span> <span class='ocrx_word' id='word_1_254' title='bbox 698 1938 762 1977; x_wconf 90' lang='lat' dir='ltr'><strong>ille</strong></span> <span class='ocrx_word' id='word_1_255' title='bbox 788 1945 988 1990; x_wconf 85' lang='lat' dir='ltr'><strong>suspectas</strong></span> <span class='ocrx_word' id='word_1_256' title='bbox 1014 1939 1160 1978; x_wconf 86' lang='lat' dir='ltr'><strong>habens</strong></span> <span class='ocrx_word' id='word_1_257' title='bbox 1193 1939 1372 1978; x_wconf 89' lang='lat' dir='ltr'><strong>multum-</strong></span> 
     </span>
     <span class='ocr_line' id='line_1_33' title="bbox 43 1994 1375 2050; baseline 0.002 -16"><span class='ocrx_word' id='word_1_258' title='bbox 43 2008 120 2047; x_wconf 91' lang='lat' dir='ltr'><strong>que</strong></span> <span class='ocrx_word' id='word_1_259' title='bbox 152 1995 382 2048; x_wconf 86' lang='lat' dir='ltr'><strong>formidans,</strong></span> <span class='ocrx_word' id='word_1_260' title='bbox 422 2008 469 2034; x_wconf 91' lang='lat' dir='ltr'><strong>ne</strong></span> <span class='ocrx_word' id='word_1_261' title='bbox 501 1997 644 2035; x_wconf 90' lang='lat' dir='ltr'><strong>iterum</strong></span> <span class='ocrx_word' id='word_1_262' title='bbox 676 2003 876 2036; x_wconf 88' lang='lat' dir='ltr'><strong>secaretur</strong></span> <span class='ocrx_word' id='word_1_263' title='bbox 908 1994 1031 2050; x_wconf 86' lang='lat' dir='ltr'><strong>(quod</strong></span> <span class='ocrx_word' id='word_1_264' title='bbox 1064 1999 1100 2036; x_wconf 91' lang='lat' dir='ltr'><strong>ei</strong></span> <span class='ocrx_word' id='word_1_265' title='bbox 1130 1998 1375 2048; x_wconf 88' lang='lat' dir='ltr'><strong>praedixerat</strong></span> 
     </span>
     <span class='ocr_line' id='line_1_34' title="bbox 42 2054 1373 2108; baseline 0.002 -16"><span class='ocrx_word' id='word_1_266' title='bbox 42 2054 141 2093; x_wconf 90' lang='lat' dir='ltr'><strong>alius</strong></span> <span class='ocrx_word' id='word_1_267' title='bbox 173 2054 346 2092; x_wconf 88' lang='lat' dir='ltr'><strong>medicus</strong></span> <span class='ocrx_word' id='word_1_268' title='bbox 378 2054 615 2093; x_wconf 88' lang='lat' dir='ltr'><strong>domesticus</strong></span> <span class='ocrx_word' id='word_1_269' title='bbox 647 2056 751 2106; x_wconf 90' lang='lat' dir='ltr'><strong>eius,</strong></span> <span class='ocrx_word' id='word_1_270' title='bbox 784 2068 899 2106; x_wconf 86' lang='lat' dir='ltr'><strong>quem</strong></span> <span class='ocrx_word' id='word_1_271' title='bbox 932 2068 1009 2094; x_wconf 92' lang='lat' dir='ltr'><strong>non</strong></span> <span class='ocrx_word' id='word_1_272' title='bbox 1041 2055 1277 2095; x_wconf 87' lang='lat' dir='ltr'><strong>admiserant</strong></span> <span class='ocrx_word' id='word_1_273' title='bbox 1308 2055 1373 2108; x_wconf 87' lang='lat' dir='ltr'><strong>illi,</strong></span> 
     </span>
     <span class='ocr_line' id='line_1_35' title="bbox 44 2112 1373 2166; baseline 0.001 -15"><span class='ocrx_word' id='word_1_274' title='bbox 44 2118 88 2151; x_wconf 88' lang='lat' dir='ltr'><strong>ut</strong></span> <span class='ocrx_word' id='word_1_275' title='bbox 118 2112 254 2151; x_wconf 88' lang='lat' dir='ltr'><strong>saltem</strong></span> <span class='ocrx_word' id='word_1_276' title='bbox 285 2112 451 2164; x_wconf 91' lang='lat' dir='ltr'><strong>videret,</strong></span> <span class='ocrx_word' id='word_1_277' title='bbox 489 2124 577 2151; x_wconf 91' lang='lat' dir='ltr'><strong>cum</strong></span> <span class='ocrx_word' id='word_1_278' title='bbox 609 2115 778 2164; x_wconf 89' lang='lat' dir='ltr'><strong>primum</strong></span> <span class='ocrx_word' id='word_1_279' title='bbox 810 2120 941 2153; x_wconf 90' lang='lat' dir='ltr'><strong>sectus</strong></span> <span class='ocrx_word' id='word_1_280' title='bbox 973 2120 1049 2166; x_wconf 83' lang='lat' dir='ltr'><strong>est,</strong></span> <span class='ocrx_word' id='word_1_281' title='bbox 1081 2126 1157 2164; x_wconf 87' lang='lat' dir='ltr'><strong>quo</strong></span> <span class='ocrx_word' id='word_1_282' title='bbox 1189 2114 1302 2152; x_wconf 90' lang='lat' dir='ltr'><strong>modo</strong></span> <span class='ocrx_word' id='word_1_283' title='bbox 1334 2114 1373 2152; x_wconf 88' lang='lat' dir='ltr'><strong>id</strong></span> 
     </span>
    </p>
   </div>
   <div class='ocr_carea' id='block_1_5' title="bbox 136 2260 878 2304">
    <p class='ocr_par' dir='ltr' id='par_1_7' title="bbox 136 2260 878 2304">
     <span class='ocr_line' id='line_1_36' title="bbox 136 2260 878 2304; baseline 0.003 -12"><span class='ocrx_word' id='word_1_284' title='bbox 136 2262 180 2293; x_wconf 81' lang='lat'><strong>25</strong></span> <span class='ocrx_word' id='word_1_285' title='bbox 207 2269 289 2293; x_wconf 86' lang='lat' dir='ltr'><strong>eum</strong></span> <span class='ocrx_word' id='word_1_286' title='bbox 313 2269 382 2293; x_wconf 77' lang='lat' dir='ltr'><strong>mss</strong></span> <span class='ocrx_word' id='word_1_287' title='bbox 404 2260 493 2300; x_wconf 79' lang='lat'><em>(32;</em></span> <span class='ocrx_word' id='word_1_288' title='bbox 519 2261 584 2301; x_wconf 76' lang='lat'><strong>34;</strong></span> <span class='ocrx_word' id='word_1_289' title='bbox 610 2262 693 2302; x_wconf 84' lang='lat'><strong>575,</strong></span> <span class='ocrx_word' id='word_1_290' title='bbox 718 2264 774 2304; x_wconf 88' lang='lat'><strong>1),·</strong></span> <span class='ocrx_word' id='word_1_291' title='bbox 799 2261 833 2295; x_wconf 87' lang='lat' dir='ltr'><strong>ei</strong></span> <span class='ocrx_word' id='word_1_292' title='bbox 857 2271 878 2294; x_wconf 79' lang='grc' dir='ltr'><strong><em>υ</em></strong></span> 
     </span>
    </p>
   </div>
   <div class='ocr_carea' id='block_1_6' title="bbox 139 2209 321 2214">
    <p class='ocr_par' dir='ltr' id='par_1_8' title="bbox 139 2209 321 2214">
     <span class='ocr_line' id='line_1_37' title="bbox 139 2209 321 2214; baseline 0 0"><span class='ocrx_word' id='word_1_293' title='bbox 139 2209 321 2214; x_wconf 95' lang='lat' dir='ltr'><strong> </strong></span> 
     </span>
    </p>
   </div>
   <div class='ocr_carea' id='block_1_7' title="bbox 1404 728 1446 758">
    <p class='ocr_par' dir='ltr' id='par_1_9' title="bbox 1404 728 1446 758">
     <span class='ocr_line' id='line_1_38' title="bbox 1404 728 1446 758; baseline 0 0"><span class='ocrx_word' id='word_1_294' title='bbox 1404 728 1446 758; x_wconf 88' lang='grc'><strong>10</strong></span> 
     </span>
    </p>
   </div>
   <div class='ocr_carea' id='block_1_8' title="bbox 1406 1019 1445 1048">
    <p class='ocr_par' dir='ltr' id='par_1_10' title="bbox 1406 1019 1445 1048">
     <span class='ocr_line' id='line_1_39' title="bbox 1406 1019 1445 1048; baseline 0 0"><span class='ocrx_word' id='word_1_295' title='bbox 1406 1019 1445 1048; x_wconf 85' lang='lat'><strong>15</strong></span> 
     </span>
    </p>
   </div>
   <div class='ocr_carea' id='block_1_9' title="bbox 1402 1600 1443 1630">
    <p class='ocr_par' dir='ltr' id='par_1_11' title="bbox 1402 1600 1443 1630">
     <span class='ocr_line' id='line_1_40' title="bbox 1402 1600 1443 1630; baseline 0.024 -1"><span class='ocrx_word' id='word_1_296' title='bbox 1402 1600 1443 1630; x_wconf 81' lang='lat'><strong>25</strong></span> 
     </span>
    </p>
   </div>
   <div class='ocr_carea' id='block_1_10' title="bbox 1399 1891 1443 1921">
    <p class='ocr_par' dir='ltr' id='par_1_12' title="bbox 1399 1891 1443 1921">
     <span class='ocr_line' id='line_1_41' title="bbox 1399 1891 1443 1921; baseline 0 0"><span class='ocrx_word' id='word_1_297' title='bbox 1399 1891 1443 1921; x_wconf 89' lang='lat'><strong>30</strong></span> 
     </span>
    </p>
   </div>
  </div>
 </body>
</html>
