1495 2489
12 715 53 745 10

12 1111 52 1142 15

10 1451 54 1482 20

11 1744 54 1773 25

82 83 135 123 74
610 91 636 117 s.
656 90 874 117 Aueusnm

79 188 119 220 et
143 183 234 220 anni
259 183 366 220 taciti
392 193 470 219 non
503 186 605 231 sunt,
638 182 704 230 qui
735 181 829 218 vixit
861 181 1063 218 minimum
1095 187 1183 219 ante
1217 181 1416 233 diluvium,

79 240 126 278 ad
153 242 420 291 septingentos
448 240 726 289 quinquaginta
754 244 834 276 tres
860 240 1092 289 perveniret.
1154 239 1250 277 Nam
1282 239 1415 290 plures

79 305 296 349 nongentos
341 310 462 336 annos
504 299 619 335 etiam
670 298 934 348 transierunt,
985 299 1160 347 quamvis
1210 310 1325 336 nemo
1370 298 1416 336 ad

80 357 182 395 mille
209 358 444 408 pervenerit.
507 355 602 400 Quis
628 357 757 406 itaque
785 355 1019 393 dubitaverit
1044 368 1114 406 per
1146 358 1263 395 unius
1294 356 1415 394 homi-

79 417 139 453 nis
171 421 336 454 aetatem
369 420 519 452 tantum
552 413 799 464 multiplicari
830 415 1004 464 potuisse
1036 427 1160 464 genus
1192 415 1417 466 humanum,

79 480 123 512 ut
154 480 259 512 esset
284 473 386 511 unde
414 474 750 511 constituerentur
781 484 858 510 non
892 484 978 523 una,
1006 473 1073 510 sed
1104 473 1293 524 plurimae
1327 474 1416 527 civi-

80 530 207 571 tates?
269 531 380 577 Quod
414 543 460 569 ex
491 531 565 569 hoc
598 532 722 569 conici
755 530 933 569 facillime
966 537 1106 583 potest,
1139 533 1228 581 quia
1260 544 1307 569 ex
1338 543 1417 570 uno

79 590 272 628 Abraham
304 602 382 628 non
415 589 536 628 multo
569 589 733 640 amplius
766 589 1060 639 quadringentis
1093 591 1204 628 annis
1236 602 1416 628 numero-

80 651 173 687 sitas
216 648 415 687 Hebraeae
457 650 585 699 gentis
630 654 734 686 tanta
778 654 981 698 procreata
1026 654 1107 699 est,
1150 654 1194 686 ut
1231 650 1270 686 in
1310 650 1417 687 exitu

79 707 254 745 eiusdem
280 707 414 758 populi
441 719 487 745 ex
512 707 684 757 Aegypto
718 712 895 744 sescenta
927 706 1129 745 hominum
1161 706 1264 745 milia
1297 708 1417 745 fuisse

78 766 301 804 referantur
339 765 498 803 bellicae
531 766 762 816 iuventutis;
801 770 845 803 ut
885 766 1109 803 omittamus
1142 771 1298 816 gentem
1330 765 1416 804 Idu-

79 836 278 862 maeorum
305 836 383 862 non
409 825 671 875 pertinentem
698 824 742 861 ad
771 823 958 874 populum
985 823 1115 875 Israel,
1142 835 1258 874 quam
1284 825 1419 874 genuit

78 883 198 921 frater
225 884 309 920 eius
335 882 450 934 Esau,
483 894 604 933 nepos
636 881 822 933 Abrahae,
855 887 894 919 et
925 881 1016 920 alias
1049 888 1158 920 natas
1190 894 1238 920 ex
1270 884 1418 921 semine

78 942 202 992 ipsius
234 940 409 979 Abrahae
442 953 520 979 non
552 952 622 991 per
657 940 812 978 Sarram
845 941 1050 991 coniugem
1082 945 1300 992 procreato.

615 1099 766 1142 CAPUT
798 1100 871 1141 IX.

79 1187 140 1225 De
176 1188 295 1234 lonqa
334 1187 416 1224 vita
453 1186 671 1232 hominum,
710 1196 814 1233 quae
841 1184 923 1233 fuit
953 1190 1047 1224 ante
1078 1188 1269 1225 diluvium
1301 1191 1340 1225 et
1370 1188 1420 1225 de

292 1246 485 1293 ampliore
515 1245 780 1281 humanorum
813 1255 1026 1292 corporum
1055 1244 1200 1292 forma.

198 1325 322 1371 Quam
354 1325 402 1363 oh
430 1337 513 1363 rem
546 1325 674 1363 nullus
707 1324 880 1375 prudens
912 1337 1044 1363 rerum
1079 1327 1318 1364 existimator
1350 1327 1418 1365 du·

80 1385 260 1423 bitaverit
292 1384 384 1422 Cain
423 1395 501 1421 non
539 1383 665 1421 solum
697 1383 881 1433 aliquam,
920 1395 1055 1421 verum
1094 1385 1210 1422 etiam
1242 1397 1418 1436 magnam

80 1444 254 1494 potuisse
294 1442 462 1480 condere
502 1443 713 1492 civitatem,
752 1441 905 1491 quando
945 1443 984 1479 in
1022 1447 1099 1480 tam
1132 1442 1290 1493 longum
1322 1450 1418 1482 tem-

79 1514 152 1552 pus
192 1500 500 1551 protendebatur
549 1501 624 1537 vita
664 1499 901 1550 mortalium3
947 1501 1021 1537 nisi
1062 1500 1162 1539 sorte
1205 1501 1419 1540 infidelium

80 1561 271 1610 quispiam
316 1571 363 1597 ex
412 1560 492 1609 ipsa
543 1559 822 1596 numerositate
871 1570 1063 1596 annorum
1106 1558 1218 1597 nohis
1268 1561 1420 1610 ingerat

80 1620 370 1668 quaestionem,
411 1629 485 1667 qua
526 1618 667 1654 vixisse
706 1622 799 1654 tunc
838 1616 1015 1654 homines
1055 1619 1244 1668 scriptum
1283 1623 1342 1656 est
1379 1620 1419 1657 in

81 1676 378 1715 auctoritatibus
410 1676 576 1726 nostris,
609 1680 646 1713 et
679 1674 751 1712 hoe
783 1681 900 1724 neget
932 1687 1016 1713 esse
1050 1675 1300 1714 credendum.
1362 1676 1419 1715 lta

81 1736 224 1785 quippe
264 1746 340 1772 non
380 1733 546 1772 credunt
584 1734 699 1771 etiam
738 1732 1022 1783 magnitudines
1065 1746 1274 1784 corporum
1305 1735 1418 1786 longe

81 1793 288 1843 ampliores
320 1798 413 1830 tunc
441 1792 560 1830 fuisse
594 1804 708 1841 quam
743 1803 845 1829 nunc
884 1797 986 1829 sunt.
1048 1791 1158 1829 Unde
1191 1798 1229 1830 et
1261 1792 1417 1832 nobilis-

82 1853 203 1889 simus
236 1863 372 1889 eorum
411 1856 523 1901 poeta
557 1849 748 1899 Vergilius
780 1849 827 1887 de
859 1850 1007 1899 ingenti
1040 1849 1188 1901 lapide,
1231 1863 1347 1901 quem
1379 1853 1419 1890 in

81 1922 263 1960 agrorum
302 1909 423 1947 limite
462 1909 622 1946 infixum
661 1908 718 1945 vir
757 1908 867 1945 sortis
908 1906 1063 1945 illorum
1096 1914 1317 1959 temporum
1348 1922 1418 1960 pu·

81 1979 203 2018 gnans
237 1973 274 2005 et
306 1969 435 2018 rapuit
467 1972 505 2005 et
537 1967 712 2004 cucurrit
744 1971 782 2003 et
813 1966 970 2004 intorsit
1001 1971 1040 2004 et
1071 1967 1195 2005 misit:

176 2070 210 2112 2)
238 2067 324 2102 Gen.
354 2072 385 2110 5,
411 2071 466 2101 31.
520 2068 575 2109 11)
602 2066 713 2101 Exod.
743 2069 796 2108 12,
823 2069 878 2100 37.

177 2212 196 2243 6
235 2208 542 2242 constituerentur
579 2217 667 2247 mss,·
718 2205 1002 2240 constitueretur
1038 2217 1058 2240 v
1095 2208 1107 2250 ΙΙ
1146 2210 1189 2240 14
1226 2208 1418 2251 procreato

90 2254 320 2297 VR¹(?)AF‚·
346 2255 556 2298 procreatas
581 2264 600 2288 v
620 2255 631 2297 ΙΙ
651 2257 695 2287 24
721 2252 932 2287 auctoribus
956 2264 977 2287 v
