1548 2562
438 179 491 204 DE
511 178 698 204 CIVITATE
716 179 786 204 DEI
805 179 837 204 L.
858 179 955 205 xxn.
975 178 1004 204 c.
1024 180 1049 205 6.
1320 169 1404 211 563

77 267 180 318 quod
212 268 262 306 sit
292 273 475 318 receptus
507 269 546 306 in
580 267 690 319 deos,
728 267 920 306 creditum
951 272 1086 306 tenent
1116 267 1287 319 litterae,
1328 280 1406 305 non

76 326 220 364 factum
246 325 397 364 docent.
459 325 582 364 Nullis
609 327 751 376 quippe
784 337 918 364 rerum
949 325 1183 364 mirabilium
1216 327 1335 376 signis
1367 325 1406 364 id

77 386 112 423 ei
150 396 239 423 vere
276 384 502 435 provenisse
542 389 793 422 monstratur.
855 383 962 434 Lupa
993 385 1136 435 quippe
1167 383 1230 421 illa
1262 385 1407 436 nutrix,

76 442 179 493 quod
219 441 372 481 videtur
413 442 525 493 quasi
564 454 746 492 magnum
793 443 967 480 extitisse
1007 447 1252 494 portentum,
1294 441 1405 493 quale

76 506 142 539 aut
173 505 362 551 quantum
393 506 453 538 est
490 500 536 538 ad
574 500 919 538 demonstrandum
951 498 1094 539 deum?
1156 499 1269 539 Certe
1303 501 1405 538 enim

77 560 149 597 etsi
174 571 252 597 non
279 560 466 597 meretrix
492 559 566 597 suit
590 558 681 609 lupa
706 558 780 610 illa,
812 558 880 597 sed
911 557 1046 611 bestia,
1079 571 1168 597 cum
1201 571 1407 597 commune

76 618 195 656 fuerit
238 616 448 669 ambobus,
498 617 619 655 frater
668 622 797 655 tamen
841 618 925 655 eius
968 629 1046 655 non
1090 616 1255 656 habetur
1299 617 1406 655 deus.

77 675 172 721 Quis
209 680 339 713 autem
376 674 597 726 prohibitus
639 681 699 713 est
742 680 808 713 aut
844 674 1052 713 Romulum
1094 681 1159 714 aut
1199 675 1409 714 Herculem

75 739 141 772 aut
174 733 269 771 alios
301 732 397 771 tales
428 733 606 771 homines
638 733 731 771 deos
763 733 893 772 dicere
926 739 964 771 et
995 735 1095 772 mori
1126 734 1261 772 maluit
1292 746 1408 785 quam

76 803 154 830 non
186 789 344 830 dicere?
404 792 481 830 Aut
512 804 604 830 vero
637 791 763 842 aliqua
794 793 969 842 gentium
1001 792 1147 830 coleret
1178 793 1281 831 inter
1313 792 1406 830 deos

76 862 168 888 suos
193 849 413 897 Romulum,
445 851 521 888 nisi
546 849 709 888 Romani
734 851 902 888 nominis
928 855 1055 888 metus
1082 848 1268 900 cogeret?
1312 850 1407 896 Quis

74 919 193 959 porro
226 913 418 960 numeret,
450 920 565 959 quam
596 908 708 946 multi
741 907 980 958 quantalibet
1012 910 1168 947 saevitia
1201 908 1407 947 crudelita-

75 967 124 1004 tis
181 965 305 1004 occidi
361 978 477 1016 quam
532 965 731 1005 Christum
786 966 909 1005 Deum
964 978 1105 1017 negare
1156 964 1408 1006 maluerunt?

74 1023 243 1062 Proinde
276 1029 404 1063 metus
437 1024 648 1075 quamlibet
678 1024 772 1063 levis
803 1024 1092 1077 indignationis,
1125 1037 1221 1076 quae
1255 1025 1301 1063 ab
1328 1027 1406 1063 ani-

74 1083 147 1120 mis
180 1082 460 1134 Romanorum,
502 1084 534 1121 si
565 1095 643 1121 non
675 1083 803 1134 fieret,
839 1095 953 1133 posse
984 1083 1195 1133 putabatur
1227 1085 1408 1136 existere,

75 1140 329 1191 compellebat
372 1141 518 1191 aliquas
568 1142 742 1180 civitates
791 1143 936 1192 positas
989 1141 1060 1180 sub
1105 1143 1190 1180 iure
1235 1141 1408 1180 Romano

74 1203 270 1249 tamquam
313 1198 429 1237 deum
473 1198 601 1237 colere
642 1199 868 1250 Romulum3
909 1212 928 1237 a
968 1199 1121 1238 Christo
1160 1205 1290 1238 autem
1328 1200 1407 1238 Deo

75 1268 152 1295 non
192 1256 316 1295 solum
354 1257 535 1308 colendo,
572 1269 707 1296 verum
746 1259 862 1295 etiam
900 1257 1119 1296 confitendo
1162 1263 1307 1296 tantam
1338 1271 1409 1309 per

51 1314 210 1353 ,orbem
236 1320 363 1353 terrae
390 1322 605 1366 martyrum
635 1315 924 1354 multitudinem
956 1321 1083 1354 metus
1116 1328 1298 1354 revocare
1331 1329 1409 1355 non

75 1374 203 1423 potuit
242 1385 320 1411 non
359 1373 454 1412 levis
495 1374 721 1412 offensionis
759 1375 996 1420 animorum,
1036 1374 1102 1412 sed
1142 1375 1408 1413 inmensarum

75 1432 346 1482 variarumque
372 1443 587 1482 poenarum
613 1438 652 1470 et
681 1433 804 1482 ipsius
836 1434 985 1484 mortis,
1018 1444 1115 1482 quae
1147 1432 1235 1482 plus
1268 1434 1410 1471 ceteris

76 1489 318 1527 formidatur.
379 1489 514 1540 Neque
560 1495 653 1528 tunc
692 1491 825 1529 civitas
864 1490 1030 1542 Christi,
1071 1492 1244 1541 quamvis
1283 1491 1409 1530 adhuc

75 1549 393 1598 peregrinaretur
430 1549 469 1586 in
509 1549 624 1586 terris
663 1553 702 1587 et
731 1548 893 1587 haberet
924 1555 1052 1587 tamen
1085 1561 1313 1599 magnorum
1346 1562 1407 1600 ag-

75 1607 178 1643 mina
214 1605 466 1656 populorum,
505 1606 690 1645 adversus
728 1608 867 1658 impios
905 1612 1181 1658 persecutores
1214 1619 1304 1646 suos
1336 1620 1407 1659 pro

76 1663 280 1714 temporali
312 1663 434 1703 salute
466 1666 668 1716 pugnavit3
701 1665 768 1703 sed
800 1666 950 1717 potius,
982 1671 1025 1704 ut
1057 1665 1252 1704 obtineret
1284 1672 1406 1705 aeter·
1434 1683 1441 1689 ·

75 1733 184 1774 nam,
225 1734 302 1760 non
340 1724 580 1773 repugnavit.
641 1721 878 1773 Ligabantur
915 1723 1233 1775 includebantur,
1274 1724 1407 1762 caede-

75 1778 217 1818 bantur
248 1779 544 1833 torquebantur,
576 1781 791 1820 urebantur
821 1781 1083 1834 laniabantur,
1113 1781 1408 1821 trucidabantur

75 1859 132 1865 -—-
158 1844 197 1876 et
228 1837 595 1888 multiplicabantur.
657 1839 743 1878 Non
775 1846 857 1878 erat
889 1842 945 1878 eis
976 1853 1047 1891 pro
1080 1840 1203 1879 salute
1234 1853 1407 1891 pugnare

76 1897 150 1934 nisi
182 1895 344 1934 salutem
376 1909 447 1947 pro
481 1896 676 1935 Salvatore
709 1904 970 1937 contemnere.

195 1953 282 1992 Scio
314 1955 354 1992 in
386 1954 485 1993 libro
518 1954 718 1994 Ciceronis
750 1958 884 2008 tertio,
916 1958 991 1995 nisi
1023 1956 1151 2008 fallor,
1183 1956 1230 1994 de
1262 1969 1304 1994 re
1336 1970 1406 2008 pu-

169 2055 226 2098 30)
254 2054 292 2088 c.
319 2059 375 2089 23.

169 2197 189 2228 3
221 2205 305 2228 vere
336 2205 401 2229 om.
432 2195 468 2229 A
503 2196 515 2238 ΙΙ
555 2199 596 2230 18
627 2197 770 2230 tantum
797 2224 804 2231 .
833 2222 839 2229 .
866 2197 983 2230 terrae
1016 2197 1174 2241 populus
1204 2200 1408 2242 martyrum

75 2239 311 2275 multitudine
341 2242 467 2275 metm-1
497 2241 571 2283 R¹,·
607 2243 751 2276 tantam
784 2271 791 2277 .
825 2272 831 2277 .
863 2244 982 2277 terrae
1007 2244 1165 2288 populus
1190 2244 1407 2289 martyrium

76 2286 312 2322 multitudine
343 2290 463 2322 metus
495 2288 558 2322 ΑΙ.
610 2289 661 2323 In
693 2289 850 2333 populus
877 2290 1093 2333 pullulandz·
1123 2291 1268 2326 verbum
1298 2292 1407 2326 latere

74 2334 216 2368 videtur
241 2334 554 2379 (pullulantem·?);
581 2336 622 2377 cf
652 2338 736 2379 565,
761 2339 811 2371 26
830 2337 905 2379 1120
932 2337 1133 2371 occasionis
1158 2337 1195 2371 R

1050 2396 1122 2430 36*

1435 800 1476 830 10

1437 1091 1477 1122 15

1434 1383 1478 1414 20

1435 1674 1452 1705 Ι»)

1457 1673 1476 1704 01

1433 1967 1477 1996 30
