1548 2562
383 138 434 162 DE
455 137 642 162 CIVITATE
661 138 730 162 DEI
750 138 781 162 L.
801 137 882 162 XIV.
902 137 931 163 c.
953 138 994 162 10.
1015 138 1056 161 11.
1331 126 1385 166 27

66 232 104 265 et
149 225 262 264 nullis
307 225 549 276 agitabantur
592 225 950 276 perturbationibus
993 227 1228 276 animorum,
1272 224 1387 262 nullis

66 295 276 335 corporum
303 283 554 322 laedebantur
586 284 856 322 incommodis:
887 290 963 322 tam
995 283 1084 321 felix
1117 285 1296 321 universa
1329 294 1386 319 so-

65 344 183 380 cietas
223 347 325 380 esset
364 342 548 393 humana,
592 344 624 379 si
665 354 735 380 nec
772 342 826 380 illi
848 342 1024 392 malum,
1069 341 1170 391 quod
1203 343 1316 379 etiam
1348 341 1387 377 in

65 405 242 451 posteros
269 401 490 451 traicerent,
522 412 593 437 nec
621 402 825 450 quisquam
851 413 897 438 ex
929 411 1064 438 eorum
1096 401 1217 450 stirpe
1248 400 1387 448 iniqui—

64 463 141 496 tate
180 460 456 509 committeret,
501 458 603 508 quod
642 458 884 497 damnatione
922 460 1132 509 reciperet,
1169 463 1284 508 atque
1316 459 1387 494 ista
1414 467 1433 495 5

64 522 315 567 permanente
347 516 540 567 felicitate,
572 516 695 554 donec
727 529 797 566 per
826 516 928 554 illam
959 516 1281 567 benedictionem,
1314 527 1388 565 qua

65 574 212 613 dictum
250 580 325 613 est:
373 576 547 613 Crescite
578 580 617 613 et
646 577 980 623 multiplicamini,
1014 574 1389 625 praedestinatorum

65 638 288 671 sanctorum
313 644 500 671 numerus
532 632 804 683 compleretur,
836 633 907 670 alia
938 635 1058 670 maior
1091 633 1259 683 daretur,
1291 643 1388 682 quae

63 690 296 729 beatissimis
327 690 474 741 angelis
505 690 591 729 data
623 696 692 738 est,
724 690 791 729 ubi
822 692 897 728 iam
929 696 1032 729 esset
1064 696 1169 729 certa
1201 691 1389 729 securitas

65 755 317 800 peccaturum
361 750 556 787 neminem
600 751 872 799 neminemque
916 751 1174 799 moriturum,
1223 755 1261 786 et
1303 748 1390 786 talis
1416 757 1458 787 10

64 813 168 845 esset
204 809 279 845 vita
318 813 539 846 sanctorum
576 813 664 858 post
701 807 848 845 nullum
890 807 1032 845 laboris
1072 807 1215 845 doloris
1256 807 1389 844 mortis

65 867 387 917 experimentum,
414 865 536 915 qualis
564 867 636 903 erit
656 871 743 916 post
766 865 859 903 haec
886 867 1011 903 omnia
1038 867 1077 903 in
1098 866 1389 915 incorruptione

65 935 274 974 corporum
306 923 456 962 reddita
487 925 775 962 resurrectione
809 930 1063 962 mortuorum.

599 1048 751 1090 CAPUT
782 1048 853 1090 XI.

106 1122 165 1160 De
196 1124 308 1170 lapsu
336 1124 460 1170 primi
489 1123 666 1170 hominis,
700 1125 740 1160 in
771 1133 847 1170 quo
880 1123 976 1160 bene
1008 1123 1169 1160 condita
1201 1126 1350 1160 natura
1420 1130 1459 1160 15

240 1182 379 1218 vitiata
411 1184 484 1227 est,
522 1192 596 1218 nec
623 1185 751 1229 potest
782 1182 861 1218 m'sz·
891 1192 915 1217 α
946 1192 1016 1218 suo
1049 1185 1216 1218 [tuctore

623 1251 824 1287 reparari.

184 1319 259 1357 Sed
278 1320 365 1369 quia
386 1319 487 1358 Deus
513 1326 653 1358 cuncta
677 1321 883 1370 praescivit
904 1325 942 1357 et
972 1319 1058 1357 ideo
1083 1332 1237 1369 quoque
1271 1319 1390 1357 homi-

66 1389 154 1416 nem
186 1383 437 1428 peccaturum
468 1380 647 1428 ignorare
679 1390 756 1415 non
788 1379 929 1428 potuit:
961 1378 1176 1416 secundum
1207 1378 1256 1428 id,
1289 1377 1391 1428 quod

66 1437 272 1486 praescivit
303 1441 417 1486 atque
450 1436 650 1487 disposuit,
683 1437 875 1474 civitatem
908 1442 1079 1474 sanctam
1111 1436 1297 1474 debemus
1330 1436 1391 1473 ad·
1417 1444 1462 1474 20

68 1506 212 1545 serere,
244 1506 321 1532 non
348 1495 562 1533 secundum
588 1494 694 1545 illud,
727 1494 829 1544 quod
856 1496 895 1532 in
928 1500 1100 1532 nostram
1133 1496 1392 1545 cognitionem

67 1553 270 1603 pervenire
311 1565 388 1590 non
425 1555 567 1604 potuit,
604 1555 693 1603 quia
730 1554 769 1590 in
801 1552 870 1590 Dei
907 1552 1161 1602 dispositione
1200 1565 1277 1590 non
1311 1553 1392 1590 suit.

68 1610 201 1660 Neque
235 1612 337 1648 enim
362 1611 477 1649 homo
509 1617 668 1661 peccato
701 1623 770 1648 suo
803 1611 974 1648 divinum
1006 1612 1132 1660 potuit
1162 1610 1392 1660 perturbare

69 1668 296 1720 consilium,
327 1671 436 1719 quasi
468 1669 591 1707 Deum
622 1669 723 1719 quod
758 1674 944 1706 statuerat
976 1674 1125 1706 mutare
1159 1668 1392 1719 conpulerit3

69 1738 158 1764 cum
196 1726 299 1765 Deus
337 1727 589 1777 praesciendo
627 1733 835 1776 utrumque
874 1728 1135 1778 praevenerit,
1172 1726 1209 1764 id
1242 1732 1318 1774 est,
1356 1732 1394 1764 et
1419 1735 1460 1765 25

68 1784 195 1836 homo,
226 1797 341 1834 quem
372 1784 517 1823 bonum
549 1787 630 1835 ipse
664 1787 824 1836 creavit,
857 1797 970 1834 quam
1002 1785 1124 1823 malus
1157 1790 1259 1822 esset
1290 1786 1392 1823 futu-

69 1854 154 1895 rus,
193 1849 231 1881 et
269 1843 361 1893 quid
399 1843 490 1881 boni
528 1845 641 1882 etiam
679 1844 733 1881 sic
771 1843 817 1881 de
855 1842 919 1880 illo
959 1849 1061 1881 esset
1092 1845 1174 1894 ipse
1207 1843 1392 1881 facturus.

163 1933 196 1974 7)
222 1931 309 1966 Gen.
338 1937 369 1974 1,
394 1936 448 1968 28.

162 2064 185 2094 4
209 2058 432 2094 traiecerunt
454 2071 475 2094 v
511 2061 523 2105 ΙΙ
562 2063 582 2094 5
608 2060 801 2103 iniquitate
830 2087 836 2093 .
865 2088 871 2093 .
898 2059 996 2103 quod
1022 2060 1255 2095 damnatione
1288 2060 1396 2094 VAF

71 2107 128 2148 (cf.
155 2117 182 2141 c.
208 2110 255 2141 15
280 2107 435 2150 denique
463 2135 469 2141 .
498 2135 504 2141 .
532 2106 570 2141 in
600 2107 700 2140 illius
731 2106 871 2151 peccati
904 2117 1022 2151 poena
1047 2107 1135 2150 quid
1158 2107 1392 2141 inoboedien-

69 2152 144 2187 tiae
169 2153 240 2187 nisi
271 2152 545 2187 inoboedientia
570 2154 748 2187 retributa
773 2155 852 2187 est?
879 2154 899 2187 l.
927 2156 972 2187 15
999 2164 1025 2187 c.
1054 2157 1076 2187 6
1101 2154 1166 2188 sub
1191 2154 1268 2196 βψω
1297 2155 1317 2187 l.
1345 2157 1391 2188 21

70 2209 98 2233 e.
124 2203 167 2233 11
194 2201 290 2243 fin.),·
314 2199 546 2243 iniquitatem
568 2228 574 2235 .
597 2228 604 2234 .
624 2211 717 2243 quae
744 2200 1016 2234 damnationem
1040 2210 1060 2233 v
1080 2202 1091 2244 ΙΙ
1113 2205 1154 2234 16
1178 2200 1310 2234 uitiata
1341 2200 1394 2241 V,·

70 2256 134 2280 om.
162 2257 180 2280 v
205 2247 217 2290 ΙΙ
237 2250 279 2281 18
306 2258 448 2290 quoque
474 2247 572 2282 hom.
606 2246 732 2288 VAF,·
757 2247 854 2281 hom.
881 2258 939 2290 qu.
959 2257 979 2280 v
999 2247 1010 2289 ΙΙ
1030 2250 1072 2281 20
1100 2248 1264 2281 sanctam
1283 2247 1322 2280 F
1339 2248 1389 2281 ed.

70 2291 228 2335 Lovan.;
252 2295 416 2327 sanctam
442 2304 523 2328 eam
555 2293 643 2327 VAv
