1548 2562
385 131 439 156 DE
458 130 644 156 CIVITATE
662 131 733 156 DEI
752 131 784 156 L.
804 131 901 156 ΧΧΠ.
921 130 950 156 c.
969 132 994 156 8.
1277 122 1360 163 569

30 220 118 259 bilis
154 220 385 271 putabatur,
427 220 634 270 aperirent.
696 219 802 264 Quae
839 231 903 258 res
942 219 1055 258 dilata
1093 224 1153 258 est
1191 221 1233 258 in
1272 232 1360 259 con-

32 283 260 329 sequentem
285 278 398 316 diem.
450 277 526 315 Sed
553 289 642 316 cum
668 274 930 330 abissentvilli,
962 290 1009 316 ex
1034 289 1210 316 maerore
1242 279 1360 316 nimio

31 337 177 375 domini
201 342 332 375 tantus
360 341 418 374 est
443 337 483 374 in
509 336 622 374 domo
654 335 717 373 illa
749 341 907 374 exortus
940 335 1060 388 dolor,
1091 341 1134 375 ut
1166 342 1362 386 tamquam

30 396 180 434 funeris
219 395 398 446 planctus
439 396 500 432 vix
540 395 852 444 conprimeretur
892 406 913 432 a
954 394 1078 433 nobis.
1146 394 1361 433 Visitabant

30 466 120 492 eum
152 454 293 492 cotidie
326 454 449 491 sancti
480 454 569 504 viri,
608 454 815 503 episcopus
846 457 940 491 tunc
974 452 1187 505 Uzalensis,
1227 451 1360 491 beatae

31 513 238 550 memoriae
285 511 542 561 Saturninus,
586 515 624 548 et
666 510 870 561 presbyter
915 511 1082 549 Gulosus
1126 523 1170 549 ac
1212 511 1363 550 diaconi

30 570 345 621 Carthaginensis
385 569 588 619 ecclesiae3
618 569 658 606 in
691 568 832 618 quibus
865 575 947 607 erat
979 575 1018 608 et
1050 582 1095 608 ex
1128 569 1270 620 quibus
1302 582 1362 608 so-

28 628 89 667 lus
123 634 181 667 est
206 640 310 667 nunc
337 629 376 666 in
402 627 522 665 rebus
548 626 726 665 humanis
752 629 827 665 iam
853 628 1061 678 episcopus
1094 640 1184 666 cum
1214 628 1362 666 honore

30 699 50 724 a
76 686 188 725 nobis
215 686 344 725 debito
370 685 629 724 nominandus
654 685 847 737 Aurelius,
879 698 968 724 cum
1001 698 1076 736 quo
1110 686 1362 724 recordantes

29 744 218 783 mirabilia
261 756 379 795 opera
423 743 492 782 Dei
536 743 582 781 de
626 743 696 781 1136
741 756 782 781 re
827 756 941 794 saepe
987 744 1182 782 conlocuti
1228 757 1363 783 sumus

31 815 198 853 eumque
223 803 331 841 valde
358 803 593 853 meminisse,
619 802 721 851 quod
748 814 1110 854 commemoramus,
1134 804 1363 841 invenimus.

31 861 106 907 Qui
139 873 229 899 cum
261 873 369 911 eum,
407 862 508 899 sicut
540 860 732 912 solebant,
772 872 933 911 vespere
966 862 1186 912 visitarent,
1217 863 1365 912 rogavit

30 932 97 958 eos
124 919 410 957 miserabilibus
436 918 618 970 lacrimis,
649 924 693 956 ut
719 930 829 956 mane
856 919 1110 969 dignarentur
1137 931 1222 957 esse
1254 932 1364 970 prae-

31 983 162 1016 sentes
195 990 265 1016 suo
298 978 427 1015 funeri
452 978 582 1027 potius
616 989 730 1026 quam
763 976 897 1014 dolori.
959 977 1107 1015 Tantus
1140 979 1243 1015 enim
1276 990 1366 1016 eum

31 1042 160 1074 metus
193 1048 239 1074 ex
271 1035 467 1086 prioribus
499 1037 692 1072 invaserat
724 1036 881 1086 poenis,
913 1040 957 1073 ut
988 1047 1028 1073 se
1061 1037 1165 1073 inter
1197 1035 1363 1073 medico-

29 1107 118 1132 rum
143 1106 280 1132 manus
307 1106 384 1131 non
411 1093 607 1131 dubitaret
633 1105 717 1131 esse
745 1094 989 1131 moriturum.
1052 1093 1248 1131 Consolati
1275 1100 1365 1132 sunt

30 1165 120 1190 eum
151 1152 207 1190 illi
239 1157 277 1190 et
308 1151 472 1203 hortati,
503 1157 547 1190 ut
577 1153 617 1189 in
649 1151 729 1189 Deo
762 1151 901 1189 fideret
933 1153 1094 1201 eiusque
1127 1152 1365 1190 voluntatem

29 1210 192 1249 viriliter
231 1211 363 1248 ferret.
424 1209 516 1247 Inde
556 1209 602 1247 ad
642 1211 857 1247 orationem
895 1211 1062 1260 ingressi
1101 1222 1254 1261 sumus3
1299 1210 1365 1248 ubi

30 1268 141 1307 nobis
175 1281 220 1306 ex
252 1280 360 1306 more
392 1280 517 1318 genua
549 1267 756 1318 figentibus
789 1273 903 1317 atque
936 1267 1255 1306 incumbentibus
1287 1274 1363 1307 ter-

30 1339 96 1365 rae
134 1327 197 1364 ille
236 1339 275 1364 se
314 1328 366 1364 ita
404 1327 589 1378 proiecit,
627 1332 820 1375 tamquam
860 1326 999 1364 fuisset
1037 1325 1164 1376 aliquo
1197 1328 1365 1377 graviter

30 1385 240 1435 inpellente
273 1390 509 1435 prostratus,
543 1390 581 1422 et
613 1385 740 1435 coepit
772 1396 901 1422 orare:
935 1384 1076 1434 quibus
1109 1384 1255 1436 modis,
1287 1397 1363 1435 quo

31 1444 192 1494 affectu,
234 1455 310 1493 quo
348 1448 456 1481 motu
495 1444 628 1489 animi,
669 1454 744 1492 quo
776 1442 892 1479 fluvio
924 1442 1190 1495 lacrimarum,
1224 1443 1366 1493 quibus

30 1500 239 1552 gemitibus
271 1506 385 1551 atque
419 1500 652 1551 singultibus
685 1499 994 1539 succutientibus
1027 1503 1155 1538 omnia
1194 1501 1366 1540 membra

31 1561 115 1598 eius
147 1565 186 1598 et
215 1571 336 1610 paene
363 1558 714 1598 intercludentibus
740 1560 933 1610 spiritum,
966 1560 1051 1608 quis
1078 1558 1166 1596 ullis
1201 1560 1366 1611 explicet

31 1615 189 1656 verbis?
233 1617 371 1655 Utrum
398 1623 555 1655 orarent
580 1617 642 1655 alii
674 1629 745 1654 nec
770 1618 810 1654 in
836 1617 930 1655 haec
957 1629 1093 1655 eorum
1125 1624 1367 1657 averteretur
1394 1633 1400 1640 ·

30 1677 208 1726 intentio,
228 1675 459 1714 nesciebam.
509 1675 589 1726 Ego
610 1681 739 1714 tamen
758 1687 921 1725 prorsus
942 1687 1053 1713 orare
1075 1688 1153 1713 non
1171 1682 1364 1728 poteram3

31 1734 104 1772 hoc
142 1733 409 1772 tantummodo
447 1733 617 1772 breviter
655 1735 695 1771 in
741 1734 858 1771 corde
900 1746 985 1772 meo
1028 1733 1123 1772 dixi:
1166 1733 1366 1786 „Domine,

33 1804 129 1843 quas
161 1798 318 1830 tuorum
350 1804 488 1842 preces
521 1792 691 1843 exaudis,
724 1794 756 1830 si
789 1792 856 1829 has
889 1804 966 1830 non
1000 1788 1214 1830 exaudis‘?“
1262 1792 1366 1831 Nihil

32 1852 136 1888 enim
179 1850 274 1888 mihi
316 1849 517 1888 videbatur
561 1850 647 1888 addi
690 1851 765 1888 iam
802 1862 937 1902 posse,
975 1852 1050 1888 nisi
1088 1856 1131 1889 ut
1171 1852 1367 1901 expiraret

1392 753 1433 784 10

1394 1044 1434 1074 15

1392 1336 1435 1366 20

33 1909 188 1946 orando.
253 1908 503 1946 Surreximus
537 1913 575 1946 et
607 1915 763 1959 accepta
796 1908 842 1946 ab
876 1910 1058 1959 episcopo
1091 1908 1363 1948 benedictione
1391 1917 1436 1947 30

32 1967 296 2019 discessimus,
328 1973 487 2017 rogante
520 1967 584 2004 illo
617 1973 659 2005 ut
691 1979 802 2005 mane
836 1967 1028 2014 adessent,
1059 1966 1134 2004 illis
1166 1973 1209 2005 ut
1241 1980 1364 2018 aequo

33 2026 159 2063 animo
187 2031 290 2063 esset
316 2025 571 2063 hortantilssuls.
634 2024 777 2063 Inlnxit
804 2025 885 2063 dies
913 2027 978 2076 qui
1011 2024 1270 2077 metuebatur,
1302 2026 1365 2064 ad-

33 2088 143 2121 erant
175 2085 276 2121 servi
308 2082 393 2134 Dei,
436 2085 536 2122 sicut
567 2095 608 2121 se
640 2083 844 2122 adfuturos
878 2096 961 2121 esse
995 2085 1276 2136 promiserant,
1307 2086 1363 2122 in-

35 2286 70 2319 P
128 2245 147 2275 6
179 2241 328 2321 glulosus
364 2252 450 2281 mss‚·
480 2240 631 2276 Gelosus
656 2253 675 2276 v
714 2243 725 2285 Η
764 2245 805 2275 10
839 2253 950 2286 opera
977 2241 1072 2283 R1v,·
1099 2253 1249 2286 operum
1274 2242 1364 2277 R²A

70 2298 143 2321 arr.
165 2298 192 2330 p
209 2298 274 2322 err.
