1548 2562
430 151 481 176 DE
501 150 690 176 CIVITATE
709 150 780 175 DEI
798 150 832 176 n.
854 150 951 174 xvn.
971 149 1000 175 o.
1020 150 1061 175 15.
1082 150 1124 175 16.
1362 139 1446 180 237

114 240 267 279 Christo
308 239 367 278 vel
407 241 491 278 eius
535 239 699 277 ecelesia
742 238 1043 289 prophetaverit.
1111 237 1193 288 Ego
1234 242 1365 276 autem
1406 242 1449 276 ut

112 298 186 337 hoc
212 310 289 336 non
315 299 367 336 ita
394 298 541 349 faciam,
574 299 676 336 sicut
701 297 854 335 videtur
884 298 968 348 ipsa
1000 297 1217 347 expectatio
1249 295 1446 346 postulare

113 353 308 409 (quamvis
339 358 416 394 iam
455 357 495 394 in
527 367 605 394 uno
638 351 837 406 fecerim),
876 356 986 405 copia
1018 367 1133 405 quam
1165 355 1294 405 inopia
1327 355 1448 405 magis

112 415 314 466 impedior.
376 414 513 453 Omnia
546 416 648 452 enim
679 425 827 464 ponere
858 413 1034 451 vitandae
1066 412 1300 464 prolixitatis
1333 424 1449 457 causa

111 473 340 524 prohibeor3
378 484 516 511 vereor
548 478 677 511 autem
709 483 779 524 ne,
817 483 907 510 cum
939 472 1064 522 aliqua
1098 471 1271 523 elegero,
1303 471 1448 523 multis,

113 533 179 582 qui
232 544 275 570 ea
325 536 541 582 noverunt,
590 530 722 569 videar
763 531 886 581 magis
930 532 1152 568 necessaria
1194 531 1448 581 praeterisse3

112 590 250 629 deinde
284 591 372 640 quia
404 591 690 641 testimonium,
728 588 831 639 quod
863 589 1081 640 profertur,
1120 588 1167 627 de
1200 589 1448 627 contextione

112 650 231 688 totius
269 648 406 699 psalmi
444 647 560 686 debet
596 647 740 686 habere
773 647 1018 697 suffragium,
1056 652 1100 686 ut
1132 652 1239 685 certe
1272 646 1367 685 nihil
1400 648 1450 685 sit

112 707 215 757 quod
254 708 289 745 ei
322 708 559 758 refragetur,
597 707 629 744 si
670 717 747 744 non
781 707 909 744 omnia
941 706 1221 757 suffragantur,
1259 717 1307 744 ne
1340 717 1448 743 more

112 770 322 804 centonum
364 766 408 804 ad
451 777 554 816 rem,
599 776 715 815 quam
752 763 951 816 volumus,
996 770 1193 814 tamquam
1233 763 1448 802 versiculos

111 823 323 874 decerpere
364 824 581 875 videamur,
623 823 726 861 velut
757 822 803 860 de
836 823 972 873 grandi
1004 824 1193 874 carmine,
1235 822 1339 872 quod
1371 834 1450 860 non

113 882 159 920 de
198 895 240 920 re
277 882 357 934 illa,
402 882 469 920 sed
508 882 554 920 de
594 881 664 919 alia
696 881 888 931 longeque
922 881 1075 919 diversa
1107 883 1328 931 reperiatur
1361 892 1447 919 esse

112 942 389 992 conscriptum.
450 939 532 978 Hoc
559 946 687 979 autem
720 945 762 977 ut
794 941 833 977 in
867 940 1114 989 quocumque
1146 939 1294 990 psalmo
1326 940 1451 989 possit

112 998 284 1050 ostendi,
324 999 577 1050 exponendus
609 1004 669 1037 est
700 1003 824 1049 totus3
864 998 966 1048 quod
999 999 1134 1049 quanti
1166 999 1296 1048 operis
1329 999 1379 1035 sit
1412 1003 1450 1035 et

112 1057 275 1096 aliorum
308 1063 347 1096 et
379 1063 510 1096 nostra
543 1057 753 1108 volumina,
785 1058 824 1094 in
858 1056 1000 1106 quibus
1032 1056 1106 1094 hoc
1138 1056 1324 1107 fecimus,
1357 1057 1449 1094 satis

111 1115 295 1154 indicant.
358 1115 477 1166 Legat
514 1127 606 1166 ergo
645 1115 728 1167 illa,
770 1116 835 1165 qui
876 1115 1043 1153 voluerit
1082 1120 1118 1153 et
1160 1116 1351 1165 potuerit3
1393 1116 1449 1152 in-

111 1176 241 1212 veniet
284 1180 379 1225 quot
423 1180 462 1213 et
505 1179 647 1224 quanta
691 1186 759 1212 rex
798 1173 915 1211 David
958 1174 1138 1224 idemque
1180 1173 1371 1224 propheta
1403 1172 1449 1210 de

113 1232 266 1271 Christo
300 1238 338 1271 et
369 1234 452 1271 eius
484 1233 648 1271 ecclesia
679 1232 986 1283 prophetaverit,
1027 1232 1074 1270 de
1106 1244 1198 1282 rege
1232 1231 1381 1270 scilicet
1413 1237 1451 1269 et

112 1292 264 1330 civitate
298 1303 412 1342 quam
445 1291 628 1329 condidit.

633 1427 788 1470 CAPUT
816 1427 931 1469 XVI.

112 1514 172 1552 De
203 1515 281 1560 his,
313 1525 417 1562 quae
448 1515 489 1551 in
521 1515 858 1561 quadraqensmzo
891 1516 1035 1560 quarto
1063 1514 1215 1561 psalmo
1248 1513 1304 1550 ad
1339 1512 1449 1550 Chri-

186 1576 289 1610 stum
321 1577 359 1610 et
389 1574 598 1610 ecclesiam
625 1573 871 1621 pertinentia
904 1576 975 1609 aut
1006 1576 1145 1619 aperte
1176 1572 1368 1608 dicuntur

652 1635 723 1667 aut
753 1631 916 1678 tropice.

232 1710 453 1756 Quamlibet
490 1712 593 1749 enim
632 1710 678 1748 de
719 1722 963 1760 quacumque
998 1722 1038 1747 re
1072 1710 1252 1760 propriae
1286 1710 1364 1747 sint
1395 1715 1448 1747 at-

114 1782 189 1820 que
222 1770 448 1808 manifestae
481 1768 731 1820 propheticae
764 1768 1000 1819 locutiones,
1032 1779 1194 1806 necesse
1226 1773 1286 1806 est
1318 1773 1361 1805 ut
1393 1768 1448 1805 eis

113 1829 230 1866 etiam
257 1829 428 1878 tropicae
456 1828 711 1878 misceantur3
743 1839 841 1877 quae
869 1828 1031 1864 maxime
1064 1831 1226 1877 propter
1258 1826 1449 1864 tardiores

113 1887 298 1937 ingerunt
335 1885 562 1924 doctoribus
607 1885 844 1923 laboriosum
887 1884 1110 1936 disputandi
1151 1884 1448 1935 exponendique

114 1946 324 1995 negotium.
387 1943 584 1989 Quaedam
626 1950 755 1982 tamen
795 1943 993 1982 Christum
1038 1949 1076 1981 et
1120 1943 1323 1981 ecclesiam
1367 1944 1450 1993 ipsa

114 2004 239 2053 prima
270 2003 379 2054 facie,
410 2014 500 2040 mox
526 2008 569 2041 ut
601 2002 797 2053 dicuntur,
830 2001 1059 2052 ostendunt5
1092 2003 1166 2039 etsi
1199 2013 1245 2039 ex
1278 2001 1356 2039 otio
1388 2012 1447 2038 re·

114 2066 217 2099 stant
255 2060 500 2112 exponenda,
538 2072 635 2111 quae
674 2062 714 2098 in
754 2062 810 2098 eis
844 2062 971 2098 minus
1006 2059 1304 2110 intelleguntur3
1327 2058 1448 2109 ,quale

113 2118 207 2157 illud
240 2125 299 2157 est
324 2121 364 2157 in
391 2119 528 2157 eodem
558 2118 795 2169 psalmorum
828 2118 944 2157 libro:
978 2119 1189 2156 Eructavit
1219 2129 1291 2156 cor
1322 2129 1449 2156 meum

114 2178 276 2216 verbum
308 2178 467 2225 bonum,
509 2178 598 2216 dico
631 2189 702 2225 eqo
735 2189 858 2226 opera
890 2188 977 2216 mea
1009 2179 1107 2225 reyi.
1170 2176 1329 2224 Linquit
1361 2187 1448 2214 mea

208 2316 228 2348 8
254 2314 295 2346 ut
319 2313 395 2347 edd.
421 2315 517 2354 vett.;
544 2316 607 2346 aut
632 2322 700 2346 mss
723 2322 743 2346 v

1478 772 1519 802 10

1479 1064 1520 1094 15

1478 1439 1522 1469 20

1475 1775 1518 1805 25

1475 2068 1519 2098 30
