1548 2562
453 170 505 195 DE
525 170 715 196 CIVITATE
733 171 803 196 DEI
820 171 854 197 L.
875 171 958 197 XXI.
978 171 1007 197 ο.
1027 171 1070 197 27.
1327 163 1410 203 549

80 260 180 298 hanc
220 260 435 297 orationem
473 260 716 297 occasionem
753 259 1104 312 perpetrandorum
1146 259 1286 298 cotidie
1329 273 1409 299 sce-

79 318 204 356 lerum
229 322 435 368 quaerunt,
465 316 599 355 dicunt
625 316 830 355 Dominum
857 318 1094 367 significasse
1127 319 1243 356 etiam
1274 330 1410 369 magna

81 381 258 427 peccata,
297 376 477 426 quoniam
516 387 593 413 non
625 374 738 413 dixit:
773 374 978 426 „Dimittat
1008 375 1117 414 vohis
1147 372 1311 428 parva“,
1344 376 1410 414 sed

76 438 250 484 peccata
276 438 427 472 vestra:
459 432 512 471 ihi
544 444 614 482 nos
647 432 939 471 considerantes
971 433 1149 484 qualibus
1180 434 1412 485 loquebatur

82 497 121 530 et
158 491 360 530 audientes
399 491 547 529 dictum
579 496 753 540 peccata
789 496 922 530 vestra
958 491 1054 530 nihil
1091 492 1193 530 aliud
1225 492 1412 531 debemus
1439 502 1458 532 5

83 551 304 588 existimare
344 561 457 600 quam
498 561 636 601 parva,
680 550 862 600 quoniam
903 550 1037 588 talium
1075 551 1151 588 iam
1188 562 1266 589 non
1304 556 1414 589 erant

82 620 230 658 magna.
292 607 436 646 Verum
468 613 596 646 tamen
628 619 700 645 nec
732 609 814 658 ipsa
846 619 999 660 magna,
1032 620 1049 646 a
1083 608 1225 659 quibus
1257 611 1412 647 omnino

81 668 240 705 mutatis
281 667 321 704 in
358 665 497 704 melius
538 665 712 704 moribus
750 666 1012 704 recedendum
1052 672 1126 718 est,
1165 666 1413 706 dimittuntur

82 723 302 775 orantibus,
341 725 416 762 nisi
453 724 518 762 fiat
550 724 652 774 quod
685 723 738 762 ibi
771 723 929 763 dicitur:
968 725 1085 764 Sicut
1115 729 1154 764 et
1183 737 1254 764 rios
1285 726 1412 764 dimit-

81 785 197 821 timus
229 783 474 821 debitoribus
505 785 660 821 nostris.
723 781 765 820 Si
797 783 900 820 enim
932 784 1090 821 minima
1121 789 1297 835 peccata,
1329 785 1412 821 sine
1441 793 1483 824 1o

81 840 224 891 quibus
257 853 334 879 non
368 846 427 878 est
459 841 573 879 etiam
605 841 681 879 vita
712 842 925 892 iustorum,
957 840 1068 879 aliter
1100 853 1176 879 non
1210 843 1413 880 remittun-

80 904 163 938 tur:
204 904 347 950 quanto
385 900 507 949 magis
544 898 677 937 multis
716 904 753 936 et
791 900 938 949 magnis
980 899 1209 938 criminibus
1241 899 1414 951 involuti,

80 958 230 995 etiamsi
269 969 312 995 ea
350 962 577 1008 perpetrare
616 958 691 994 iam
724 956 919 1008 desinant,
957 957 1101 995 nullam
1133 957 1414 1008 indulgentiam

80 1020 387 1067 consequuntur,
419 1016 452 1053 si
483 1015 529 1053 ad
561 1014 838 1053 remittendum
870 1014 972 1066 aliis,
1004 1015 1106 1065 quod
1138 1016 1178 1053 in
1211 1027 1276 1053 eos
1310 1017 1413 1066 quis-

80 1086 153 1124 que
192 1075 430 1124 peccaverit7
468 1072 725 1111 inexorabiles
758 1073 921 1124 fuerint,
954 1085 1042 1111 cum
1075 1073 1177 1111 dicat
1208 1072 1411 1112 Dominus:
1441 1083 1481 1114 15

79 1132 126 1170 Si
156 1136 288 1170 autem
326 1143 404 1170 non
442 1133 672 1170 dimiseritis
703 1132 941 1179 hominibus,
979 1144 1106 1179 neque
1133 1136 1253 1180 poter
1284 1136 1413 1171 vester

80 1191 251 1228 dimittet
286 1190 404 1228 vobis.
467 1189 523 1227 Ad
562 1189 636 1227 hoc
674 1190 777 1226 enim
816 1189 915 1227 valet
954 1189 1056 1240 quod
1095 1191 1209 1228 etiam
1251 1190 1412 1228 Iacobus

79 1247 276 1299 apostolus
308 1249 361 1287 ait
391 1247 579 1286 iudicium
612 1247 788 1285 futurum
820 1248 902 1285 sine
935 1248 1203 1286 misericordia
1234 1248 1305 1300 illi,
1347 1249 1413 1299 qui

79 1318 157 1344 non
184 1306 276 1344 fecit
301 1305 620 1344 misericordiam.
682 1304 821 1343 Venire
849 1307 992 1356 quippe
1025 1305 1140 1344 debet
1170 1308 1210 1344 in
1242 1312 1412 1344 mentem

80 1365 196 1402 etiam
229 1375 365 1402 servus
396 1363 477 1414 ille,
510 1364 573 1401 cui
605 1362 773 1401 debitori
804 1363 985 1402 dominus
1017 1365 1101 1402 eius
1133 1363 1317 1403 relaxavit
1348 1364 1410 1403 de·
1438 1374 1482 1404 ‘20

79 1434 163 1461 cem
190 1421 293 1460 milia
319 1421 567 1473 talentorum,
600 1433 697 1471 quae
723 1426 858 1471 postea
883 1423 998 1460 iussit
1023 1427 1066 1460 ut
1098 1422 1291 1474 redderet,
1324 1423 1410 1473 quia

77 1482 160 1531 ipse
199 1491 277 1518 non
315 1481 498 1518 misertus
538 1485 597 1517 est
635 1480 812 1517 conservi
844 1481 922 1531 sui,
961 1481 1028 1530 qui
1059 1481 1095 1518 ei
1127 1479 1292 1518 debebat
1324 1492 1411 1519 cen-

78 1544 162 1577 tum
194 1538 384 1576 denarios.
446 1537 489 1575 In
521 1537 581 1575 his
615 1549 718 1589 ergo,
751 1539 817 1587 qui
850 1537 916 1575 filii
948 1543 1039 1576 sunt
1072 1540 1342 1589 promissionis
1375 1544 1413 1577 et

77 1608 166 1635 vasa
204 1595 514 1648 misericordiae,
552 1595 651 1633 valet
689 1595 792 1646 quod
831 1597 882 1634 ait
913 1596 1015 1634 idem
1048 1596 1245 1646 apostolus
1278 1608 1410 1635 conse-

81 1659 246 1705 quenter
297 1654 527 1705 adiungens:
598 1654 885 1703 Superexzdiat
939 1658 1070 1692 autem
1131 1656 1411 1694 misericordia
1438 1663 1482 1694 25

80 1714 240 1761 iudicio,
274 1714 456 1763 quoniam
483 1717 520 1750 et
545 1711 600 1750 illi
625 1713 730 1763 iusti,
762 1713 828 1762 qui
861 1717 964 1750 tanta
991 1713 1194 1751 sanctitate
1221 1714 1413 1765 vixerunt,

78 1776 122 1810 ut
148 1771 242 1809 alios
269 1782 423 1821 quoque
451 1771 642 1821 recipiant
668 1771 706 1807 in
740 1769 987 1808 tabernacula
1020 1775 1188 1822 aeterna,
1220 1783 1240 1809 a
1272 1770 1413 1821 quibus

78 1830 191 1867 amici
223 1829 312 1867 facti
345 1834 436 1867 sunt
468 1828 514 1866 de
547 1840 762 1866 mammona
794 1829 1030 1880 iniquitatis,
1068 1834 1112 1867 ut
1143 1828 1238 1867 tales
1271 1834 1414 1880 essent,

78 1887 345 1925 misericordia
386 1886 541 1925 liberati
585 1891 676 1924 sunt
717 1885 762 1924 ab
804 1880 871 1938 eo,
912 1888 979 1936 qui
1016 1887 1199 1925 iustificat
1239 1887 1412 1939 impium,

77 1946 273 1996 imputans
316 1944 538 1983 mercedem
583 1943 797 1982 seeundum
841 1946 1026 1997 gratiam,
1075 1956 1154 1983 non
1198 1945 1412 1983 secundum
1440 1953 1484 1984 30

79 2002 263 2042 debitum.
325 2002 368 2041 In
395 2014 531 2041 eorum
558 2003 700 2053 quippe
733 2014 896 2041 numero
930 2008 989 2041 est
1020 2002 1229 2055 apostolus,
1261 2004 1328 2053 qui
1359 2003 1413 2041 di-

79 2062 148 2099 cit:
183 2062 507 2100 Misericordiam
539 2065 774 2100 consecutus
805 2072 901 2108 sum,
934 2066 978 2099 ut
1004 2063 1137 2107 fidelis
1169 2072 1302 2100 essem.

173 2140 232 2181 19)
258 2139 328 2172 Iac.
355 2142 393 2179 2,
422 2142 474 2171 13.
526 2139 582 2180 23)
610 2138 674 2171 Mt.
705 2142 766 2180 18,
802 2142 845 2171 23
873 2149 949 2181 sqq.
1000 2140 1058 2181 26)
1086 2138 1156 2172 Iac.
1185 2142 1224 2180 2,
1253 2142 1304 2172 13.
1356 2140 1414 2182 28)

77 2184 136 2218 Lc.
168 2188 220 2227 16,
247 2188 278 2218 9.
329 2187 386 2227 32)
415 2187 443 2218 1.
472 2183 550 2218 Cor.
579 2188 610 2226 7,
638 2188 690 2217 25.

175 2280 217 2310 14
243 2278 513 2320 consequantur
538 2276 573 2309 A
592 2277 604 2319 Η
624 2280 666 2310 27
694 2287 716 2310 a
741 2276 872 2319 quibus
897 2286 967 2310 mss
992 2280 1133 2320 excepto
1160 2277 1180 2311 b
1205 2279 1306 2320 (550,
1332 2280 1413 2320 19),-

78 2333 99 2356 a
124 2333 187 2357 om.
213 2332 234 2357 v
