1548 2562
0 953 33 982 A)

402 162 454 186 DE
474 162 660 188 CIVITATE
679 163 748 187 DEI
769 162 801 188 L.
821 163 935 188 XVIII.
955 162 984 188 C.
1005 164 1046 188 23.
1315 154 1399 194 287

73 261 228 302 novem;
272 255 311 288 et
352 251 435 300 ipsa
472 261 610 288 novem
656 251 688 288 si
728 256 788 288 ter
829 250 1041 302 ducantur,
1085 256 1129 289 ut
1166 262 1211 290 ex
1252 250 1328 290 lato
1360 253 1400 290 in

74 307 192 346 altum
236 307 358 358 figura
402 314 634 359 consurgat,
684 307 730 345 ad
776 309 910 358 viginti
958 314 1106 359 septem
1156 311 1399 359 perveniunt.

72 365 220 404 Horum
262 370 392 403 autem
424 364 661 403 Graecorum
699 367 869 416 quinque
908 366 1136 417 verborum,
1181 378 1277 416 quae
1310 374 1402 405 sunt

68 420 218 474 Ἰησοῦς
248 419 432 473 Χρειστὸς
466 424 567 462 Θεοῦ
597 419 683 470 υἱὸς
712 420 855 475 σωτήρ,
894 425 996 474 quod
1035 430 1094 462 est
1125 424 1258 463 Latine
1291 424 1399 463 Iesus

73 480 249 520 Christus
281 480 350 519 Dei
382 481 484 519 filius
516 480 692 532 salvator,
724 482 756 519 si
788 483 932 532 primas
964 482 1112 521 litteras
1144 484 1293 534 iungas,
1325 485 1400 521 erit
1426 490 1445 520 5

71 536 204 589 ἰχθύς,
248 538 286 576 id
325 544 384 577 est
422 540 560 590 piscis,
600 540 640 577 in
674 550 749 589 quo
782 541 937 577 nomine
970 541 1131 591 mystice
1162 540 1401 591 intellegitur

71 596 268 648 Christus,
310 608 354 635 eo
399 596 502 647 quod
542 598 583 635 in
620 596 736 635 huius
775 597 1019 636 mortalitatis
1057 598 1194 649 abysso
1226 598 1330 637 velut
1360 600 1400 636 in

71 667 257 705 aquarum
296 654 559 705 profunditate
597 656 726 707 vivus,
767 655 841 693 hoc
880 661 939 694 est
979 657 1062 694 sine
1093 662 1274 708 peccato,
1315 668 1400 694 esse

69 714 251 769 potuerit.

156 772 159 775 ’
187 769 289 808 Haec
328 775 456 808 autem
489 769 631 820 Sibylla
671 771 750 808 sive
782 770 995 821 Erythraea
1034 773 1132 823 sive,
1169 777 1213 810 ut
1245 772 1398 822 quidam
1428 780 1471 810 10

71 829 191 880 magis
230 828 416 879 credunt,
460 827 626 866 Cumaea
664 829 716 866 ita
756 828 851 866 nihil
888 828 1004 867 habet
1043 831 1083 866 in
1117 834 1196 867 toto
1230 832 1399 868 carmine

70 899 153 938 SUO,
186 887 296 924 cuius
330 887 466 936 exigua
497 887 570 923 ista
601 885 791 936 particula
822 892 892 937 est,
925 886 1026 936 quod
1060 886 1105 924 ad
1138 887 1301 926 deorum
1334 887 1398 925 sal-

70 956 202 983 sorum
244 945 322 982 sive
365 944 555 982 factorum
604 943 751 981 cultum
799 946 1007 994 pertineat,
1056 946 1149 994 quin
1189 946 1306 984 immo
1348 947 1399 984 ita

71 1004 186 1040 etiam
225 1007 358 1040 contra
397 1013 463 1039 eos
501 1007 540 1039 et
580 1006 715 1039 contra
747 1001 918 1039 cultores
951 1013 1087 1040 eorum
1119 1002 1312 1054 loquitur,
1357 1009 1399 1041 ut

69 1062 107 1098 in
147 1071 281 1098 eorum
320 1070 483 1097 numero
522 1058 740 1109 deputanda
778 1058 969 1110 videatur,
1011 1061 1076 1109 qui
1113 1062 1312 1110 pertinent
1353 1061 1397 1098 ad
1428 1068 1469 1097 15

70 1119 260 1156 civitatem
301 1115 412 1169 Deis»
443 1116 585 1154 Inserit
622 1117 738 1154 etiam
769 1115 993 1155 Lactantius
1031 1119 1140 1168 operi
1181 1130 1251 1157 suo
1283 1131 1397 1169 quae-

69 1175 154 1213 dam
198 1175 245 1213 de
277 1172 430 1213 Christo
463 1175 641 1212 vaticinia
674 1173 858 1226 Sibyllae,
895 1176 1068 1224 quamvis
1101 1187 1177 1213 non
1211 1178 1400 1226 exprimat

69 1235 191 1271 cuius.
255 1232 330 1270 Sed
368 1244 466 1282 quae
503 1233 587 1282 ipse
628 1232 848 1282 singillatim
888 1234 1034 1284 posuit,
1076 1245 1146 1283 ego
1188 1234 1398 1272 arbitratus

70 1303 155 1329 sum
183 1292 388 1329 coniuncta
414 1301 502 1328 esse
527 1289 717 1341 ponenda,
750 1295 945 1340 tamquam
971 1302 1091 1329 unum
1118 1292 1168 1329 sit
1193 1292 1398 1343 prolixum,

69 1361 166 1399 quae
198 1348 261 1387 ille
301 1347 412 1398 plura
450 1349 765 1386 commemoravit
803 1353 841 1385 et
872 1347 1012 1386 brevia.
1073 1348 1140 1399 „ln
1173 1361 1309 1388 manus
1341 1352 1396 1388 in·
1425 1357 1468 1387 20

68 1409 191 1458 iquas,
222 1407 360 1457 inquit,
391 1405 605 1444 infidelium
636 1411 770 1456 postea
802 1407 948 1457 veniet3
981 1405 1127 1445 dabunt
1158 1413 1287 1446 autem
1318 1407 1397 1446 Deo

69 1465 194 1515 alapas
226 1463 404 1502 manibus
435 1465 596 1502 incestis
628 1469 667 1502 et
698 1465 878 1514 inpurato
911 1475 977 1502 ore
1011 1471 1203 1515 exspuent
1234 1478 1397 1504 venena-

67 1529 127 1561 tos
171 1528 327 1573 sputus3
371 1520 476 1559 dabit
520 1533 611 1560 vero
655 1521 700 1559 ad
745 1521 907 1559 verbera
951 1522 1180 1572 simpliciter
1221 1530 1397 1562 sanctum

68 1580 238 1618 dorsum.
301 1579 349 1618 Et
381 1578 562 1630 colaphos
595 1581 789 1630 accipiens
820 1579 973 1631 tacebit,
1005 1592 1053 1618 ne
1086 1582 1173 1629 quis
1205 1587 1397 1633 agnoscat,

69 1638 171 1688 quod
210 1637 371 1676 verbum
408 1637 467 1675 vel
505 1637 607 1676 unde
647 1638 766 1688 venit,
804 1643 847 1675 ut
884 1638 1020 1675 inseris
1051 1638 1232 1687 loquatur
1264 1644 1303 1678 et
1334 1651 1396 1677 co·
1425 1646 1467 1676 25

66 1707 162 1734 rona
193 1697 327 1746 spinea
357 1700 579 1733 coronetur.
640 1695 696 1734 Ad
734 1694 863 1733 cibum
903 1701 1032 1733 autem
1064 1695 1114 1733 fel
1146 1701 1185 1734 et
1215 1696 1261 1734 ad
1294 1698 1397 1735 sitim

68 1759 219 1792 acetum
258 1752 466 1803 dederunt3
504 1751 817 1803 inhospitalitatis
857 1752 957 1791 hanc
988 1753 1261 1792 monstrabunt
1292 1766 1396 1793 men-

69 1823 159 1849 sam.
221 1810 307 1861 lpsa
348 1812 452 1848 enim
494 1811 682 1861 insipiens
722 1816 832 1848 tuum
878 1810 1000 1849 Deum
1041 1822 1117 1849 non
1162 1812 1398 1863 intellexisti,

66 1869 265 1908 ludentem
302 1868 523 1906 mortalium
563 1868 774 1920 mentibus,
813 1868 880 1906 sed
913 1874 951 1906 et
982 1870 1102 1919 spinis
1134 1872 1329 1908 coronasti
1360 1876 1398 1908 et

67 1926 269 1965 horridum
301 1926 352 1964 fel
383 1927 584 1964 miscuisti.
646 1926 796 1977 Templi
829 1938 919 1964 vero
951 1927 1077 1965 velum
1110 1927 1326 1979 scindetur3
1358 1933 1397 1966 et
1422 1935 1467 1966 30

69 1985 195 2023 medio
234 1984 295 2023 die
334 1995 410 2022 nox
450 1985 525 2022 erit
557 1983 763 2022 tenebrosa
796 1985 910 2022 nimis
942 1986 979 2022 in
1013 1984 1138 2022 tribus
1170 1985 1286 2024 horis.
1347 1985 1396 2024 Et

67 2048 192 2081 morte
233 2043 421 2081 morietur
461 2041 586 2080 tribus
628 2041 765 2080 diebus
806 2054 940 2080 somno
982 2048 1179 2094 suscept03
1224 2049 1262 2082 et
1303 2050 1395 2081 tunc

67 2100 113 2138 ab
145 2100 281 2138 inferis
318 2111 521 2149 regressus
558 2099 604 2137 ad
642 2099 770 2138 lucem
801 2101 929 2139 veniet
959 2102 1109 2151 primus
1141 2103 1393 2140 resurrectio-

162 2202 217 2243 16)
243 2199 360 2234 Instit.
387 2204 419 2243 4,
446 2203 488 2234 18
516 2211 567 2243 sq.

160 2308 204 2339 20
229 2304 372 2347 iniquas
398 2312 461 2339 om.
488 2303 602 2338 RAF
