1548 2562
312 155 363 180 DE
382 155 572 181 01vrrA⁷rE
591 155 659 180 Dm
678 156 710 180 L.
730 156 811 181 XIX.
831 155 859 181 c.
880 157 922 181 28.
941 155 975 182 L.
997 156 1061 181 xx.
1082 156 1110 181 c.
1130 157 1154 181 1.
1310 146 1395 187 405

66 245 184 283 vincit
216 248 254 283 et
286 243 459 282 dolorem
501 245 643 282 sanitas
676 244 784 283 tollit.
846 244 903 283 Ibi
935 250 1073 283 autem·
1096 250 1134 283 et
1165 244 1275 282 dolor
1307 256 1394 296 per-

66 308 193 340 manet
237 306 280 340 ut
325 302 490 354 affligat,
534 308 572 341 et
618 308 755 341 natura
798 303 985 353 perdurat
1022 308 1065 341 ut
1103 304 1261 354 sentiat3
1306 304 1395 353 quia

65 366 276 410 utrumque
317 360 404 398 ideo
445 373 523 399 non
563 361 713 412 deficit,
751 373 799 399 ne
838 373 961 412 poena
1000 362 1162 400 deficiat.
1230 361 1286 399 Ad
1324 362 1395 399 hos

64 423 193 457 autem
224 418 321 457 fines
353 418 545 458 bonorum
577 425 615 457 et
646 419 856 471 malorum,
887 419 972 458 illos
1006 419 1262 472 expetendos,
1298 420 1395 458 istos

64 477 272 529 cavendos,
310 479 491 527 quoniam
523 490 593 528 per
624 477 811 516 iudicium
844 478 1066 517 transibunt
1098 479 1144 517 ad
1174 478 1261 517 illos
1292 477 1396 529 boni,

65 535 111 573 ad
144 536 240 573 istos
277 535 384 574 mali:
428 536 475 574 de
513 536 586 574 hoc
623 535 788 587 iudicio,
829 543 1015 586 quantum
1048 536 1151 575 Deus
1183 536 1396 585 donaverit,

63 594 103 631 in
136 595 391 644 consequenti
423 594 616 633 volumine
649 594 865 645 disputabo.

534 858 777 900 LIBER
818 860 920 901 XX.

621 1033 772 1076 CAPUT
806 1035 837 1076 I.

71 1119 196 1165 Quod,
229 1119 407 1166 quamvis
433 1121 539 1157 omni
562 1122 736 1167 tempore
761 1120 868 1158 Deus
901 1121 1061 1166 iudicet,
1095 1132 1133 1158 m
1161 1121 1236 1159 hoc
1268 1126 1396 1160 temnere

65 1177 166 1215 libro
200 1178 248 1214 de
284 1178 492 1215 novissimo
531 1179 615 1216 eius
648 1179 797 1216 iudicio
829 1180 881 1216 sit
905 1180 1073 1226 proprie
1105 1181 1397 1227 disputandum.

182 1257 235 1296 De
273 1257 334 1296 die
373 1257 498 1296 ultimi
535 1259 669 1297 iudicii
700 1258 769 1297 Dei
812 1260 914 1310 quod
947 1261 1029 1310 ipse
1062 1260 1263 1298 donaverit
1293 1260 1397 1299 locu-

67 1316 147 1354 turi
173 1327 341 1366 eumque
367 1316 561 1355 adserturi
593 1317 777 1356 adversus
809 1319 948 1368 impios
980 1324 1018 1356 et
1050 1318 1272 1357 incredulos
1304 1325 1397 1357 tam-

66 1385 180 1424 quam
224 1376 262 1412 in
316 1374 478 1412 aedilicii
527 1375 777 1414 fundamento
826 1378 936 1427 prius
980 1389 1126 1427 ponere
1178 1379 1398 1415 testimonia

67 1432 193 1470 divina
243 1431 447 1484 debemus3
498 1433 640 1484 quibus
690 1436 756 1485 qui
806 1434 943 1473 nolunt
987 1435 1170 1487 credere,
1219 1435 1398 1474 humanis

66 1490 297 1528 ratiunculis
337 1491 442 1529 falsis
484 1498 598 1542 atque
645 1492 843 1531 fallacibus
885 1495 1154 1531 contravenire
1197 1500 1398 1545 conantur,

66 1548 112 1586 ad
143 1548 217 1587 hoc
244 1554 288 1587 ut
313 1555 379 1587 aut
404 1550 506 1588 aliud
540 1552 756 1601 significare
790 1551 1026 1589 contendant
1058 1551 1160 1602 quod
1193 1552 1399 1591 adhibetur

69 1608 332 1645 testimonium
372 1608 418 1645 de
456 1608 596 1647 litteris
628 1610 767 1661 sacris,
808 1615 874 1648 aut
906 1611 1063 1647 omnino
1096 1609 1279 1648 divinitus
1313 1623 1396 1648 esse

66 1664 214 1703 dictum
258 1672 411 1716 negent.
482 1666 578 1704 Nam
621 1667 770 1706 nullum
815 1669 991 1706 existimo
1035 1680 1120 1706 esse
1164 1669 1398 1721 mortalium,

67 1724 134 1773 qui
166 1735 254 1761 cum
287 1735 342 1775 ea,
374 1725 475 1763 sicut
507 1725 607 1763 dieta
640 1731 750 1773 sunt,
784 1725 1017 1764 intellexerit
1049 1732 1087 1764 et
1119 1738 1139 1764 a
1171 1738 1322 1765 summo
1355 1739 1398 1765 ac

66 1793 157 1818 vero
196 1780 275 1819 Deo
315 1794 387 1833 per
425 1784 571 1821 animas
609 1790 761 1822 sanctas
799 1784 899 1822 dicta
931 1796 1015 1823 esse
1049 1784 1280 1837 crediderit,
1321 1798 1399 1824 non

67 1841 123 1877 eis
164 1839 275 1877 cedat
318 1845 433 1891 atque
479 1844 718 1894 consentiat,
761 1844 839 1881 sive
881 1842 918 1880 id
961 1844 1076 1881 etiam
1120 1855 1186 1881 ore
1232 1844 1399 1882 fateatur

68 1899 146 1935 sive
188 1897 315 1948 aliquo
356 1900 449 1937 vitio
489 1900 600 1938 fateri
638 1900 844 1939 erubescat
882 1906 947 1939 aut
985 1907 1151 1954 metuat,
1192 1902 1251 1940 vel
1283 1904 1396 1940 etiam
1450 1910 1462 1919 ‘

67 1957 283 2006 pervicacia
321 1957 512 1996 simillima
549 1959 720 1997 insaniae
759 1959 814 2008 id,
856 1959 958 2010 quod
998 1960 1135 1997 falsum
1175 1972 1259 1998 esse
1292 1962 1398 1999 novit

68 2019 133 2052 aut
164 2014 309 2066 credit,
348 2021 482 2054 contra
514 2016 570 2068 id,
609 2017 711 2067 quod
743 2030 878 2056 verum
911 2030 995 2056 esse
1028 2019 1134 2056 novit
1166 2024 1231 2056 aut
1263 2018 1398 2071 credit,

68 2073 184 2110 etiam
215 2075 568 2113 contentiosissime
600 2075 809 2114 defendere
842 2076 1034 2114 moliatur.

186 2129 297 2175 Quod
325 2144 416 2182 ergo
442 2134 481 2170 in
509 2133 752 2172 confessione
785 2146 828 2172 ac
859 2135 1100 2185 professione
1133 2140 1241 2173 tenet
1272 2137 1397 2173 omnis

1426 943 1469 973 10

1427 1327 1467 1357 15

69 2188 231 2226 ecclesia
275 2188 343 2227 Dei
387 2192 467 2228 veri
500 2190 698 2230 Christum
741 2192 787 2230 de
833 2192 937 2231 caelo
976 2205 1060 2231 esse
1100 2199 1305 2231 venturum
1351 2194 1395 2231 ad
1424 2203 1467 2233 30

68 2247 174 2284 vivos
206 2258 249 2285 ac
281 2253 456 2286 mortuos
487 2249 731 2302 iudicandos,
769 2250 872 2289 hunc
905 2251 1023 2289 divini
1053 2251 1188 2289 iudicii
1219 2251 1397 2290 ultimum

70 2304 172 2344 diem
203 2304 380 2358 dicimus,
411 2306 449 2345 id
482 2313 541 2345 est
567 2310 818 2347 novissimum
851 2315 1014 2360 tempus.
1076 2309 1171 2347 Nam
1202 2322 1273 2361 per
1305 2317 1399 2360 quot
