1611 2465
152 50 237 91 242
685 57 711 82 s.
732 57 949 83 Auctsrnu

153 149 357 187 manifesta
382 148 621 194 referuntur,
653 158 750 196 quae
777 145 890 196 paulo
917 145 1124 185 obscurius
1150 149 1189 186 in
1222 147 1358 187 eodem
1389 148 1486 199 psal-

153 219 216 246 mo
236 208 362 258 posita
382 211 485 257 sunt,
517 203 670 256 quando
691 209 799 242 recte
825 204 1122 257 intelleguntur3
1149 206 1251 256 quod
1278 207 1318 244 in
1344 209 1487 245 nostris

152 267 229 304 iam
260 263 512 316 popularibus
546 261 791 301 sermonibus
825 263 998 301 fecimus.
1062 263 1125 302 Sic
1158 270 1196 303 et
1227 266 1266 302 in
1298 264 1383 316 illo,
1422 264 1489 304 ubi

154 323 410 363 humilitatem
448 322 639 372 passionis
677 332 769 359 suae
810 333 880 372 per
917 321 1161 372 prophetiam
1195 322 1372 361 Christus
1412 323 1487 362 elo-

108 391 128 421 5
154 384 287 433 quitur
314 381 465 419 dicens:
496 381 703 418 Foderunt
732 391 873 418 manus
896 391 1005 419 meas
1037 386 1076 419 et
1094 383 1228 429 pedes,
1261 383 1489 421 de'numera-

155 446 298 480 verunt
340 440 472 478 omnia
516 450 605 477 ossa
649 450 757 483 mecm
803 441 878 487 ipsc·
914 450 1005 477 vero
1050 441 1410 478 consideraverunt
1454 446 1491 480 et

156 502 452 547 conspexerant
487 508 547 536 me
585 493 747 548 (quibus
785 498 919 547 utique
958 496 1086 535 verbis
1124 498 1164 535 in
1196 509 1314 536 cruce
1347 510 1491 549 corpus

156 557 386 607 significavit
417 561 618 594 extentum
657 555 834 593 manibus
873 555 1115 606 pedibusque
1150 555 1311 594 confixis
1345 562 1383 595 et
1415 557 1489 595 cla-

156 626 292 653 vorum
319 613 699 653 transverberatione
727 614 929 665 confossis,
961 626 1085 664 eoque
1119 613 1232 652 modo
1266 626 1307 652 se
1340 621 1489 666 specta-

88 683 130 712 10
157 673 288 712 culum
320 671 658 712 considerantibus
691 678 729 710 et
761 672 1093 722 conspicientibus
1125 669 1394 726 praebuisse),
1427 673 1490 712 ad-

156 732 253 770 dens
279 732 411 770 etiam:
445 732 678 769 Diviserunt
701 732 779 769 sibi
802 732 1032 769 vestimenta
1057 742 1144 770 mea
1171 737 1208 769 et
1231 743 1352 780 super
1377 735 1491 771 vesti-

156 796 328 830 mentum
358 801 487 829 meum
518 792 712 828 miserunt
741 794 897 836 sortem,
930 801 1028 839 quae
1060 789 1264 840 prophetia
1296 802 1413 840 quem
1445 790 1491 828 ad

156 849 314 887 modum
347 848 502 899 impleta
529 849 579 886 sit
610 847 827 898 evangelica
860 853 1041 886 narratur
1073 847 1245 899 historia,
1277 853 1371 887 tunc
1402 861 1490 900 pro-

157 908 258 946 secto
300 913 339 945 et
380 907 450 945 alia
488 912 595 945 recte
633 906 931 958 intelleguntur,
969 918 1066 957 quae
1104 905 1157 944 ibi
1197 907 1326 945 minus
1358 912 1492 958 aperte

88 974 130 1005 15
157 965 259 1005 dicta
291 972 394 1017 sunt,
426 977 515 1003 cum
547 970 770 1016 congruunt
800 964 879 1016 his,
911 976 1009 1015 quae
1043 970 1149 1003 tanta
1180 965 1492 1004 manifestatione

157 1024 399 1075 claruerunt3
439 1025 671 1074 praesertim
712 1024 800 1074 quia
842 1029 881 1062 et
921 1022 1000 1075 illa,
1042 1035 1139 1073 quae
1181 1035 1258 1061 non
1297 1029 1492 1063 transacta

157 1083 365 1134 credimus,
397 1082 465 1120 sed
490 1083 711 1133 praesentia
743 1087 988 1134 contuemur,
1019 1083 1122 1120 sicut
1152 1083 1192 1120 in
1225 1081 1362 1120 eodem
1393 1082 1492 1134 psal-

157 1153 218 1179 mo
251 1141 434 1191 leguntur
472 1146 579 1178 tanto
619 1145 706 1179 ante
739 1140 953 1192 praedicta,
994 1141 1046 1178 ita
1078 1152 1181 1178 nunc
1214 1140 1386 1179 exhibita
1417 1142 1493 1179 iam

157 1205 238 1238 toto
271 1198 364 1237 orbe
398 1204 625 1238 cernuntur.
688 1197 745 1237 Ibi
777 1200 880 1236 enim
911 1197 1025 1249 paulo
1057 1204 1146 1249 post
1177 1198 1338 1238 dicitur:
1384 1199 1491 1238 Com-

86 1267 131 1296 ·20
156 1258 483 1297 memorabuntur
533 1263 570 1296 et
619 1261 902 1296 convertentur
952 1258 1008 1295 ad
1054 1257 1265 1295 Dominum
1315 1259 1496 1296 universi

152 1318 254 1362 fines
298 1321 435 1355 terrae
477 1321 514 1354 et
555 1316 785 1354 adorabunt
825 1317 865 1353 m
907 1320 1120 1365 conspectu
1158 1317 1244 1354 eius
1282 1318 1495 1355 universae

151 1376 316 1423 patriae
353 1376 553 1422 qentium;
593 1376 780 1422 quoniam
813 1374 973 1413 Domini
1013 1379 1072 1413 est
1107 1385 1293 1423 reanum,
1334 1380 1371 1414 et
1411 1376 1495 1424 ipse

157 1433 428 1472 dominabitur
457 1434 647 1481 qente'um.

655 1555 811 1599 CAPUT
836 1556 996 1600 XVIII.

86 1652 130 1681 25
211 1642 271 1681 De
297 1643 451 1691 psalmo
484 1644 601 1681 tertio
633 1647 671 1680 et
702 1643 751 1680 de
782 1643 1118 1690 quadrayensz'mo
1150 1647 1188 1681 et
1219 1643 1268 1682 de
1299 1645 1435 1691 que‘nto

187 1701 338 1740 decimo
371 1705 409 1739 et
440 1701 489 1739 de
520 1703 796 1748 sexayensimo
827 1702 1002 1749 septimo,
1035 1702 1074 1738 in
1108 1701 1250 1749 quibus
1281 1712 1387 1740 mors
1418 1707 1456 1741 et

451 1760 697 1797 resurrectio
730 1759 891 1797 Domini
916 1759 1193 1808 prophetatur.

273 1839 327 1879 De
354 1841 647 1878 resurrectione
674 1851 829 1890 quoque
862 1841 946 1878 eius
979 1851 1224 1890 nequaquam
1255 1840 1493 1891 psalmorum

159 1898 314 1937 oracula
353 1903 569 1937 tacuerunt.
631 1896 728 1936 Nam
767 1897 858 1947 quid
897 1903 956 1935 est
993 1897 1094 1935 aliud
1134 1897 1237 1948 quod
1275 1899 1314 1937 in
1346 1899 1492 1950 psalmo

87 1965 132 1997 30
158 1958 273 1995 tertio
312 1968 358 1995 ex
396 1968 563 2008 persona
604 1957 688 1995 eius
721 1957 890 1994 canitur:
930 1956 1015 2004 Eoo
1048 1957 1219 1994 dormivi
1249 1962 1285 1996 et
1317 1969 1493 1997 somnum

254 2049 287 2079 7)
314 2046 369 2079 Ps.
399 2049 454 2087 21,
484 2049 524 2079 17
551 2056 629 2088 sqq.
682 2047 738 2089 13)
764 2045 829 2080 Mt.
857 2048 912 2088 27,
939 2048 993 2079 35.
1045 2047 1103 2088 23)
1130 2045 1184 2080 Ps.
1213 2049 1267 2089 21,
1295 2050 1337 2080 27
1365 2058 1416 2090 sq.

254 2178 273 2208 8
294 2173 449 2208 extentis
469 2172 505 2207 R
523 2175 535 2217 ΙΙ
557 2177 595 2207 11
618 2172 876 2207 uestimentum
896 2183 1018 2207 meum
1031 2172 1109 2207 RF
1125 2177 1164 2207 ut
1180 2174 1335 2216 Amiat.,·
1355 2176 1491 2209 *vestem

158 2231 278 2254 meam
306 2231 323 2254 v
349 2222 360 2263 ΙΙ
386 2224 428 2254 27
456 2220 696 2264 prophetatur
721 2219 776 2261 F,·
802 2220 1069 2264 prophetantur
1093 2231 1113 2253 v
