1495 2489
64 438 82 468 5

45 729 86 758 10

43 1018 84 1049 15

40 1308 83 1339 20

39 1887 83 1917 30

114 99 197 140 124
644 107 670 134 s.
690 106 905 135 AUGUSTINI

109 198 187 237 lus:
221 199 309 237 Etsi
332 201 555 245 crucifixus
582 203 639 236 est
670 210 721 236 ex
753 199 994 244 infirmitate.
1054 196 1163 236 Unde
1195 197 1296 236 idem
1329 197 1437 236 dicit:

111 257 317 304 Infirmum
350 258 426 295 Dei
457 256 606 304 forte'us
644 261 702 294 est
739 257 975 302 hominibus,
1013 261 1050 293 et
1079 258 1238 294 stultum
1271 257 1347 295 Dei
1374 268 1436 294 sa-

106 317 281 363 pientius
319 321 376 353 est
417 315 648 352 hominibus.
711 313 821 358 Quod
867 326 956 351 vero
1001 325 1089 352 cum
1133 314 1280 352 dictum
1317 321 1438 353 esset:

110 373 161 411 Et
185 374 359 411 nudatus
386 377 453 418 est,
485 371 631 410 addidit
657 373 868 422 scriptura:
902 372 949 410 In
983 373 1094 410 domo
1125 384 1210 423 sua,
1243 372 1438 422 eleganter

110 430 297 482 ostendit,
340 430 442 479 quod
475 442 494 467 a
528 441 618 467 suae
659 431 785 468 carnis
817 435 931 480 gente
963 436 1001 468 et
1033 430 1255 468 domesticis
1287 432 1438 480 sangui-

109 491 169 527 nis
202 490 280 539 sui,
312 489 447 538 utique
480 487 652 538 Iudaeis,
684 488 811 526 fuerat
841 499 998 526 crucem
1031 494 1274 538 mortemque
1305 500 1438 539 passu-

110 559 187 585 rus.
250 545 357 584 Hanc
389 547 609 596 passionem
642 545 784 584 Christi
823 546 916 584 soris
955 548 993 584 in
1027 558 1121 584 sono
1155 552 1304 584 tantum
1335 548 1440 585 vocis

110 604 267 655 reprobi
294 603 539 655 adnuntiant3
572 616 648 642 non
675 605 777 642 enim
811 604 913 654 quod
940 603 1169 642 adnuntiant
1199 604 1440 655 intellegunt.

110 662 227 700 Probi
277 667 407 701 autem
457 663 496 700 in
546 663 731 700 interiore
782 661 936 699 homine
981 661 1124 700 habent
1174 668 1251 700 tam
1295 663 1439 713 grande

112 722 340 771 mysterium
385 726 498 770 atque
540 719 731 758 honorant
776 721 881 758 intus
925 722 963 757 in
1009 720 1125 758 corde
1166 721 1362 758 Infirmum
1403 727 1441 760 et

111 778 274 817 stultum
317 777 409 829 Dei,
453 779 541 828 quia
585 778 724 816 fortius
768 784 807 816 et
850 779 1063 828 sapientius
1107 784 1166 816 est
1207 778 1440 817 hominibus.

110 836 234 875 Huius
275 838 333 874 rei
376 836 497 886 figura
538 841 619 886 est,
664 835 765 886 quod
807 835 924 874 Cham
969 838 1100 874 exiens
1138 836 1211 875 hoc
1250 838 1442 875 nuntiavit

111 896 218 946 soris;
251 894 340 932 Sem
373 906 463 932 vero
497 900 535 932 et
566 893 738 945 iapheth,
769 899 813 932 ut
843 893 915 932 hoc
948 894 1131 946 velarent,
1162 894 1199 932 id
1232 900 1292 933 est
1322 894 1441 934 hono·

110 958 256 1004 rarent,
288 953 454 1003 ingressi
487 957 588 1003 sunt,
620 951 693 990 hoc
725 958 785 990 est
816 953 981 990 interius
1013 952 1051 990 id
1084 959 1259 1002 egerunt.

228 1009 331 1048 Haec
371 1011 587 1060 scripturae
626 1016 777 1048 secreta
809 1009 960 1048 divinae
998 1010 1242 1062 indagamus,
1280 1017 1324 1049 ut
1353 1023 1441 1062 pos-

110 1080 258 1120 sumus,
284 1068 380 1106 alius
406 1067 478 1106 alio
506 1070 625 1118 magis
652 1070 826 1105 minusve
854 1074 1126 1119 congruenter,
1152 1080 1287 1107 verum
1313 1075 1442 1107 tamen

110 1126 275 1164 fideliter
319 1132 470 1164 certum
508 1132 687 1164 tenentes
725 1138 802 1163 non
840 1137 884 1164 ea
923 1128 1004 1164 sine
1049 1126 1174 1177 aliqua
1207 1127 1440 1177 praefigura-

110 1185 215 1222 tione
259 1184 481 1222 futurorum
525 1189 633 1234 gesta
683 1189 796 1233 atque
842 1186 1063 1234 conscripta
1107 1196 1232 1235 neque
1277 1186 1352 1223 nisi
1396 1185 1442 1223 ad

111 1241 308 1280 Christum
353 1247 391 1279 et
434 1243 518 1279 eius
556 1242 780 1293 ecclesiam,
825 1254 922 1292 quae
956 1244 1089 1280 civitas
1123 1242 1191 1280 Dei
1233 1249 1311 1294 est,
1356 1255 1442 1282 esse

110 1300 331 1350 referenda,
365 1301 477 1338 cuius
510 1299 555 1337 ab
582 1301 691 1338 initio
718 1301 872 1350 generis
899 1299 1057 1338 humani
1082 1312 1157 1338 non
1185 1300 1308 1339 defuit
1332 1313 1441 1352 prae-

110 1357 262 1408 dicatiO,
295 1369 409 1407 quam
436 1369 506 1407 per
532 1359 658 1395 omnia
690 1358 864 1396 videmus
897 1358 1059 1408 impleri.
1120 1358 1342 1397 Benedictis
1366 1361 1441 1410 jgi-

110 1421 174 1453 tur
213 1415 365 1453 duobus
404 1415 491 1453 filiis
523 1415 604 1453 Noe
643 1421 757 1465 atque
797 1428 873 1453 uno
913 1417 951 1453 in
993 1416 1119 1454 medio
1160 1428 1295 1455 eorum
1327 1418 1442 1456 male-

109 1473 212 1511 dicto
246 1473 430 1523 deinceps
457 1485 581 1523 usque
615 1473 660 1511 ad
687 1473 878 1511 Abraham
910 1474 956 1511 de
989 1476 1181 1513 iustorum
1213 1475 1443 1527 aliquorum,

110 1533 175 1581 qui
201 1532 262 1581 pie
290 1531 413 1569 Deum
439 1531 624 1582 colerent,
657 1533 1022 1570 commemoratione
1055 1532 1251 1570 silentium
1283 1539 1342 1571 est
1372 1546 1443 1584 per

64 1598 76 1605 “
109 1601 230 1627 annos
263 1588 426 1639 amplius
460 1601 574 1639 quam
606 1589 718 1627 mille.
780 1589 859 1627 Nec
883 1590 964 1627 'eos
996 1589 1165 1629 defuisse
1198 1590 1443 1644 crediderim,

110 1646 177 1685 sed
211 1648 242 1684 si
281 1659 416 1685 omnes
449 1653 866 1698 commemorarentur,
906 1649 1019 1686 nimis
1051 1648 1208 1699 longum
1240 1649 1367 1700 fieret,
1405 1656 1444 1688 et

110 1711 214 1743 esset
239 1704 333 1743 haec
360 1704 544 1743 historica
570 1707 691 1755 magis
723 1705 920 1756 diligentia
953 1717 1066 1756 quam
1097 1707 1323 1757 prophetica
1354 1719 1443 1758 pro-

109 1762 287 1801 videntia.
350 1762 415 1800 Illa
453 1764 582 1812 itaque
623 1764 829 1813 exequitur
868 1763 1087 1802 litterarum
1119 1776 1316 1803 sacrarum
1349 1767 1442 1804 scri-

109 1826 198 1871 ptor
241 1822 403 1858 istarum
442 1820 501 1858 vel
538 1822 669 1871 potius
715 1833 784 1871 per
828 1833 917 1859 eum
955 1821 1023 1859 Dei
1069 1821 1256 1873 Spiritus,
1300 1823 1442 1873 quibus

110 1891 187 1916 non
232 1878 357 1916 solum
399 1883 608 1916 narrentur
645 1880 872 1929 praeterita,
917 1891 1051 1917 verum
1092 1881 1208 1917 etiam
1250 1892 1442 1930 praenun-

109 1938 255 1974 tientur
293 1936 441 1986 futura,
487 1947 584 1986 quae
624 1942 752 1974 tamen
796 1938 995 1986 pertinent
1038 1937 1082 1974 ad
1123 1939 1316 1976 civitatem
1356 1938 1443 1991 Dei3

109 1995 198 2044 quia
237 2000 275 2032 et
319 1993 366 2032 de
410 1993 651 2045 hominibus,
690 1995 756 2044 qui
800 2006 877 2032 non
916 2001 1007 2033 sunt
1047 1996 1149 2033 cives
1188 1997 1288 2047 eius,
1333 1997 1443 2047 quid·

204 2106 236 2146 1)
264 2108 294 2138 2.
325 2104 402 2139 Cor.
433 2110 486 2146 13,
512 2109 543 2139 4.
595 2108 629 2148 3)
657 2109 687 2138 1.
716 2105 795 2141 Cor.
825 2110 855 2150 1,
882 2110 937 2142 25.

203 2260 222 2289 6
249 2266 271 2289 a
296 2255 436 2289 iudaeis
471 2255 503 2288 V
519 2257 530 2299 ΙΙ
552 2260 591 2289 11
621 2257 717 2299 quod
745 2269 761 2291 υ
781 2259 793 2300 ΙΙ
813 2262 856 2291 24
883 2258 1023 2293 silitum
1049 2260 1105 2293 est
1130 2270 1149 2293 υ
