1495 2489
17 815 57 844 10

18 1108 58 1137 15

17 1399 60 1429 20

19 1691 61 1721 25

20 1983 63 2012 30

81 89 135 129 88
617 96 643 122 s.
663 96 881 123 AUGUSTINI

615 228 770 270 CAPUT
797 229 889 271 XV.

147 316 209 354 An
242 317 435 354 credibile
469 316 519 351 εῖτ
547 315 673 362 primi
701 316 856 352 saecule·
885 317 990 353 viros
1021 327 1144 363 usque
1177 317 1233 353 ad
1262 327 1348 354 eam

242 379 423 423 aetatem,
455 384 534 420 qua
563 374 668 418 filios
697 384 914 419 qenerasse
945 372 1193 421 referamur,
1226 386 1251 412 a

500 431 714 469 concubitu
747 433 998 470 continuisse.

201 514 310 552 Dicet
349 524 441 563 ergo
480 512 635 562 aliquis:
672 512 808 564 „Itane
848 513 1085 552 credendum
1124 519 1184 553 est
1220 514 1417 553 hominem

82 573 181 612 filios
213 578 491 623 generaturum
531 582 601 608 nec
640 570 846 609 habentem
878 574 1122 622 propositum
1154 574 1416 611 continentiae

84 638 241 670 centum
279 636 317 669 et
357 629 538 681 amplius,
580 629 639 667 vel
683 629 898 668 secundum
936 629 1134 669 Hebraeos
1176 643 1253 669 non
1295 631 1417 669 multo

84 691 230 740 minus,
269 689 307 726 id
354 693 412 726 est
450 689 661 738 octoginta,
703 690 964 739 septuaginta,
1006 691 1203 740 sexaginta
1242 701 1364 727 annos
1397 702 1417 727 a

85 746 369 787 concumbendi
412 758 529 797 opere
574 748 766 797 vaenisse,
811 752 876 785 aut
914 748 946 784 si
985 759 1062 785 non
1107 754 1280 800 vacaret,
1323 747 1419 786 nihil

84 806 204 858 prolis
242 808 401 856 gignere
448 801 682 855 potuisse‘?“
741 803 844 843 Haec
888 807 1062 855 quaestio
1101 805 1253 844 duobus
1293 806 1418 844 modis

84 865 256 904 solvitur.
319 864 394 902 Aut
420 865 522 901 enim
551 869 655 901 tanto
682 864 807 901 serior
833 864 905 901 fuit
937 865 1188 915 proportione
1220 864 1419 916 pubertas,

85 929 229 974 quanto
257 925 353 961 vitae
375 923 496 960 totius
522 923 644 959 maior
670 923 883 973 annositas3
917 928 993 974 aut,
1026 923 1128 972 quod
1156 925 1276 973 magis
1308 923 1419 961 video

85 994 169 1021 esse
197 980 394 1028 credibile,
428 992 504 1018 non
525 980 587 1018 hic
613 981 862 1031 primogeniti
894 980 961 1018 filii
993 983 1285 1020 commemorati
1317 987 1420 1032 sunt,

85 1041 153 1079 sed
195 1052 293 1090 quos
334 1040 595 1077 successionis
627 1039 722 1076 ordo
754 1038 956 1090 poscebat,
995 1045 1038 1078 ut
1069 1041 1341 1090 perveniretur
1373 1040 1419 1077 ad

85 1099 184 1150 Noe,
217 1110 237 1136 a
269 1110 345 1148 quo
378 1109 518 1135 rursus
550 1097 595 1134 ad
628 1097 818 1135 Abraham
850 1097 1025 1135 videmus
1058 1110 1143 1136 esse
1175 1104 1421 1149 perventum,

85 1170 128 1196 ac
162 1156 299 1195 deinde
334 1168 457 1206 usque
490 1155 535 1193 ad
569 1161 719 1193 certum
752 1155 958 1193 articulum
992 1158 1199 1208 temporis,
1233 1163 1421 1207 quantum

85 1215 290 1266 oportebat
322 1216 466 1264 signari
492 1215 606 1252 etiam
639 1213 955 1264 generationibus
989 1216 1301 1253 commemoratis
1333 1227 1419 1253 cur-

86 1286 172 1312 sum
210 1273 511 1323 gloriosissimae
553 1273 719 1310 civitatis
759 1274 798 1310 in
836 1272 909 1310 hoc
949 1273 1094 1311 mundo
1134 1274 1422 1324 peregrinantis

86 1338 125 1370 et
156 1343 365 1382 supernam
390 1332 555 1381 patriam
587 1332 836 1380 requirentis„
899 1331 1009 1375 Quod
1044 1333 1146 1369 enim
1180 1333 1311 1382 negari
1343 1344 1421 1370 non

86 1395 227 1441 potest,
259 1391 366 1440 prior
392 1388 573 1427 omnibus
601 1388 693 1426 Cain
720 1402 764 1426 ex
792 1390 1065 1427 coniunctione
1093 1391 1210 1428 maris
1243 1397 1281 1428 et
1314 1390 1420 1428 semi-

86 1461 158 1487 nae
192 1453 305 1486 natus
332 1453 402 1486 est.
463 1447 597 1497 Neque
625 1449 728 1485 enim
754 1447 818 1485 illo
847 1454 935 1485 nato
962 1447 1123 1486 dixisset
1154 1448 1285 1497 Adam,
1317 1448 1421 1498 quod

87 1507 230 1545 dixisse
272 1506 431 1556 legitur:
475 1507 685 1553 Adqm'slm'
719 1507 913 1544 hominem
950 1518 1026 1555 per
1059 1507 1201 1553 Deum,
1240 1508 1314 1544 nisi
1346 1507 1422 1545 illis

88 1564 240 1603 duobus
267 1566 348 1614 ipse
376 1565 514 1602 fuisset
546 1564 660 1601 homo
693 1564 886 1602 nascendo
920 1564 1072 1602 additus
1105 1566 1263 1615 primus.
1310 1564 1422 1603 Hunc

88 1629 246 1662 secutus
279 1622 385 1674 Abel,
417 1635 533 1673 quem
566 1623 687 1660 maior
719 1623 839 1660 frater
871 1622 1023 1674 occidit,
1055 1623 1421 1673 praefigurationem

90 1682 280 1732 quandam
317 1682 603 1731 peregrinantis
643 1682 807 1719 civitatis
846 1680 931 1727 Dei,
977 1681 1078 1730 quod
1128 1681 1173 1719 ab
1215 1683 1343 1732 impiis
1385 1688 1423 1721 et

90 1740 256 1791 quodam
295 1739 408 1777 modo
448 1740 673 1790 terrigeniS,
712 1739 749 1777 id
789 1745 847 1777 est
890 1746 1083 1777 terrenam
1116 1741 1306 1790 originem
1337 1739 1422 1778 dili-

89 1798 272 1849 gentibus
310 1803 348 1835 et
387 1803 566 1836 terrenae
606 1798 772 1835 civitatis
811 1803 967 1835 terrena
1007 1797 1188 1835 felicitate
1222 1797 1422 1847 gaudenti-

88 1857 174 1907 bus,
206 1857 500 1907 persecutiones
527 1856 678 1905 iniquas
704 1867 864 1905 passura
894 1856 1027 1902 suerat,
1060 1849 1209 1905 primus
1242 1855 1423 1895 ostendit.

91 1915 166 1953 Sed
200 1920 294 1965 quot
326 1926 516 1951 annorum
550 1919 632 1951 erat
663 1913 799 1964 Adam,
841 1925 929 1951 cum
962 1925 1028 1950 eos
1061 1915 1211 1964 genuit,
1249 1927 1326 1952 nou
1359 1926 1421 1965 ap-

91 1979 211 2024 paret.
262 1972 408 2010 Exinde
435 1971 666 2022 digeruntur
692 1973 964 2021 generationes
991 1971 1083 2009 aliae
1117 1971 1163 2009 de
1192 1971 1296 2023 Cain,
1329 1972 1423 2011 aliae

184 2064 242 2105 22)
270 2061 357 2095 Gen.
386 2065 418 2102 4,
447 2065 476 2094 1.

185 2171 204 2199 9
237 2165 423 2200 vacavisse
456 2176 496 2206 v;
529 2165 572 2207 cf.
606 2165 671 2199 vol.
701 2165 742 2206 Ι,
768 2167 852 2206 124,
878 2168 926 2199 18
963 2167 975 2208 ΙΙ
1009 2169 1052 2199 24
1078 2166 1425 2210 praefigurationem

91 2213 274 2257 quandam
309 2212 453 2245 VRAF
482 2212 532 2246 ecl.
561 2211 666 2253 Lov.;
705 2211 1014 2255 praefiguratione
1047 2212 1206 2255 quadam
1235 2213 1343 2248 Parr.
1370 2225 1389 2248 v
1415 2214 1426 2258 ΙΙ

91 2264 134 2294 25
163 2259 260 2303 quod
285 2261 380 2293 esset
405 2259 451 2292 ab
486 2258 699 2301 V2RF1128
727 2258 846 2292 fuerat
872 2269 935 2292 om.
964 2261 997 2291 A
