1495 2489
100 119 184 160 104
632 127 659 153 s.
681 127 898 153 Auocs'rnss

99 219 201 270 fusa,
239 224 282 256 ut
318 219 544 255 universum
584 227 708 265 genus
740 215 953 254 humanum
986 218 1159 268 exceptis
1192 223 1279 255 octo
1313 217 1434 255 homi·

99 276 213 315 nibus
246 276 389 314 diluvio
421 276 551 325 perire
585 279 815 312 mereretur.

623 435 775 477 CAPUT
802 435 915 477 XXI.

110 524 194 569 Qua
233 523 391 559 ratione
429 526 732 559 commemorato
766 520 921 567 Enoch,
959 523 1030 568 qui
1064 519 1146 568 suit
1180 523 1289 568 filius
1326 521 1436 567 Cain,

54 589 73 619 5
102 583 220 619 totins
244 580 521 627 {fenerationis
547 580 632 617 eius
658 590 782 627 usque
814 580 870 617 ad
900 581 1090 617 diluvium
1121 581 1172 617 sic
1203 582 1437 618 continuata

167 640 354 676 narratio
363 651 377 682 ;
410 642 712 676 commemorem
746 642 878 676 autem
911 638 1029 684 Enos,
1062 640 1132 685 qui
1156 637 1239 686 fuit
1265 640 1374 684 filius

286 697 393 744 Seth,
427 697 483 734 ad
512 697 751 734 conditionis
783 698 983 734 humanae
1010 698 1256 745 pritecipium

635 756 687 792 sit
718 756 900 792 reditum.

220 836 351 875 Primo
385 841 514 874 autem
547 836 778 874 intuendum
812 842 887 887 est,
921 848 1036 886 quem
1069 836 1115 874 ad
1147 837 1318 889 modum,
1349 849 1438 876 cum

33 905 75 935 10
103 909 150 934 ex
183 895 276 934 Cain
316 896 589 945 generationes
629 900 973 946 enumerarentur,
1015 901 1317 933 commemorato
1350 901 1438 934 ante

104 960 257 993 ceteros
295 959 475 1004 posteros
514 954 598 991 eius
636 952 718 1003 illo,
756 954 795 990 in
833 954 944 991 cuius
991 955 1146 991 nomine
1185 954 1339 992 condita
1380 960 1440 992 est

102 1014 248 1063 civitas,
281 1012 318 1049 id
347 1017 406 1049 est
431 1010 578 1062 Enoch,
612 1012 784 1049 contexti
816 1017 908 1049 sunt
940 1013 1061 1049 ceteri
1094 1024 1218 1062 usque
1252 1012 1297 1050 ad
1330 1012 1438 1051 illum

102 1072 231 1122 finem,
263 1070 310 1108 de
344 1082 421 1120 quo
447 1069 602 1107 locutus
635 1082 733 1120 sum,
766 1069 889 1107 donec
921 1069 1017 1107 illud
1049 1082 1173 1120 genus
1205 1077 1320 1121 atque
1354 1073 1437 1109 uni-

104 1142 216 1168 versa
260 1140 432 1179 propago
478 1128 621 1165 diluvio
667 1127 882 1179 deleretur3
933 1140 1022 1166 cum
1066 1141 1157 1166 vero
1201 1129 1302 1168 filius
1345 1129 1438 1168 Seth

34 1196 75 1227 15
106 1200 208 1226 unus
241 1192 568 1225 commemoratus
608 1186 747 1224 suisset
778 1186 901 1238 Enos,
943 1186 1115 1225 nondum
1149 1199 1272 1237 usque
1305 1188 1352 1226 ad
1383 1188 1437 1226 di-

104 1247 249 1284 luvium
295 1245 435 1283 additis
482 1246 623 1282 ceteris
669 1244 856 1295 articulus
899 1245 1055 1295 quidam
1095 1247 1360 1297 interponitur
1401 1252 1439 1284 et

102 1305 262 1343 dicitur:
295 1305 372 1342 Hie
400 1305 500 1342 liber
526 1305 747 1341 nalire'lalis
773 1305 983 1355 homimum,
1015 1316 1095 1351 qua
1122 1306 1187 1343 die
1206 1304 1308 1353 fecit
1331 1305 1439 1344 Deus

102 1365 247 1410 Adam,
287 1364 343 1400 ad
380 1364 592 1410 imaqinem
630 1363 707 1399 Dei
738 1360 840 1409 fecit
876 1364 993 1400 illum.
1055 1363 1282 1401 Masculum
1314 1368 1352 1401 et
1377 1362 1437 1411 fe-

102 1424 249 1460 minam
264 1420 365 1470 fecit
386 1423 481 1468 illos,
509 1425 545 1458 et
566 1421 771 1458 benedixit
796 1422 891 1467 illos,
919 1426 957 1459 et
981 1423 1275 1468 coqnominam't
1299 1433 1438 1461 nomen

32 1489 76 1519 20
104 1491 241 1519 eorum
267 1481 407 1526 Adam,
440 1490 519 1526 qua
553 1480 617 1516 (lie
645 1477 745 1526 fecit
777 1481 873 1516 illos.
936 1478 1046 1524 Quod
1080 1479 1174 1517 mihi
1206 1479 1360 1518 videtur
1392 1480 1437 1518 ad

106 1539 178 1576 hoc
211 1539 499 1588 interpositum,
534 1542 576 1574 ut
607 1536 696 1574 hinc
730 1549 868 1574 rursus
901 1538 1092 1587 inciperet
1124 1537 1170 1575 ab
1201 1539 1286 1588 ipso
1318 1538 1438 1576 Adam

105 1597 365 1635 dinumeratio
394 1601 626 1646 temporum,
659 1607 774 1645 quam
802 1594 926 1633 noluit
952 1596 1092 1647 facere,
1123 1597 1190 1646 qui
1215 1596 1311 1634 haec
1343 1598 1437 1635 scri-

105 1657 202 1707 psit,
234 1656 273 1692 in
307 1655 460 1692 civitate
494 1660 670 1704 terrena;
703 1659 899 1703 tamquam
932 1665 1015 1691 eam
1047 1653 1151 1692 Deus
1184 1656 1238 1692 sic
1271 1667 1436 1693 comme-

106 1719 293 1764 moraret,
332 1718 375 1750 ut
409 1724 486 1749 non
520 1717 761 1762 conputaret.
826 1711 901 1750 Sed
935 1724 1054 1762 quare
1087 1712 1177 1750 hinc
1208 1713 1360 1751 reditur
1391 1713 1437 1751 ad

33 1780 76 1811 25
105 1775 218 1810 istam
259 1770 641 1821 recapitulationem,
682 1775 815 1820 postea
857 1782 971 1820 quam
1013 1777 1339 1809 commemoratus
1379 1777 1440 1810 est

103 1830 205 1868 filius
251 1829 366 1880 Seth,
411 1828 524 1866 homo
571 1830 636 1878 qui
678 1830 847 1878 speravit
884 1829 1064 1866 invocare
1106 1841 1247 1867 nomen
1285 1829 1439 1868 Domini

104 1889 184 1940 Dei,
217 1890 292 1926 nisi
319 1888 408 1937 quia
435 1888 490 1924 sic
517 1885 721 1936 oportebat
747 1887 840 1924 istas
872 1886 967 1924 duas
1001 1899 1219 1937 proponere
1252 1889 1439 1939 civitates,

104 1959 220 1985 unam
258 1958 328 1996 per
367 1944 598 1983 homicidam
638 1957 762 1994 usque
802 1944 847 1982 ad
888 1944 1119 1982 homicidam
1158 1940 1266 1997 (nam
1300 1951 1338 1984 et
1367 1945 1436 1984 La-

106 2005 217 2043 mech
262 2003 413 2042 duabus
458 2002 646 2041 uxoribus
690 2003 770 2040 suis
815 2014 854 2040 se
896 2009 1143 2053 perpetrasse
1187 2003 1438 2042 homicidium

33 2073 78 2102 30
108 2058 349 2114 confitetur),
382 2061 541 2100 alteram
568 2073 638 2111 per
665 2073 765 2110 eum,
799 2062 864 2110 qui
891 2063 1059 2112 speravit
1090 2063 1269 2100 invocare
1296 2074 1438 2100 nomen

197 2165 256 2206 20)
283 2164 370 2197 Gen.
400 2167 431 2206 5,
460 2166 476 2195 1
506 2174 556 2205 sq.
610 2164 667 2204 27)
695 2161 782 2195 Gen.
810 2165 843 2203 4,
868 2165 924 2196 ⁶26.
976 2163 1035 2205 30)
1063 2161 1149 2197 Gen.
1178 2166 1209 2206 4,
1237 2167 1290 2198 ⁶23.

198 2296 217 2326 2
245 2291 488 2335 perimeretur
513 2289 589 2323 RF
605 2291 617 2333 ΙΙ
639 2293 680 2323 10
707 2291 964 2325 enumerentur
996 2290 1118 2334 V1123
1145 2301 1189 2325 ea
1221 2290 1254 2325 V
