1548 2562
435 128 488 152 DE
508 127 696 153 CIVITATE
716 128 786 153 DEI
805 128 838 153 L.
857 128 936 153 ΧΠ.
956 127 986 153 c.
1006 128 1047 153 27.
1323 118 1404 158 169

563 257 716 300 CAPUT
748 258 924 301 XXVII.

99 344 158 382 De
189 345 375 390 masculo,
408 345 479 390 qui
507 344 544 380 si
574 348 712 381 octavo
745 344 809 381 die
840 346 916 382 mm
946 343 1075 391 fuerit
1106 346 1380 391 circumcisus,

140 403 251 450 perit
281 403 416 439 [anima
448 403 543 447 eius,
577 403 672 448 quia
705 405 977 439 testamentum
1010 403 1088 441 Dei
1118 403 1333 450 discipavit.

191 481 288 520 Item
313 486 443 532 potest
469 493 637 533 movere,
663 493 739 531 quo
760 481 873 519 modo
901 482 1073 533 intellegi
1099 488 1275 533 oporteat
1302 482 1405 534 quod

74 540 136 579 hic
168 540 315 578 dictum
347 544 423 578 est:
456 539 673 587 Masculus,
701 541 771 587 qui
794 551 872 578 non
899 542 1214 580 circumcidetur
1241 553 1405 580 earnem
1432 550 1452 579 5

71 600 277 649 praeputii
306 600 371 636 sui
400 601 542 636 octava
575 599 655 646 die,
694 598 876 636 interibit
912 601 1047 637 anima
1080 601 1147 638 illa
1180 601 1228 638 de
1257 611 1407 648 genere

75 659 169 703 eius,
201 658 297 704 quia
329 660 602 694 testamentum
633 667 761 694 meum
794 657 1017 704 dissipavit,
1056 669 1145 695 cum
1175 657 1270 697 haec
1303 657 1406 696 nulla

75 710 268 765 culpa‘sit
298 713 461 766 parvuli,
493 715 605 752 cuius
638 713 734 752 dixit
765 715 929 752 animam
960 716 1186 767 perituram,
1219 728 1289 754 nec
1322 717 1405 766 ipse

75 772 319 822 dissipaverit
351 776 628 810 testamentum
659 771 746 823 Dei,
785 771 852 810 sed
884 773 1069 824 maiores,
1108 775 1173 823 qui
1212 786 1300 812 eum
1333 775 1405 812 cir—

75 830 295 869 cumcidere
342 842 419 868 non
464 835 667 881 curarunt3
713 831 786 867 nisi
832 832 921 880 quia
961 832 1075 869 etiam
1116 831 1284 883 parvuli,
1328 844 1406 870 non
1434 840 1476 870 10

75 888 289 927 secundum
321 900 412 926 suae
444 889 544 926 vitae
575 889 866 939 proprietatem,
898 887 966 926 sed
994 889 1208 928 secundum
1235 902 1405 928 commu-

74 958 162 985 nem
201 947 358 997 generis
396 946 554 984 humani
592 947 780 995 originem
820 958 954 984 omnes
992 948 1031 984 in
1070 947 1134 985 illo
1172 959 1251 985 uno
1289 953 1405 986 testa-

73 1009 247 1043 mentum
290 1003 360 1042 Dei
405 1004 708 1056 dissipaverunt,
752 1006 790 1042 in
837 1016 912 1054 quo
958 1017 1092 1043 omnes
1133 1011 1405 1056 peccaverunt.

73 1062 191 1101 Multa
235 1063 377 1113 qnippe
422 1061 664 1113 appellantur
714 1067 945 1100 testamenta
988 1062 1058 1101 Dei
1108 1066 1281 1114 exceptis
1331 1063 1405 1102 illis

75 1120 225 1159 duobus
258 1121 418 1171 magnis,
450 1125 581 1158 vetere
614 1125 652 1158 et
684 1132 795 1172 novo,
828 1120 930 1170 quod
957 1120 1048 1159 licet
1074 1123 1215 1172 cuique
1242 1121 1405 1172 legendo
1434 1128 1476 1158 15

76 1190 321 1229 cognoscere.
383 1178 677 1216 Testamentum
718 1184 846 1217 autem
885 1180 1073 1230 primum,
1120 1179 1223 1229 quod
1262 1180 1405 1218 factum

75 1242 133 1275 est
164 1236 210 1274 ad
242 1236 438 1274 hominem
469 1237 650 1287 primum,
682 1237 858 1286 profecto
891 1235 983 1275 illud
1012 1242 1086 1276 est:
1125 1239 1211 1284 Qua
1233 1240 1297 1276 die
1317 1239 1404 1277 ede-

74 1296 175 1343 ritis,
205 1299 332 1333 morte
363 1296 597 1333 moriemini.
661 1293 769 1332 Unde
804 1296 994 1345 scriptum
1027 1300 1085 1333 est
1117 1297 1156 1333 in
1189 1295 1306 1347 libro,
1339 1297 1405 1346 qui

75 1352 362 1391 ecclesiasticus
384 1352 615 1403 appellatur:
655 1352 787 1391 Omnis
807 1364 905 1391 caro
925 1355 1029 1391 sieut
1048 1356 1165 1391 vestis
1184 1356 1403 1392 veterescit.

79 1410 364 1450 Testamentum
396 1413 498 1448 enim
531 1422 556 1448 a
582 1413 762 1449 saecuto:
795 1411 926 1448 Morte
950 1413 1145 1449 morieris.
1180 1410 1276 1450 Cum
1303 1413 1406 1450 enim
1433 1419 1476 1449 20

74 1468 134 1507 lex
167 1468 381 1507 evidentior
412 1473 547 1519 postea
579 1468 665 1506 data
699 1469 760 1520 sit,
792 1474 830 1506 et
861 1468 962 1507 dicat
983 1469 1197 1519 apostolus:
1237 1470 1312 1509 Ubi
1335 1482 1404 1508 au-

75 1532 149 1565 tem
182 1538 259 1565 non
292 1531 351 1565 est
380 1529 456 1573 lex,
488 1538 562 1565 nec
589 1528 905 1575 praevaricatiO,
939 1539 1014 1576 quo
1047 1533 1159 1577 pacto
1192 1529 1231 1565 in
1258 1527 1404 1578 psalmo

76 1585 176 1636 quod
209 1584 351 1635 legitur
370 1596 505 1622 verum
539 1589 613 1622 est:
647 1585 1008 1623 Praevaricatores
1039 1588 1246 1623 aestimavi
1276 1597 1406 1624 omnes

71 1647 308 1692 peccatores
346 1647 499 1690 terrae,
545 1643 618 1679 nisi
658 1643 747 1692 quia
785 1653 919 1679 omnes
957 1642 1052 1692 legis
1092 1642 1262 1681 alicuius·
1294 1654 1404 1693 prae-

76 1702 264 1739 varicatae
298 1705 388 1738 sunt
420 1701 494 1751 rei,
533 1701 598 1749 qui
631 1699 758 1750 aliquo
790 1706 949 1750 peccato
981 1705 1166 1738 tenentur
1198 1698 1407 1739 obstricti?
1432 1710 1476 1740 25

77 1758 200 1804 Quam
237 1758 285 1796 ob
324 1769 407 1796 rem
446 1758 478 1796 si
518 1759 633 1796 etiam
671 1757 837 1808 parvuli,
882 1757 985 1808 quod
1023 1769 1112 1796 vera
1150 1758 1246 1797 fides
1278 1758 1405 1810 habet,

77 1821 290 1856 nascuntur
322 1827 400 1854 non
431 1817 607 1867 proprie,
646 1815 713 1854 sed
752 1815 993 1866 originaliter
1023 1821 1270 1869 peccatores,
1302 1816 1405 1855 unde

76 1874 150 1913 illis
164 1876 325 1925 gratiam
345 1875 586 1913 remissionis
605 1879 855 1924 peccatorum
876 1875 1136 1912 necessariam
1156 1875 1406 1913 confitemur:

77 1933 251 1983 profecto
285 1944 330 1970 eo
362 1931 488 1982 modo,
520 1943 596 1982 quo
629 1937 720 1970 sunt
750 1937 988 1983 peccatores,
1021 1934 1136 1971 etiam
1167 1934 1405 1983 praevarica-

77 1995 181 2029 tores
212 1990 307 2041 legis
339 1989 454 2042 illius,
486 2001 583 2040 quae
611 1991 650 2028 in
682 1989 861 2041 paradiso
894 1989 980 2028 data
1012 1995 1089 2042 est,
1121 1995 1405 2042 agnoscuntur,
1432 1999 1477 2030 30

172 2103 205 2145 7)
232 2101 318 2136 Gen.
355 2105 417 2144 17,
458 2105 510 2136 14.
564 2104 619 2144 13)
652 2102 754 2136 Rom.
790 2105 827 2144 5,
866 2106 917 2136 12.
971 2104 1027 2143 18)
1055 2101 1142 2136 Gen.
1170 2105 1207 2145 2,
1244 2107 1298 2136 17.
1349 2104 1407 2146 20)

78 2147 188 2184 Eccli.
215 2152 271 2191 14,
299 2152 352 2183 18.
403 2150 461 2192 22)
488 2148 592 2183 Rom.
619 2152 651 2191 4,
679 2151 733 2182 15.
784 2150 843 2192 24)
869 2148 925 2182 Ps.
955 2151 1032 2189 118,
1061 2152 1136 2182 119.

172 2279 192 2310 6
218 2277 350 2310 octaua
374 2274 464 2318 RF;
491 2276 619 2310 octauo
653 2274 741 2310 VAv
760 2276 773 2319 ῃ
790 2274 833 2309 ’11
862 2286 963 2309 suam
990 2274 1026 2308 R
1044 2277 1055 2319 ΙΙ
1076 2279 1118 2310 19
1144 2277 1340 2311 veterascit
1363 2286 1384 2310 v
