1495 2489
29 520 48 550 5

8 812 48 842 10

7 1105 48 1136 15

5 1398 48 1429 20

5 1983 49 2014 30

78 98 131 137 14
612 105 639 131 s.
658 105 874 132 Auens'mw

603 226 758 268 CAPUT
790 226 884 268 VII.

113 314 296 352 Amorem
328 318 365 352 et
396 314 645 351 dilectionem
677 312 957 359 indifferenter
988 318 1026 351 et
1056 315 1096 351 in
1128 314 1228 352 bono
1259 318 1299 352 et
1327 315 1369 352 in

332 374 434 410 malo
467 372 577 420 apud
605 382 748 409 sacras
779 373 934 409 litteras
964 373 1145 410 inveniri.

192 453 287 491 Nam
326 455 437 491 cuius
474 453 717 503 propositum
755 458 815 490 est
852 464 979 490 amare
1012 452 1134 491 Deum
1166 458 1205 491 et
1236 465 1313 492 non
1345 465 1402 492 se-

75 512 246 551 cundum
272 511 481 563 hominem,
513 511 580 549 sed
612 510 826 549 seeundum
859 510 981 549 Deum
1013 523 1140 549 amare
1172 513 1419 564 proximum,¹

75 573 176 609 sicut
202 572 317 608 etiam
343 582 383 608 se
410 571 556 620 ipsum:
588 568 724 620 procul
755 569 872 607 dubio
904 575 1065 620 propter
1097 569 1199 608 hunc
1232 582 1403 608 amorem

75 630 217 667 dicitur
243 628 451 666 voluntatis
477 628 613 680 bonae,
638 639 735 678 quae
762 629 942 666 usitatius
968 630 1007 666 in
1035 629 1240 678 scripturis
1261 630 1404 667 sanctis

75 689 214 726 caritas
258 686 490 738 appellatur3
533 686 601 725 sed
645 698 751 724 amor
789 698 944 737 quoque
989 686 1205 725 secundum
1248 687 1403 725 easdem

75 758 203 784 sacras
234 745 383 784 litteras
421 745 573 784 dicitur.
635 745 730 783 Nam
773 750 811 783 et
842 750 1052 783 amatorem
1083 744 1174 783 boni
1206 745 1403 796 apostolus

76 806 169 843 dicit
200 816 285 843 esse
318 803 478 855 debere,
517 816 633 854 quem
664 803 834 854 regendo
866 803 1008 854 populo
1040 805 1228 854 praecipit
1261 804 1402 855 eligen—

75 864 179 915 dum,
211 869 250 902 et
273 864 357 914 ipse
384 862 571 901 Dominus
595 862 756 901 Petrum
789 862 1005 913 apostolum
1036 864 1282 913 interrogans
1314 875 1403 901 cum

75 923 253 961 dixisset:
291 922 435 969 Dilz'qz's
466 933 527 959 me
553 924 644 970 plus
675 918 764 959 llis?
800 920 863 959 ille
895 921 1113 971 respondit:
1152 922 1329 969 Domine,
1362 926 1403 960 tu

74 983 152 1020 scis
195 982 291 1028 quia
334 992 422 1018 amo
467 985 525 1025 te;
568 985 607 1018 et
649 981 792 1017 iterum
836 979 1022 1017 Dominus
1067 981 1276 1032 quaesivit,
1325 992 1403 1018 non

75 1046 208 1078 utrum
246 1044 409 1090 amaret,
453 1038 520 1076 sed
558 1044 690 1076 utrum
728 1037 906 1088 diligeret
943 1049 1032 1076 eum
1073 1037 1232 1089 Petrus3
1271 1043 1309 1076 at
1339 1038 1402 1076 ille

75 1097 277 1149 respondit
313 1099 473 1135 iterum:
511 1098 694 1148 Domine,
735 1102 776 1134 tu
814 1099 892 1135 scis
929 1099 1024 1144 quia
1062 1108 1150 1135 amo
1188 1102 1247 1142 te;
1288 1098 1404 1135 tertia

74 1168 166 1195 vero
204 1157 509 1206 interrogatione
549 1161 587 1194 et
618 1157 700 1206 ipse
733 1154 841 1193 Iesus
874 1167 950 1193 non
983 1156 1051 1193 ait:
1088 1154 1251 1207 „Diligis
1282 1152 1403 1193 me‘?“

75 1215 160 1253 sed:
192 1218 311 1253 Amas
342 1216 431 1253 me?
469 1213 535 1252 ubi
573 1220 731 1252 secutus
763 1215 815 1251 ait
846 1213 1096 1264 evangelista:
1140 1214 1404 1252 Contristatus

74 1279 133 1312 est
157 1274 312 1320 Petrus,
345 1275 440 1321 qula
466 1274 571 1311 dixit
596 1275 633 1311 ei
663 1274 799 1312 lertio:
832 1274 951 1310 Amas
982 1274 1069 1310 me?
1101 1283 1189 1310 cum
1216 1271 1403 1310 Dominus

76 1344 152 1370 non
174 1333 300 1379 tertio,
333 1331 400 1369 sed
422 1331 541 1369 semel
562 1331 719 1369 dixerit:
745 1332 865 1369 Amas
885 1327 972 1369 me?
1004 1330 1064 1368 bis
1090 1336 1219 1368 autem
1245 1330 1403 1369 dixerit:

76 1392 219 1439 De'liyis
250 1392 336 1428 me?
386 1389 493 1428 Unde
534 1389 811 1440 intellegimus,
850 1389 951 1439 quod
985 1390 1099 1427 etiam
1132 1401 1220 1427 cum
1252 1388 1404 1427 dicebat

76 1449 280 1487 Dominus:
326 1450 469 1497 De‘liqe's
507 1451 593 1487 me?
636 1448 730 1486 nihil
771 1448 872 1486 aliud
915 1447 1066 1486 dicebat
1107 1459 1238 1497 quam:
1282 1448 1403 1485 Amas

75 1510 161 1547 me?
203 1507 344 1546 Petrus
385 1513 513 1545 autem
546 1519 621 1545 non
655 1506 962 1545 1nutavit·huius
995 1507 1110 1544 unius
1141 1507 1198 1544 rei
1230 1505 1403 1557 verbum,

75 1567 144 1605 sed
175 1567 290 1604 etiam
323 1567 456 1604 tertio:
489 1566 670 1613 Domine,
702 1566 846 1616 inquit,
877 1569 918 1603 tu
950 1566 1082 1603 omnia.
1113 1566 1211 1611 scis,
1252 1569 1294 1602 tu
1325 1566 1404 1602 seis

75 1628 170 1674 quia
203 1636 290 1663 amo
323 1630 369 1663 te.

195 1683 277 1721 Hoc
315 1688 520 1733 propterea
562 1681 943 1720 commemorandum
981 1682 1132 1732 putavi,
1175 1681 1265 1731 quia
1308 1692 1402 1719 non·

76 1742 170 1780 nulli
215 1741 452 1784 arbitrantur
496 1740 597 1779 aliud
648 1753 734 1778 esse
778 1739 1024 1778 dilectionem
1068 1740 1147 1776 sive
1192 1740 1403 1790 caritatem,

76 1800 178 1839 aliud
205 1811 385 1838 amorem.
447 1798 589 1837 Dicunt
614 1800 716 1837 enim
748 1798 993 1836 dilectionem
1025 1797 1286 1847 accipiendam
1317 1809 1402 1836 esse

76 1860 115 1897 in
148 1858 261 1910 bono,
293 1869 463 1895 amorem
491 1858 528 1895 in
556 1856 665 1895 malo.
728 1856 791 1894 Sic
823 1861 952 1894 autem
984 1867 1055 1894 nec
1087 1857 1192 1906 ipsos
1224 1862 1402 1894 auctores

77 1917 331 1955 saecularium
364 1915 582 1954 litterarum
613 1915 763 1953 locutos
795 1926 879 1953 esse
913 1915 1173 1952 certissimum
1205 1919 1275 1952 est.
1326 1913 1403 1952 Sed

77 1975 243 2013 viderint
268 1973 488 2025 philosophi
516 1979 647 2012 utrum
679 1972 737 2011 vel
769 1985 842 2023 qua
875 1974 1023 2010 ratione
1056 1973 1128 2010 ista
1160 1971 1402 2023 discernant3

75 2045 245 2071 amorem
285 2038 412 2070 tamen
452 2044 516 2070 eos
554 2033 593 2070 in
632 2031 742 2069 bonis
782 2031 899 2069 rebus
931 2037 969 2069 et
1000 2042 1090 2081 erga
1121 2032 1249 2081 ipsum
1280 2029 1402 2070 Deum

170 2124 228 2166 11)
257 2127 285 2156 1.
312 2122 403 2155 Tim.
431 2126 463 2164 3,
492 2126 521 2155 1.
572 2122 631 2164 24)
656 2121 706 2155 Io.
732 2125 786 2163 21,
815 2124 857 2154 15
883 2132 960 2164 sqq.

171 2232 190 2261 7
218 2227 351 2261 sanctis
385 2226 492 2260 VAF
515 2227 651 2271 (proyr.
672 2237 711 2270 p.
738 2228 818 2270 17);
850 2225 961 2261 saeris
989 2236 1006 2259 v
1037 2227 1049 2269 Η
1083 2229 1123 2259 16
1149 2224 1246 2259 iesus
1280 2224 1400 2265 VAR-

76 2274 252 2309 Dominus
278 2285 298 2307 v
