<?xml version="1.0" encoding="UTF-8"?>
<!DOCTYPE html PUBLIC "-//W3C//DTD XHTML 1.0 Transitional//EN"
    "http://www.w3.org/TR/xhtml1/DTD/xhtml1-transitional.dtd">
<html xmlns="http://www.w3.org/1999/xhtml" xml:lang="en" lang="en">
 <head>
  <title>
</title>
<meta http-equiv="Content-Type" content="text/html;charset=utf-8" />
  <meta name='ocr-system' content='tesseract 3.04.00' />
  <meta name='ocr-capabilities' content='ocr_page ocr_carea ocr_par ocr_line ocrx_word'/>
</head>
<body>
  <div class='ocr_page' id='page_1' title='image "./sanctiaureliiaug02auguuoft_0343.png"; bbox 0 0 1548 2562; ppageno 0'>
   <div class='ocr_carea' id='block_1_1' title="bbox 393 155 1377 196">
    <p class='ocr_par' dir='ltr' id='par_1_1' title="bbox 393 155 1377 196">
     <span class='ocr_line' id='line_1_1' title="bbox 393 155 1377 196; baseline -0.002 -5"><span class='ocrx_word' id='word_1_1' title='bbox 393 167 444 191; x_wconf 84' lang='lat' dir='ltr'>DE</span> <span class='ocrx_word' id='word_1_2' title='bbox 464 166 650 192; x_wconf 76' lang='lat' dir='ltr'>cwrrA&#39;rE</span> <span class='ocrx_word' id='word_1_3' title='bbox 670 166 738 191; x_wconf 85' lang='lat' dir='ltr'>DEI</span> <span class='ocrx_word' id='word_1_4' title='bbox 757 166 790 191; x_wconf 83' lang='lat' dir='ltr'>L.</span> <span class='ocrx_word' id='word_1_5' title='bbox 810 166 914 191; x_wconf 77' lang='lat' dir='ltr'>xvm</span> <span class='ocrx_word' id='word_1_6' title='bbox 943 165 972 191; x_wconf 90' lang='lat' dir='ltr'>c.</span> <span class='ocrx_word' id='word_1_7' title='bbox 992 167 1034 192; x_wconf 87' lang='lat'>51.</span> <span class='ocrx_word' id='word_1_8' title='bbox 1295 155 1377 196; x_wconf 81' lang='lat'>337</span> 
     </span>
    </p>
   </div>
   <div class='ocr_carea' id='block_1_2' title="bbox 50 254 1387 1933">
    <p class='ocr_par' dir='ltr' id='par_1_2' title="bbox 50 254 1387 1933">
     <span class='ocr_line' id='line_1_2' title="bbox 51 254 1378 306; baseline -0.002 -12"><span class='ocrx_word' id='word_1_9' title='bbox 51 257 155 294; x_wconf 87' lang='lat' dir='ltr'>intus</span> <span class='ocrx_word' id='word_1_10' title='bbox 186 257 334 306; x_wconf 88' lang='lat' dir='ltr'>positos</span> <span class='ocrx_word' id='word_1_11' title='bbox 365 255 425 306; x_wconf 86' lang='lat' dir='ltr'>fit,</span> <span class='ocrx_word' id='word_1_12' title='bbox 455 259 499 293; x_wconf 88' lang='lat' dir='ltr'>ut</span> <span class='ocrx_word' id='word_1_13' title='bbox 530 256 676 306; x_wconf 82' lang='lat' dir='ltr'>minus,</span> <span class='ocrx_word' id='word_1_14' title='bbox 717 266 831 304; x_wconf 89' lang='lat' dir='ltr'>quam</span> <span class='ocrx_word' id='word_1_15' title='bbox 862 256 1016 304; x_wconf 88' lang='lat' dir='ltr'>piorum</span> <span class='ocrx_word' id='word_1_16' title='bbox 1047 259 1198 292; x_wconf 81' lang='lat' dir='ltr'><strong>mentes</strong></span> <span class='ocrx_word' id='word_1_17' title='bbox 1229 254 1378 292; x_wconf 89' lang='lat' dir='ltr'>deside-</span> 
     </span>
     <span class='ocr_line' id='line_1_3' title="bbox 52 312 1380 365; baseline -0.001 -14"><span class='ocrx_word' id='word_1_18' title='bbox 52 319 158 365; x_wconf 84' lang='lat' dir='ltr'>rant7</span> <span class='ocrx_word' id='word_1_19' title='bbox 201 313 390 363; x_wconf 86' lang='lat' dir='ltr'>diligatur.</span> <span class='ocrx_word' id='word_1_20' title='bbox 452 312 529 363; x_wconf 90' lang='lat' dir='ltr'>Ipsi</span> <span class='ocrx_word' id='word_1_21' title='bbox 572 324 726 362; x_wconf 85' lang='lat' dir='ltr'>quoque</span> <span class='ocrx_word' id='word_1_22' title='bbox 771 312 977 363; x_wconf 78' lang='lat' dir='ltr'>haeretici,</span> <span class='ocrx_word' id='word_1_23' title='bbox 1027 324 1115 351; x_wconf 88' lang='lat' dir='ltr'>cum</span> <span class='ocrx_word' id='word_1_24' title='bbox 1160 313 1380 362; x_wconf 82' lang='lat' dir='ltr'>cogitantur</span> 
     </span>
     <span class='ocr_line' id='line_1_4' title="bbox 51 369 1381 420; baseline -0.001 -11"><span class='ocrx_word' id='word_1_25' title='bbox 51 371 193 410; x_wconf 87' lang='lat' dir='ltr'>hahere</span> <span class='ocrx_word' id='word_1_26' title='bbox 232 383 372 409; x_wconf 89' lang='lat' dir='ltr'>nomen</span> <span class='ocrx_word' id='word_1_27' title='bbox 411 376 450 408; x_wconf 89' lang='lat' dir='ltr'>et</span> <span class='ocrx_word' id='word_1_28' title='bbox 485 377 726 408; x_wconf 86' lang='lat' dir='ltr'>sacramenta</span> <span class='ocrx_word' id='word_1_29' title='bbox 764 369 980 408; x_wconf 89' lang='lat' dir='ltr'>Christiana</span> <span class='ocrx_word' id='word_1_30' title='bbox 1018 376 1056 408; x_wconf 89' lang='lat' dir='ltr'>et</span> <span class='ocrx_word' id='word_1_31' title='bbox 1096 371 1309 420; x_wconf 83' lang='lat' dir='ltr'>scripturas</span> <span class='ocrx_word' id='word_1_32' title='bbox 1342 376 1381 408; x_wconf 87' lang='lat' dir='ltr'>et</span> 
     </span>
     <span class='ocr_line' id='line_1_5' title="bbox 50 428 1379 480; baseline -0.002 -12"><span class='ocrx_word' id='word_1_33' title='bbox 50 430 351 480; x_wconf 82' lang='lat' dir='ltr'>professionem,</span> <span class='ocrx_word' id='word_1_34' title='bbox 389 440 570 479; x_wconf 83' lang='lat' dir='ltr'>magnum</span> <span class='ocrx_word' id='word_1_35' title='bbox 609 428 782 466; x_wconf 88' lang='lat' dir='ltr'>dolorem</span> <span class='ocrx_word' id='word_1_36' title='bbox 821 429 968 466; x_wconf 84' lang='lat' dir='ltr'>faciunt</span> <span class='ocrx_word' id='word_1_37' title='bbox 1007 430 1046 466; x_wconf 93' lang='lat' dir='ltr'>in</span> <span class='ocrx_word' id='word_1_38' title='bbox 1085 428 1267 467; x_wconf 83' lang='lat' dir='ltr'>cordibus</span> <span class='ocrx_word' id='word_1_39' title='bbox 1299 430 1379 479; x_wconf 92' lang='lat' dir='ltr'>pio-</span> 
     </span>
     <span class='ocr_line' id='line_1_6' title="bbox 51 486 1379 539; baseline -0.001 -14"><span class='ocrx_word' id='word_1_40' title='bbox 51 499 156 539; x_wconf 87' lang='lat' dir='ltr'>rum;</span> <span class='ocrx_word' id='word_1_41' title='bbox 189 489 277 538; x_wconf 88' lang='lat' dir='ltr'>quia</span> <span class='ocrx_word' id='word_1_42' title='bbox 303 492 342 526; x_wconf 86' lang='lat' dir='ltr'>et</span> <span class='ocrx_word' id='word_1_43' title='bbox 368 487 477 525; x_wconf 89' lang='lat' dir='ltr'>multi</span> <span class='ocrx_word' id='word_1_44' title='bbox 502 486 674 525; x_wconf 87' lang='lat' dir='ltr'>volentes</span> <span class='ocrx_word' id='word_1_45' title='bbox 701 498 787 524; x_wconf 89' lang='lat' dir='ltr'>esse</span> <span class='ocrx_word' id='word_1_46' title='bbox 815 486 1023 524; x_wconf 79' lang='lat' dir='ltr'>Christiani</span> <span class='ocrx_word' id='word_1_47' title='bbox 1052 493 1212 537; x_wconf 85' lang='lat' dir='ltr'>propter</span> <span class='ocrx_word' id='word_1_48' title='bbox 1244 498 1379 524; x_wconf 84' lang='lat' dir='ltr'>eorum</span> 
     </span>
     <span class='ocr_line' id='line_1_7' title="bbox 51 545 1381 595; baseline -0.001 -12"><span class='ocrx_word' id='word_1_49' title='bbox 51 545 312 583; x_wconf 82' lang='lat' dir='ltr'>dissensiones</span> <span class='ocrx_word' id='word_1_50' title='bbox 353 545 544 583; x_wconf 79' lang='lat' dir='ltr'>haesitare</span> <span class='ocrx_word' id='word_1_51' title='bbox 585 550 778 595; x_wconf 86' lang='lat' dir='ltr'>coguntur</span> <span class='ocrx_word' id='word_1_52' title='bbox 825 550 862 582; x_wconf 85' lang='lat' dir='ltr'>et</span> <span class='ocrx_word' id='word_1_53' title='bbox 902 545 1014 582; x_wconf 85' lang='lat' dir='ltr'>multi</span> <span class='ocrx_word' id='word_1_54' title='bbox 1046 545 1221 582; x_wconf 88' lang='lat' dir='ltr'>maledici</span> <span class='ocrx_word' id='word_1_55' title='bbox 1266 546 1381 583; x_wconf 90' lang='lat' dir='ltr'>etiam</span> 
     </span>
     <span class='ocr_line' id='line_1_8' title="bbox 51 602 1382 654; baseline -0.001 -13"><span class='ocrx_word' id='word_1_56' title='bbox 51 605 90 641; x_wconf 91' lang='lat' dir='ltr'>in</span> <span class='ocrx_word' id='word_1_57' title='bbox 110 603 170 641; x_wconf 92' lang='lat' dir='ltr'>his</span> <span class='ocrx_word' id='word_1_58' title='bbox 191 605 393 642; x_wconf 91' lang='lat' dir='ltr'>inveniunt</span> <span class='ocrx_word' id='word_1_59' title='bbox 414 604 614 641; x_wconf 81' lang='lat' dir='ltr'>materiam</span> <span class='ocrx_word' id='word_1_60' title='bbox 633 602 924 653; x_wconf 87' lang='lat' dir='ltr'>blasphemandi</span> <span class='ocrx_word' id='word_1_61' title='bbox 946 602 1208 641; x_wconf 87' lang='lat' dir='ltr'>Christianum</span> <span class='ocrx_word' id='word_1_62' title='bbox 1228 615 1382 654; x_wconf 82' lang='lat' dir='ltr'>nomen,</span> 
     </span>
     <span class='ocr_line' id='line_1_9' title="bbox 52 660 1380 712; baseline -0.001 -12"><span class='ocrx_word' id='word_1_63' title='bbox 52 663 141 711; x_wconf 85' lang='lat' dir='ltr'>quia</span> <span class='ocrx_word' id='word_1_64' title='bbox 172 667 211 700; x_wconf 90' lang='lat' dir='ltr'>et</span> <span class='ocrx_word' id='word_1_65' title='bbox 241 663 315 712; x_wconf 89' lang='lat' dir='ltr'>ipsi</span> <span class='ocrx_word' id='word_1_66' title='bbox 341 673 498 712; x_wconf 89' lang='lat' dir='ltr'>quoquo</span> <span class='ocrx_word' id='word_1_67' title='bbox 530 661 644 699; x_wconf 90' lang='lat' dir='ltr'>modo</span> <span class='ocrx_word' id='word_1_68' title='bbox 671 660 881 699; x_wconf 79' lang='lat' dir='ltr'>Christiani</span> <span class='ocrx_word' id='word_1_69' title='bbox 912 661 1164 711; x_wconf 78' lang='lat' dir='ltr'>appellantur.</span> <span class='ocrx_word' id='word_1_70' title='bbox 1227 661 1295 699; x_wconf 87' lang='lat' dir='ltr'>His</span> <span class='ocrx_word' id='word_1_71' title='bbox 1327 667 1380 699; x_wconf 90' lang='lat' dir='ltr'>at-</span> 
     </span>
     <span class='ocr_line' id='line_1_10' title="bbox 52 719 1382 770; baseline 0 -13"><span class='ocrx_word' id='word_1_72' title='bbox 52 731 127 769; x_wconf 87' lang='lat' dir='ltr'>que</span> <span class='ocrx_word' id='word_1_73' title='bbox 170 719 286 758; x_wconf 85' lang='lat' dir='ltr'>huius</span> <span class='ocrx_word' id='word_1_74' title='bbox 330 719 433 758; x_wconf 89' lang='lat' dir='ltr'>modi</span> <span class='ocrx_word' id='word_1_75' title='bbox 475 721 603 770; x_wconf 82' lang='lat' dir='ltr'>pravis</span> <span class='ocrx_word' id='word_1_76' title='bbox 648 719 821 757; x_wconf 89' lang='lat' dir='ltr'>moribus</span> <span class='ocrx_word' id='word_1_77' title='bbox 861 724 900 757; x_wconf 90' lang='lat' dir='ltr'>et</span> <span class='ocrx_word' id='word_1_78' title='bbox 941 719 1140 757; x_wconf 88' lang='lat' dir='ltr'>erroribus</span> <span class='ocrx_word' id='word_1_79' title='bbox 1179 719 1382 757; x_wconf 91' lang='lat' dir='ltr'>hominum</span> 
     </span>
     <span class='ocr_line' id='line_1_11' title="bbox 51 776 1382 829; baseline 0.001 -14"><span class='ocrx_word' id='word_1_80' title='bbox 51 779 364 828; x_wconf 85' lang='lat' dir='ltr'>persecutionem</span> <span class='ocrx_word' id='word_1_81' title='bbox 388 779 602 828; x_wconf 86' lang='lat' dir='ltr'>patiuntur,</span> <span class='ocrx_word' id='word_1_82' title='bbox 633 779 700 827; x_wconf 89' lang='lat' dir='ltr'>qui</span> <span class='ocrx_word' id='word_1_83' title='bbox 731 777 865 815; x_wconf 88' lang='lat' dir='ltr'>volunt</span> <span class='ocrx_word' id='word_1_84' title='bbox 894 778 934 815; x_wconf 90' lang='lat' dir='ltr'>in</span> <span class='ocrx_word' id='word_1_85' title='bbox 962 776 1115 816; x_wconf 90' lang='lat' dir='ltr'>Christo</span> <span class='ocrx_word' id='word_1_86' title='bbox 1147 779 1209 828; x_wconf 89' lang='lat' dir='ltr'>pie</span> <span class='ocrx_word' id='word_1_87' title='bbox 1241 779 1382 829; x_wconf 81' lang='lat' dir='ltr'>vivere,</span> 
     </span>
     <span class='ocr_line' id='line_1_12' title="bbox 52 835 1382 886; baseline 0 -12"><span class='ocrx_word' id='word_1_88' title='bbox 52 837 167 874; x_wconf 89' lang='lat' dir='ltr'>etiam</span> <span class='ocrx_word' id='word_1_89' title='bbox 217 835 321 874; x_wconf 91' lang='lat' dir='ltr'>nullo</span> <span class='ocrx_word' id='word_1_90' title='bbox 372 836 580 874; x_wconf 87' lang='lat' dir='ltr'>infestante</span> <span class='ocrx_word' id='word_1_91' title='bbox 630 847 755 885; x_wconf 85' lang='lat' dir='ltr'>neque</span> <span class='ocrx_word' id='word_1_92' title='bbox 812 840 972 873; x_wconf 81' lang='lat' dir='ltr'>vexante</span> <span class='ocrx_word' id='word_1_93' title='bbox 1023 848 1166 886; x_wconf 86' lang='lat' dir='ltr'>corpus</span> <span class='ocrx_word' id='word_1_94' title='bbox 1215 836 1382 874; x_wconf 85' lang='lat' dir='ltr'>illorum.</span> 
     </span>
     <span class='ocr_line' id='line_1_13' title="bbox 52 893 1382 944; baseline 0 -12"><span class='ocrx_word' id='word_1_95' title='bbox 52 893 258 932; x_wconf 84' lang='lat' dir='ltr'>Patiuntur</span> <span class='ocrx_word' id='word_1_96' title='bbox 296 895 438 944; x_wconf 87' lang='lat' dir='ltr'>quippe</span> <span class='ocrx_word' id='word_1_97' title='bbox 476 893 574 931; x_wconf 92' lang='lat' dir='ltr'>hanc</span> <span class='ocrx_word' id='word_1_98' title='bbox 613 894 927 944; x_wconf 82' lang='lat' dir='ltr'>persecutionem</span> <span class='ocrx_word' id='word_1_99' title='bbox 959 905 1037 931; x_wconf 90' lang='lat' dir='ltr'>non</span> <span class='ocrx_word' id='word_1_100' title='bbox 1069 895 1107 931; x_wconf 92' lang='lat' dir='ltr'>in</span> <span class='ocrx_word' id='word_1_101' title='bbox 1141 894 1382 944; x_wconf 85' lang='lat' dir='ltr'>corporibus,</span> 
     </span>
     <span class='ocr_line' id='line_1_14' title="bbox 53 951 1381 991; baseline 0.001 -2"><span class='ocrx_word' id='word_1_102' title='bbox 53 951 120 990; x_wconf 91' lang='lat' dir='ltr'>sed</span> <span class='ocrx_word' id='word_1_103' title='bbox 159 953 198 991; x_wconf 93' lang='lat' dir='ltr'>in</span> <span class='ocrx_word' id='word_1_104' title='bbox 238 951 431 990; x_wconf 87' lang='lat' dir='ltr'>cordibus.</span> <span class='ocrx_word' id='word_1_105' title='bbox 493 951 602 989; x_wconf 91' lang='lat' dir='ltr'>Unde</span> <span class='ocrx_word' id='word_1_106' title='bbox 634 951 698 989; x_wconf 89' lang='lat' dir='ltr'>illa</span> <span class='ocrx_word' id='word_1_107' title='bbox 730 963 802 988; x_wconf 86' lang='lat' dir='ltr'>vox</span> <span class='ocrx_word' id='word_1_108' title='bbox 834 956 909 989; x_wconf 87' lang='lat' dir='ltr'>est:</span> <span class='ocrx_word' id='word_1_109' title='bbox 950 952 1178 990; x_wconf 78' lang='lat' dir='ltr'>Secundum</span> <span class='ocrx_word' id='word_1_110' title='bbox 1210 955 1381 990; x_wconf 74' lang='lat' dir='ltr'>multitu-</span> 
     </span>
     <span class='ocr_line' id='line_1_15' title="bbox 54 1009 1382 1049; baseline -0.001 0"><span class='ocrx_word' id='word_1_111' title='bbox 54 1012 185 1049; x_wconf 74' lang='lat' dir='ltr'>dinem</span> <span class='ocrx_word' id='word_1_112' title='bbox 223 1012 402 1049; x_wconf 80' lang='lat' dir='ltr'>dolorum</span> <span class='ocrx_word' id='word_1_113' title='bbox 440 1021 615 1048; x_wconf 84' lang='lat' dir='ltr'>meorum</span> <span class='ocrx_word' id='word_1_114' title='bbox 652 1012 692 1047; x_wconf 89' lang='lat' dir='ltr'>in</span> <span class='ocrx_word' id='word_1_115' title='bbox 731 1010 854 1047; x_wconf 80' lang='lat' dir='ltr'>corde</span> <span class='ocrx_word' id='word_1_116' title='bbox 892 1020 986 1048; x_wconf 85' lang='lat' dir='ltr'>meo.</span> <span class='ocrx_word' id='word_1_117' title='bbox 1048 1009 1133 1047; x_wconf 89' lang='lat' dir='ltr'>Non</span> <span class='ocrx_word' id='word_1_118' title='bbox 1172 1011 1275 1048; x_wconf 91' lang='lat' dir='ltr'>enim</span> <span class='ocrx_word' id='word_1_119' title='bbox 1314 1012 1382 1048; x_wconf 89' lang='lat' dir='ltr'>ait:</span> 
     </span>
     <span class='ocr_line' id='line_1_16' title="bbox 52 1064 1380 1120; baseline 0.001 -14"><span class='ocrx_word' id='word_1_120' title='bbox 52 1068 125 1120; x_wconf 81' lang='lat' dir='ltr'>„In</span> <span class='ocrx_word' id='word_1_121' title='bbox 164 1080 327 1118; x_wconf 86' lang='lat' dir='ltr'>corpore</span> <span class='ocrx_word' id='word_1_122' title='bbox 366 1064 495 1106; x_wconf 82' lang='lat' dir='ltr'>meo.“</span> <span class='ocrx_word' id='word_1_123' title='bbox 555 1067 630 1105; x_wconf 91' lang='lat' dir='ltr'>Sed</span> <span class='ocrx_word' id='word_1_124' title='bbox 669 1079 807 1106; x_wconf 87' lang='lat' dir='ltr'>rursus</span> <span class='ocrx_word' id='word_1_125' title='bbox 848 1069 1029 1117; x_wconf 87' lang='lat' dir='ltr'>quoniam</span> <span class='ocrx_word' id='word_1_126' title='bbox 1068 1069 1287 1118; x_wconf 84' lang='lat' dir='ltr'>cogitantur</span> <span class='ocrx_word' id='word_1_127' title='bbox 1324 1070 1380 1107; x_wconf 92' lang='lat' dir='ltr'>in-</span> 
     </span>
     <span class='ocr_line' id='line_1_17' title="bbox 55 1125 1387 1177; baseline 0.001 -13"><span class='ocrx_word' id='word_1_128' title='bbox 55 1126 250 1164; x_wconf 87' lang='lat' dir='ltr'>mutabilia</span> <span class='ocrx_word' id='word_1_129' title='bbox 288 1125 415 1164; x_wconf 90' lang='lat' dir='ltr'>divina</span> <span class='ocrx_word' id='word_1_130' title='bbox 452 1127 663 1177; x_wconf 78' lang='lat' dir='ltr'>promissa,</span> <span class='ocrx_word' id='word_1_131' title='bbox 705 1131 743 1164; x_wconf 89' lang='lat' dir='ltr'>et</span> <span class='ocrx_word' id='word_1_132' title='bbox 780 1126 882 1175; x_wconf 88' lang='lat' dir='ltr'>quod</span> <span class='ocrx_word' id='word_1_133' title='bbox 922 1127 973 1163; x_wconf 86' lang='lat' dir='ltr'>ait</span> <span class='ocrx_word' id='word_1_134' title='bbox 1011 1126 1225 1176; x_wconf 83' lang='lat' dir='ltr'>apostolus:</span> <span class='ocrx_word' id='word_1_135' title='bbox 1270 1128 1387 1165; x_wconf 75' lang='lat' dir='ltr'>Novit</span> 
     </span>
     <span class='ocr_line' id='line_1_18' title="bbox 55 1179 1383 1235; baseline 0.001 -13"><span class='ocrx_word' id='word_1_136' title='bbox 55 1185 245 1223; x_wconf 76' lang='lat' dir='ltr'>Dominus</span> <span class='ocrx_word' id='word_1_137' title='bbox 283 1186 354 1232; x_wconf 80' lang='lat' dir='ltr'>qui</span> <span class='ocrx_word' id='word_1_138' title='bbox 388 1189 480 1222; x_wconf 81' lang='lat' dir='ltr'>sunt</span> <span class='ocrx_word' id='word_1_139' title='bbox 516 1186 600 1222; x_wconf 82' lang='lat' dir='ltr'>eius</span> <span class='ocrx_word' id='word_1_140' title='bbox 644 1179 761 1235; x_wconf 80' lang='lat' dir='ltr'>(quos</span> <span class='ocrx_word' id='word_1_141' title='bbox 798 1186 901 1222; x_wconf 79' lang='lat' dir='ltr'>enim</span> <span class='ocrx_word' id='word_1_142' title='bbox 935 1187 1157 1232; x_wconf 69' lang='lat' dir='ltr'>praescivit</span> <span class='ocrx_word' id='word_1_143' title='bbox 1193 1189 1231 1223; x_wconf 84' lang='lat' dir='ltr'>et</span> <span class='ocrx_word' id='word_1_144' title='bbox 1262 1197 1383 1234; x_wconf 81' lang='lat' dir='ltr'>prae-</span> 
     </span>
     <span class='ocr_line' id='line_1_19' title="bbox 55 1241 1385 1293; baseline -0.001 -12"><span class='ocrx_word' id='word_1_145' title='bbox 55 1244 269 1281; x_wconf 80' lang='lat' dir='ltr'>destinavit</span> <span class='ocrx_word' id='word_1_146' title='bbox 299 1241 522 1290; x_wconf 80' lang='lat' dir='ltr'>conformes</span> <span class='ocrx_word' id='word_1_147' title='bbox 549 1244 734 1289; x_wconf 72' lang='lat' dir='ltr'>imaqinis</span> <span class='ocrx_word' id='word_1_148' title='bbox 762 1244 840 1289; x_wconf 73' lang='lat' dir='ltr'>filie?</span> <span class='ocrx_word' id='word_1_149' title='bbox 869 1244 942 1288; x_wconf 78' lang='lat' dir='ltr'>sm&#39;,</span> <span class='ocrx_word' id='word_1_150' title='bbox 976 1254 1021 1279; x_wconf 84' lang='lat' dir='ltr'>ex</span> <span class='ocrx_word' id='word_1_151' title='bbox 1055 1243 1109 1280; x_wconf 90' lang='lat' dir='ltr'>eis</span> <span class='ocrx_word' id='word_1_152' title='bbox 1140 1244 1270 1293; x_wconf 86' lang='lat' dir='ltr'>perire</span> <span class='ocrx_word' id='word_1_153' title='bbox 1303 1243 1385 1281; x_wconf 90' lang='lat' dir='ltr'>nul-</span> 
     </span>
     <span class='ocr_line' id='line_1_20' title="bbox 54 1296 1385 1353; baseline 0 -14"><span class='ocrx_word' id='word_1_154' title='bbox 54 1300 115 1339; x_wconf 89' lang='lat' dir='ltr'>lus</span> <span class='ocrx_word' id='word_1_155' title='bbox 152 1296 320 1353; x_wconf 82' lang='lat' dir='ltr'>potest):</span> <span class='ocrx_word' id='word_1_156' title='bbox 357 1300 444 1338; x_wconf 92' lang='lat' dir='ltr'>ideo</span> <span class='ocrx_word' id='word_1_157' title='bbox 483 1302 661 1350; x_wconf 89' lang='lat' dir='ltr'>sequitur</span> <span class='ocrx_word' id='word_1_158' title='bbox 699 1301 737 1337; x_wconf 91' lang='lat' dir='ltr'>in</span> <span class='ocrx_word' id='word_1_159' title='bbox 776 1300 839 1337; x_wconf 89' lang='lat' dir='ltr'>illo</span> <span class='ocrx_word' id='word_1_160' title='bbox 878 1300 1042 1350; x_wconf 86' lang='lat' dir='ltr'>psalmo:</span> <span class='ocrx_word' id='word_1_161' title='bbox 1092 1301 1385 1339; x_wconf 77' lang='lat' dir='ltr'>Consolationes</span> 
     </span>
     <span class='ocr_line' id='line_1_21' title="bbox 56 1358 1385 1411; baseline 0 -14"><span class='ocrx_word' id='word_1_162' title='bbox 56 1364 149 1398; x_wconf 83' lang='lat' dir='ltr'>tuae</span> <span class='ocrx_word' id='word_1_163' title='bbox 187 1360 510 1397; x_wconf 75' lang='lat' dir='ltr'>izccundaverunt</span> <span class='ocrx_word' id='word_1_164' title='bbox 550 1361 722 1397; x_wconf 74' lang='lat' dir='ltr'>animam</span> <span class='ocrx_word' id='word_1_165' title='bbox 765 1370 902 1396; x_wconf 82' lang='lat' dir='ltr'>meam.</span> <span class='ocrx_word' id='word_1_166' title='bbox 964 1358 1080 1396; x_wconf 87' lang='lat' dir='ltr'>Dolor</span> <span class='ocrx_word' id='word_1_167' title='bbox 1121 1364 1249 1397; x_wconf 86' lang='lat' dir='ltr'>autem</span> <span class='ocrx_word' id='word_1_168' title='bbox 1290 1362 1385 1411; x_wconf 84' lang='lat' dir='ltr'>ipse,</span> 
     </span>
     <span class='ocr_line' id='line_1_22' title="bbox 56 1416 1386 1467; baseline 0 -12"><span class='ocrx_word' id='word_1_169' title='bbox 56 1418 123 1467; x_wconf 90' lang='lat' dir='ltr'>qui</span> <span class='ocrx_word' id='word_1_170' title='bbox 166 1417 208 1455; x_wconf 85' lang='lat' dir='ltr'>fit</span> <span class='ocrx_word' id='word_1_171' title='bbox 251 1418 290 1454; x_wconf 89' lang='lat' dir='ltr'>in</span> <span class='ocrx_word' id='word_1_172' title='bbox 335 1416 519 1454; x_wconf 86' lang='lat' dir='ltr'>cordibus</span> <span class='ocrx_word' id='word_1_173' title='bbox 563 1417 735 1467; x_wconf 83' lang='lat' dir='ltr'>piorum,</span> <span class='ocrx_word' id='word_1_174' title='bbox 780 1429 878 1466; x_wconf 90' lang='lat' dir='ltr'>quos</span> <span class='ocrx_word' id='word_1_175' title='bbox 920 1423 1213 1467; x_wconf 75' lang='lat' dir='ltr'>persequimtur</span> <span class='ocrx_word' id='word_1_176' title='bbox 1257 1429 1386 1455; x_wconf 89' lang='lat' dir='ltr'>mores</span> 
     </span>
     <span class='ocr_line' id='line_1_23' title="bbox 60 1474 1386 1527; baseline 0.001 -15"><span class='ocrx_word' id='word_1_177' title='bbox 60 1474 370 1513; x_wconf 85' lang='lat' dir='ltr'>Christianorum</span> <span class='ocrx_word' id='word_1_178' title='bbox 402 1474 590 1513; x_wconf 86' lang='lat' dir='ltr'>malorum</span> <span class='ocrx_word' id='word_1_179' title='bbox 623 1476 701 1512; x_wconf 86' lang='lat' dir='ltr'>sive</span> <span class='ocrx_word' id='word_1_180' title='bbox 735 1474 932 1525; x_wconf 82' lang='lat' dir='ltr'>falsorum,</span> <span class='ocrx_word' id='word_1_181' title='bbox 963 1475 1123 1525; x_wconf 86' lang='lat' dir='ltr'>prodest</span> <span class='ocrx_word' id='word_1_182' title='bbox 1154 1474 1386 1527; x_wconf 86' lang='lat' dir='ltr'>dolentibus,</span> 
     </span>
     <span class='ocr_line' id='line_1_24' title="bbox 57 1532 1386 1584; baseline 0.002 -14"><span class='ocrx_word' id='word_1_183' title='bbox 57 1534 239 1583; x_wconf 86' lang='lat' dir='ltr'>quoniam</span> <span class='ocrx_word' id='word_1_184' title='bbox 271 1532 318 1570; x_wconf 90' lang='lat' dir='ltr'>de</span> <span class='ocrx_word' id='word_1_185' title='bbox 351 1534 509 1570; x_wconf 86' lang='lat' dir='ltr'>caritate</span> <span class='ocrx_word' id='word_1_186' title='bbox 536 1532 749 1584; x_wconf 75' lang='lat' dir='ltr'>descendit,</span> <span class='ocrx_word' id='word_1_187' title='bbox 781 1545 854 1582; x_wconf 88' lang='lat' dir='ltr'>qua</span> <span class='ocrx_word' id='word_1_188' title='bbox 888 1545 952 1570; x_wconf 91' lang='lat' dir='ltr'>eos</span> <span class='ocrx_word' id='word_1_189' title='bbox 984 1534 1113 1583; x_wconf 87' lang='lat' dir='ltr'>perire</span> <span class='ocrx_word' id='word_1_190' title='bbox 1145 1533 1283 1571; x_wconf 88' lang='lat' dir='ltr'>nolunt</span> <span class='ocrx_word' id='word_1_191' title='bbox 1315 1546 1386 1572; x_wconf 87' lang='lat' dir='ltr'>nec</span> 
     </span>
     <span class='ocr_line' id='line_1_25' title="bbox 57 1590 1386 1642; baseline 0 -13"><span class='ocrx_word' id='word_1_192' title='bbox 57 1591 244 1642; x_wconf 86' lang='lat' dir='ltr'>impedire</span> <span class='ocrx_word' id='word_1_193' title='bbox 276 1590 441 1629; x_wconf 85' lang='lat' dir='ltr'>aliorum</span> <span class='ocrx_word' id='word_1_194' title='bbox 467 1590 642 1629; x_wconf 89' lang='lat' dir='ltr'>salutem.</span> <span class='ocrx_word' id='word_1_195' title='bbox 703 1590 877 1640; x_wconf 89' lang='lat' dir='ltr'>Denique</span> <span class='ocrx_word' id='word_1_196' title='bbox 911 1602 1069 1640; x_wconf 84' lang='lat' dir='ltr'>magnae</span> <span class='ocrx_word' id='word_1_197' title='bbox 1102 1591 1386 1629; x_wconf 86' lang='lat' dir='ltr'>consolationes</span> 
     </span>
     <span class='ocr_line' id='line_1_26' title="bbox 57 1647 1386 1699; baseline 0.001 -12"><span class='ocrx_word' id='word_1_198' title='bbox 57 1650 156 1687; x_wconf 87' lang='lat' dir='ltr'>fiunt</span> <span class='ocrx_word' id='word_1_199' title='bbox 187 1650 302 1687; x_wconf 89' lang='lat' dir='ltr'>etiam</span> <span class='ocrx_word' id='word_1_200' title='bbox 328 1648 375 1686; x_wconf 90' lang='lat' dir='ltr'>de</span> <span class='ocrx_word' id='word_1_201' title='bbox 401 1647 712 1687; x_wconf 87' lang='lat' dir='ltr'>correctionibus</span> <span class='ocrx_word' id='word_1_202' title='bbox 745 1661 892 1699; x_wconf 81' lang='lat' dir='ltr'>eorum,</span> <span class='ocrx_word' id='word_1_203' title='bbox 926 1660 1021 1698; x_wconf 87' lang='lat' dir='ltr'>quae</span> <span class='ocrx_word' id='word_1_204' title='bbox 1054 1650 1207 1699; x_wconf 86' lang='lat' dir='ltr'>piorum</span> <span class='ocrx_word' id='word_1_205' title='bbox 1241 1651 1386 1688; x_wconf 87' lang='lat' dir='ltr'>animas</span> 
     </span>
     <span class='ocr_line' id='line_1_27' title="bbox 59 1706 1387 1758; baseline 0.001 -13"><span class='ocrx_word' id='word_1_206' title='bbox 59 1713 164 1745; x_wconf 86' lang='lat' dir='ltr'>tanta</span> <span class='ocrx_word' id='word_1_207' title='bbox 207 1706 447 1745; x_wconf 88' lang='lat' dir='ltr'>iucunditate</span> <span class='ocrx_word' id='word_1_208' title='bbox 491 1706 751 1758; x_wconf 77' lang='lat' dir='ltr'>perfundunt,</span> <span class='ocrx_word' id='word_1_209' title='bbox 795 1708 948 1757; x_wconf 89' lang='lat' dir='ltr'>quantis</span> <span class='ocrx_word' id='word_1_210' title='bbox 989 1706 1189 1744; x_wconf 90' lang='lat' dir='ltr'>doloribus</span> <span class='ocrx_word' id='word_1_211' title='bbox 1230 1707 1276 1745; x_wconf 91' lang='lat' dir='ltr'>de</span> <span class='ocrx_word' id='word_1_212' title='bbox 1318 1720 1387 1746; x_wconf 89' lang='lat' dir='ltr'>sua</span> 
     </span>
     <span class='ocr_line' id='line_1_28' title="bbox 57 1764 1385 1816; baseline 0.002 -14"><span class='ocrx_word' id='word_1_213' title='bbox 57 1764 277 1816; x_wconf 88' lang='lat' dir='ltr'>perditione</span> <span class='ocrx_word' id='word_1_214' title='bbox 316 1766 599 1802; x_wconf 87' lang='lat' dir='ltr'>cruciaverunt.</span> <span class='ocrx_word' id='word_1_215' title='bbox 663 1764 726 1802; x_wconf 90' lang='lat' dir='ltr'>Sic</span> <span class='ocrx_word' id='word_1_216' title='bbox 757 1766 797 1802; x_wconf 92' lang='lat' dir='ltr'>in</span> <span class='ocrx_word' id='word_1_217' title='bbox 829 1765 901 1802; x_wconf 90' lang='lat' dir='ltr'>hoc</span> <span class='ocrx_word' id='word_1_218' title='bbox 934 1764 1106 1816; x_wconf 85' lang='lat' dir='ltr'>saeculo,</span> <span class='ocrx_word' id='word_1_219' title='bbox 1144 1766 1183 1803; x_wconf 93' lang='lat' dir='ltr'>in</span> <span class='ocrx_word' id='word_1_220' title='bbox 1216 1765 1275 1803; x_wconf 92' lang='lat' dir='ltr'>his</span> <span class='ocrx_word' id='word_1_221' title='bbox 1308 1766 1385 1804; x_wconf 87' lang='lat' dir='ltr'>die-</span> 
     </span>
     <span class='ocr_line' id='line_1_29' title="bbox 57 1822 1385 1874; baseline 0.001 -13"><span class='ocrx_word' id='word_1_222' title='bbox 57 1822 131 1861; x_wconf 91' lang='lat' dir='ltr'>bus</span> <span class='ocrx_word' id='word_1_223' title='bbox 175 1822 285 1861; x_wconf 89' lang='lat' dir='ltr'>malis</span> <span class='ocrx_word' id='word_1_224' title='bbox 328 1834 407 1860; x_wconf 89' lang='lat' dir='ltr'>non</span> <span class='ocrx_word' id='word_1_225' title='bbox 450 1822 574 1860; x_wconf 89' lang='lat' dir='ltr'>solum</span> <span class='ocrx_word' id='word_1_226' title='bbox 612 1834 631 1859; x_wconf 89' lang='lat' dir='ltr'>a</span> <span class='ocrx_word' id='word_1_227' title='bbox 672 1828 846 1873; x_wconf 89' lang='lat' dir='ltr'>tempore</span> <span class='ocrx_word' id='word_1_228' title='bbox 892 1823 1103 1874; x_wconf 88' lang='lat' dir='ltr'>corporalis</span> <span class='ocrx_word' id='word_1_229' title='bbox 1144 1826 1385 1873; x_wconf 85' lang='lat' dir='ltr'>praesentiae</span> 
     </span>
     <span class='ocr_line' id='line_1_30' title="bbox 59 1880 1386 1933; baseline 0.002 -15"><span class='ocrx_word' id='word_1_230' title='bbox 59 1880 205 1919; x_wconf 87' lang='lat' dir='ltr'>Christi</span> <span class='ocrx_word' id='word_1_231' title='bbox 237 1885 276 1919; x_wconf 89' lang='lat' dir='ltr'>et</span> <span class='ocrx_word' id='word_1_232' title='bbox 307 1880 571 1931; x_wconf 88' lang='lat' dir='ltr'>apostolorum</span> <span class='ocrx_word' id='word_1_233' title='bbox 604 1882 698 1932; x_wconf 82' lang='lat' dir='ltr'>eius,</span> <span class='ocrx_word' id='word_1_234' title='bbox 730 1881 797 1919; x_wconf 89' lang='lat' dir='ltr'>sed</span> <span class='ocrx_word' id='word_1_235' title='bbox 830 1880 876 1919; x_wconf 87' lang='lat' dir='ltr'>ab</span> <span class='ocrx_word' id='word_1_236' title='bbox 908 1883 991 1931; x_wconf 92' lang='lat' dir='ltr'>ipso</span> <span class='ocrx_word' id='word_1_237' title='bbox 1024 1880 1130 1932; x_wconf 80' lang='lat' dir='ltr'>Abel,</span> <span class='ocrx_word' id='word_1_238' title='bbox 1163 1893 1278 1931; x_wconf 90' lang='lat' dir='ltr'>quem</span> <span class='ocrx_word' id='word_1_239' title='bbox 1309 1884 1386 1933; x_wconf 88' lang='lat' dir='ltr'>pri-</span> 
     </span>
    </p>
   </div>
   <div class='ocr_carea' id='block_1_3' title="bbox 1412 784 1451 815">
    <p class='ocr_par' dir='ltr' id='par_1_3' title="bbox 1412 784 1451 815">
     <span class='ocr_line' id='line_1_31' title="bbox 1412 784 1451 815; baseline -0.026 0"><span class='ocrx_word' id='word_1_240' title='bbox 1412 784 1451 815; x_wconf 87' lang='lat'>10</span> 
     </span>
    </p>
   </div>
   <div class='ocr_carea' id='block_1_4' title="bbox 1413 1076 1453 1106">
    <p class='ocr_par' dir='ltr' id='par_1_4' title="bbox 1413 1076 1453 1106">
     <span class='ocr_line' id='line_1_32' title="bbox 1413 1076 1453 1106; baseline 0 0"><span class='ocrx_word' id='word_1_241' title='bbox 1413 1076 1453 1106; x_wconf 79' lang='lat'>15</span> 
     </span>
    </p>
   </div>
   <div class='ocr_carea' id='block_1_5' title="bbox 1412 1367 1454 1397">
    <p class='ocr_par' dir='ltr' id='par_1_5' title="bbox 1412 1367 1454 1397">
     <span class='ocr_line' id='line_1_33' title="bbox 1412 1367 1454 1397; baseline 0.024 -1"><span class='ocrx_word' id='word_1_242' title='bbox 1412 1367 1454 1397; x_wconf 85' lang='lat'>20</span> 
     </span>
    </p>
   </div>
   <div class='ocr_carea' id='block_1_6' title="bbox 1413 1657 1455 1687">
    <p class='ocr_par' dir='ltr' id='par_1_6' title="bbox 1413 1657 1455 1687">
     <span class='ocr_line' id='line_1_34' title="bbox 1413 1657 1455 1687; baseline 0 0"><span class='ocrx_word' id='word_1_243' title='bbox 1413 1657 1455 1687; x_wconf 80' lang='lat'>25</span> 
     </span>
    </p>
   </div>
   <div class='ocr_carea' id='block_1_7' title="bbox 61 1939 1455 1991">
    <p class='ocr_par' dir='ltr' id='par_1_7' title="bbox 61 1939 1455 1991">
     <span class='ocr_line' id='line_1_35' title="bbox 61 1939 1455 1991; baseline 0.001 -14"><span class='ocrx_word' id='word_1_244' title='bbox 61 1951 165 1977; x_wconf 90' lang='lat' dir='ltr'>mum</span> <span class='ocrx_word' id='word_1_245' title='bbox 195 1940 342 1977; x_wconf 90' lang='lat' dir='ltr'>iustum</span> <span class='ocrx_word' id='word_1_246' title='bbox 374 1940 515 1989; x_wconf 89' lang='lat' dir='ltr'>impius</span> <span class='ocrx_word' id='word_1_247' title='bbox 556 1939 676 1976; x_wconf 85' lang='lat' dir='ltr'>frater</span> <span class='ocrx_word' id='word_1_248' title='bbox 708 1939 867 1991; x_wconf 86' lang='lat' dir='ltr'>occidit,</span> <span class='ocrx_word' id='word_1_249' title='bbox 905 1945 944 1977; x_wconf 90' lang='lat' dir='ltr'>et</span> <span class='ocrx_word' id='word_1_250' title='bbox 975 1939 1158 1990; x_wconf 89' lang='lat' dir='ltr'>deinceps</span> <span class='ocrx_word' id='word_1_251' title='bbox 1192 1952 1314 1989; x_wconf 85' lang='lat' dir='ltr'>usque</span> <span class='ocrx_word' id='word_1_252' title='bbox 1346 1942 1386 1978; x_wconf 93' lang='lat' dir='ltr'>in</span> <span class='ocrx_word' id='word_1_253' title='bbox 1412 1949 1455 1979; x_wconf 87' lang='lat'>30</span> 
     </span>
    </p>
   </div>
   <div class='ocr_carea' id='block_1_8' title="bbox 58 1996 1385 2106">
    <p class='ocr_par' dir='ltr' id='par_1_8' title="bbox 58 1996 1385 2106">
     <span class='ocr_line' id='line_1_36' title="bbox 58 1996 1385 2048; baseline 0.002 -14"><span class='ocrx_word' id='word_1_254' title='bbox 58 1996 175 2035; x_wconf 88' lang='lat' dir='ltr'>huius</span> <span class='ocrx_word' id='word_1_255' title='bbox 219 1996 363 2035; x_wconf 88' lang='lat' dir='ltr'>saeculi</span> <span class='ocrx_word' id='word_1_256' title='bbox 406 1997 521 2034; x_wconf 89' lang='lat' dir='ltr'>finem</span> <span class='ocrx_word' id='word_1_257' title='bbox 559 1997 661 2034; x_wconf 86' lang='lat' dir='ltr'>inter</span> <span class='ocrx_word' id='word_1_258' title='bbox 698 1999 992 2048; x_wconf 86' lang='lat' dir='ltr'>persecutiones</span> <span class='ocrx_word' id='word_1_259' title='bbox 1036 1997 1170 2035; x_wconf 83' lang='lat' dir='ltr'>mundi</span> <span class='ocrx_word' id='word_1_260' title='bbox 1214 2003 1253 2036; x_wconf 92' lang='lat' dir='ltr'>et</span> <span class='ocrx_word' id='word_1_261' title='bbox 1295 2010 1385 2037; x_wconf 92' lang='lat' dir='ltr'>con-</span> 
     </span>
     <span class='ocr_line' id='line_1_37' title="bbox 58 2054 1119 2106; baseline 0.001 -13"><span class='ocrx_word' id='word_1_262' title='bbox 58 2055 267 2093; x_wconf 88' lang='lat' dir='ltr'>solationes</span> <span class='ocrx_word' id='word_1_263' title='bbox 299 2054 368 2093; x_wconf 90' lang='lat' dir='ltr'>Dei</span> <span class='ocrx_word' id='word_1_264' title='bbox 398 2055 686 2105; x_wconf 85' lang='lat' dir='ltr'>peregrinando</span> <span class='ocrx_word' id='word_1_265' title='bbox 718 2057 917 2106; x_wconf 87' lang='lat' dir='ltr'>procurrit</span> <span class='ocrx_word' id='word_1_266' title='bbox 948 2055 1119 2094; x_wconf 87' lang='lat' dir='ltr'>ecclesia.</span> 
     </span>
    </p>
   </div>
   <div class='ocr_carea' id='block_1_9' title="bbox 155 2165 905 2210">
    <p class='ocr_par' dir='ltr' id='par_1_9' title="bbox 155 2165 905 2210">
     <span class='ocr_line' id='line_1_38' title="bbox 155 2165 905 2210; baseline 0.003 -9"><span class='ocrx_word' id='word_1_267' title='bbox 155 2169 211 2209; x_wconf 86' lang='lat'>17)</span> <span class='ocrx_word' id='word_1_268' title='bbox 238 2170 269 2200; x_wconf 82' lang='lat'>2.</span> <span class='ocrx_word' id='word_1_269' title='bbox 296 2165 388 2199; x_wconf 83' lang='lat' dir='ltr'>Tim.</span> <span class='ocrx_word' id='word_1_270' title='bbox 415 2170 448 2209; x_wconf 80' lang='lat'>2,</span> <span class='ocrx_word' id='word_1_271' title='bbox 476 2170 529 2200; x_wconf 86' lang='lat'>19.</span> <span class='ocrx_word' id='word_1_272' title='bbox 581 2169 637 2209; x_wconf 90' lang='lat'>18)</span> <span class='ocrx_word' id='word_1_273' title='bbox 662 2167 766 2202; x_wconf 87' lang='lat' dir='ltr'>Rom.</span> <span class='ocrx_word' id='word_1_274' title='bbox 793 2171 825 2210; x_wconf 86' lang='lat'>8,</span> <span class='ocrx_word' id='word_1_275' title='bbox 851 2172 905 2203; x_wconf 85' lang='lat'>29.</span> 
     </span>
    </p>
   </div>
   <div class='ocr_carea' id='block_1_10' title="bbox 130 2381 1104 2410">
    <p class='ocr_par' dir='ltr' id='par_1_10' title="bbox 130 2381 1104 2410">
     <span class='ocr_line' id='line_1_39' title="bbox 130 2381 1104 2410; baseline -0.001 -3"><span class='ocrx_word' id='word_1_276' title='bbox 130 2388 203 2407; x_wconf 70' lang='lat' dir='ltr'>Atra.</span> <span class='ocrx_word' id='word_1_277' title='bbox 224 2388 264 2406; x_wconf 66' lang='lat' dir='ltr'>nr.</span> <span class='ocrx_word' id='word_1_278' title='bbox 285 2388 345 2406; x_wconf 78' lang='lat' dir='ltr'>mv.</span> <span class='ocrx_word' id='word_1_279' title='bbox 365 2388 428 2406; x_wconf 79' lang='lat' dir='ltr'>Dm.</span> <span class='ocrx_word' id='word_1_280' title='bbox 465 2382 505 2406; x_wconf 91' lang='lat'>11.</span> <span class='ocrx_word' id='word_1_281' title='bbox 1061 2381 1104 2410; x_wconf 82' lang='lat'>22</span> 
     </span>
    </p>
   </div>
  </div>
 </body>
</html>
