1611 2465
127 801 168 831 10

128 1094 168 1124 15

126 1386 168 1417 20

126 1679 169 1710 25

125 1972 169 2003 30

197 59 282 99 200
739 69 766 94 s.
786 68 1004 95 Aueusmm

707 183 710 186 Α
731 212 887 256 CAPUT
920 213 996 255 ΠΙ.

197 301 257 339 De
294 302 505 349 tripertitis
543 300 906 346 siqnificatirmibus
940 300 1245 351 propheearum,
1284 312 1387 347 quae
1424 309 1533 339 nune

197 361 253 397 acl
276 365 491 407 lerrenam,
524 369 631 395 mmo
658 359 714 396 ad
738 360 946 396 caelestem
971 358 1234 410 Hierusalem,
1267 370 1374 397 nunc
1401 364 1532 397 aulem

579 418 635 454 ad
664 421 874 463 utramque
905 415 1152 465 referuntur.

317 498 509 543 Quocirca
542 499 643 536 sicut
680 497 834 536 oracula
872 497 935 536 illa
967 498 1094 536 divina
1126 499 1171 537 ad
1204 498 1395 537 Abraham
1427 499 1531 538 Isaac

197 563 236 595 et
262 556 376 595 Iacob
404 563 442 595 et
467 569 736 607 quaecumque
768 556 839 594 alia
871 558 978 607 signa
1010 557 1068 595 vel
1101 557 1201 596 dicta
1232 557 1461 608 prophetica
1491 559 1531 596 in

196 617 318 654 sacris
350 615 491 654 litter-is
523 615 849 666 praecedentibus
883 616 980 653 sacta
1013 622 1115 667 sunt,
1146 617 1196 654 ita
1230 618 1344 654 etiam
1378 621 1530 655 ceterae

195 674 241 712 ab
285 676 360 712 isto
404 680 542 725 regum
574 680 749 725 tempore
789 674 1016 724 prophetiae
1061 676 1202 725 partim
1245 677 1444 726 pertinent
1485 675 1530 714 ad

195 738 351 783 gentem
385 734 512 771 carnis
545 732 738 784 Abrahae,
770 734 910 783 partim
944 744 1033 770 vero
1066 733 1111 770 ad
1144 732 1237 771 illud
1269 746 1402 772 semen
1434 735 1531 785 eius,

195 793 235 831 in
269 804 345 843 quo
377 791 665 830 benedicuntur
697 803 832 829 omnes
870 797 1006 841 gentes
1039 791 1252 830 coheredes
1285 791 1429 830 Christi
1460 805 1531 843 per

194 856 471 889 testamentum
509 862 652 888 novum
690 850 736 887 ad
777 849 1049 900 possidendam
1088 852 1202 888 vitam
1243 856 1440 888 aeternam
1471 863 1530 892 re-

194 922 392 960 gnumque
419 908 634 960 caelorum3
665 910 806 959 partim
832 920 924 959 ergo
957 908 1003 946 ad
1029 909 1217 960 ancillam,
1250 921 1346 959 quae
1378 910 1419 947 in
1450 921 1530 947 ser-

195 970 357 1006 vitutem
388 973 565 1019 generat,
596 968 634 1005 id
668 973 727 1005 est
758 973 954 1005 terrenam
986 966 1247 1019 Hierusalem,
1281 980 1378 1018 quae
1412 969 1532 1006 servit

196 1039 285 1065 cum
318 1026 404 1064 tiliis
438 1028 537 1078 suis,
577 1028 719 1076 partim
750 1038 841 1063 vero
874 1026 920 1063 ad
952 1026 1113 1063 liberam
1145 1028 1339 1064 civitatem
1371 1026 1460 1078 Dei,
1492 1026 1530 1064 id

195 1091 255 1123 est
281 1097 408 1125 veram
436 1084 902 1123 Hierusalemaeternam
934 1086 973 1122 in
1006 1084 1133 1136 caelis,
1166 1086 1277 1123 cuius
1309 1085 1376 1123 filii
1408 1081 1528 1122 homi'-

195 1156 265 1182 nes
292 1143 508 1182 secundum
534 1143 657 1182 Deum
682 1144 856 1181 viventes
888 1144 1189 1193 peregrinantur
1220 1145 1259 1181 in
1292 1145 1427 1195 terris,
1461 1143 1529 1182 sed

195 1208 287 1240 sunt
318 1204 357 1240 in
396 1203 451 1240 eis
490 1202 696 1253 quaedam,
740 1213 837 1252 quae
871 1202 915 1239 ad
949 1207 1156 1252 utramque
1188 1203 1386 1252 pertinere
1418 1201 1529 1240 intel-

195 1261 395 1312 leguntur,
427 1260 473 1298 ad
506 1260 680 1298 ancillam
713 1262 888 1311 proprie,
920 1259 965 1297 ad
998 1260 1159 1298 liberam
1191 1260 1365 1311 figurate.

312 1319 524 1370 Tripertita
572 1321 703 1369 itaque
747 1320 999 1369 reperiuntur
1045 1319 1197 1369 eloquia
1237 1319 1530 1370 prophetarum,

195 1380 228 1416 si
261 1378 418 1428 quidem
445 1377 571 1428 aliqua
603 1383 695 1416 sunt
726 1377 772 1415 ad
806 1383 1001 1415 terrenam
1028 1376 1270 1415 Hierusalem
1304 1379 1530 1429 spectantia,

194 1436 321 1487 aliqua
365 1437 410 1474 ad
455 1436 686 1487 caelestem,
729 1435 913 1473 nonnulla
956 1436 1002 1474 ad
1048 1442 1263 1486 utramque.
1333 1435 1529 1487 Exemplis

194 1495 305 1533 video
332 1495 577 1546 probandum
604 1507 689 1533 esse
717 1494 820 1545 quod
847 1494 944 1532 dico.
1006 1494 1146 1532 Missus
1174 1500 1233 1532 est
1258 1494 1408 1532 Nathan
1440 1506 1527 1545 pro-

194 1554 328 1605 pheta,
367 1556 434 1604 qui
475 1566 608 1604 regem
640 1553 757 1591 David
791 1558 972 1603 argueret
1003 1553 1049 1590 de
1082 1558 1242 1603 peccato
1275 1555 1380 1603 gravi
1413 1559 1451 1592 et
1482 1554 1530 1604 ei,

196 1625 294 1663 quae
321 1612 531 1651 consecuta
557 1618 648 1651 sunt
675 1612 784 1663 mala,
816 1612 946 1650 sutura
978 1611 1232 1663 praediceret.
1283 1611 1387 1650 Haec
1413 1617 1530 1662 atque

197 1671 313 1710 huius
339 1672 443 1709 modi
470 1673 548 1709 sive
576 1670 741 1722 publice,
774 1670 811 1708 id
838 1676 898 1709 est
923 1682 993 1721 pro
1021 1670 1143 1708 salute
1175 1670 1234 1708 vel
1266 1670 1429 1708 u'tilitate
1461 1682 1528 1721 po-

195 1729 295 1780 puli,
336 1731 414 1767 sive
453 1727 648 1780 privatini,
687 1741 775 1767 cum
816 1741 886 1779 pro
927 1731 1007 1767 suis
1047 1730 1213 1779 quisque
1251 1728 1369 1777 rebus
1401 1728 1529 1767 divina

195 1795 489 1839 promereretur
534 1787 704 1838 eloquia,
748 1787 889 1837 quibus
934 1799 1004 1838 pro
1051 1799 1123 1825 usu
1165 1787 1388 1837 temporalis
1429 1788 1528 1825 vitae

196 1848 317 1885 futuri
343 1846 487 1897 aliquid
508 1852 750 1896 nosceretur,
779 1845 824 1883 ad
853 1851 1047 1883 terrenam
1073 1846 1266 1883 civitatem
1293 1846 1530 1895 pertinuisse

196 1907 282 1955 quis
315 1902 510 1955 ambigat?
553 1904 626 1942 Ubi
658 1909 787 1942 autem
820 1903 978 1954 legit-nr:
1013 1904 1120 1942 Ecce
1152 1905 1235 1942 dles
1266 1906 1438 1951 veniunt,
1471 1905 1528 1942 di-

194 1967 250 2002 cit
269 1965 471 2011 Domc'mcs,
504 1968 542 2002 et
567 1964 844 2001 consummabo
877 1964 1012 2001 domm·
1037 1963 1169 2000 Israel
1198 1968 1235 2001 et
1266 1963 1402 2000 domm*
1424 1963 1529 2001 Iuda

289 2066 348 2108 24)
374 2069 405 2099 2.
428 2054 605 2107 Sami-2,
635 2068 663 2098 1.

290 2196 332 2227 15
358 2204 482 2227 veram
508 2204 572 2228 om.
595 2193 629 2227 A
649 2195 723 2237 1122
750 2192 900 2226 natham
928 2191 1031 2235 ΕΓΗ
1051 2195 1093 2225 ‘23
1121 2191 1199 2236 qui]
1227 2191 1273 2225 ad
1299 2191 1444 2235 1211125
1471 2191 1528 2226 vel

195 2239 354 2274 utilit-ate
381 2250 444 2274 om.
475 2242 508 2273 A
