1548 2562
454 96 506 121 DE
526 95 716 121 CIVITATE
734 97 804 121 DEI
822 96 856 137 n.
877 95 957 120 XVI.
978 95 1006 120 c.
1026 96 1068 120 43.
1343 85 1425 126 195

98 190 270 224 nostram
308 187 347 222 in
385 186 500 235 primi
538 185 786 235 praefigurati
824 185 914 223 facti
952 185 1176 222 memoriam
1215 189 1426 236 revocaret,

100 245 188 294 quia
220 248 258 281 et
288 243 383 293 legis
415 242 499 281 illae
533 243 683 281 tabulae
717 243 835 293 digito
868 242 936 281 Dei
967 245 1133 293 scriptae
1165 243 1402 280 referuntur.

214 301 405 339 Defuncto
431 301 562 351 Moyse
594 301 780 352 populum
812 303 912 343 rexit
938 295 1173 340 Iesus-Nave
1207 306 1245 338 et
1277 301 1316 338 in
1348 306 1424 338 ter-

95 372 177 398 ram
215 361 487 410 promissionis
525 360 741 398 introduxit
783 372 943 410 eamque
984 359 1127 411 populo
1169 359 1307 397 divisit.
1369 359 1424 396 Ab

96 418 157 456 his
199 417 350 456 duobus
392 417 633 456 mirabilibus
669 417 834 456 ducibus
873 418 971 456 bella
1009 420 1123 456 etiam
1160 419 1423 468 prosperrime

96 488 139 515 ac
171 476 400 514 mirabiliter
437 482 544 525 gesta
582 482 690 527 sunt,
727 475 806 514 Deo
846 482 1088 515 contestante
1120 488 1196 514 non
1230 482 1306 514 tam
1337 489 1424 527 pro-

95 541 182 586 pter
214 536 350 572 merita
382 534 550 572 Hebraei
586 534 719 585 populi
754 546 869 584 quam
900 540 1060 585 propter
1091 540 1249 585 peccata
1281 546 1426 585 earum,

96 605 193 643 quae
227 592 538 643 debellabantur,
569 594 744 643 gentium
775 592 859 630 illas
891 594 947 630 eis
978 595 1202 643 provenisse
1234 594 1425 631 victorias.

96 651 190 689 Post
221 653 317 689 istos
350 651 469 689 duces
500 651 649 689 iudices
680 651 860 702 fuerunt,
892 652 966 688 iam
996 653 1037 689 in
1069 658 1172 689 terra
1203 653 1425 702 promissio-

96 711 156 747 nis
187 709 330 760 populo
362 709 580 761 conlocato,
617 715 661 748 ut
697 711 889 759 inciperet
919 711 1076 747 interim
1108 710 1217 747 reddi
1250 709 1423 748 Abrabae

94 769 218 818 prima
249 769 455 818 promissio
493 767 540 805 de
581 774 696 817 gente
728 780 822 819 una,
859 767 896 805 id
929 773 989 805 est
1019 767 1213 819 Hebraea,
1252 774 1290 806 et
1322 774 1426 806 terra

95 826 292 878 Chanaan,
331 826 503 864 nondum
536 826 582 864 de
615 825 794 864 omnibus
826 825 1006 876 gentihus
1039 832 1077 864 et
1108 832 1189 864 toto
1222 826 1315 864 orbe
1348 832 1424 865 ter-

96 896 245 936 rarum3
286 884 388 935 quod
430 884 573 923 Christi
614 884 800 922 adventus
846 886 885 921 in
927 897 1041 922 carne
1083 890 1121 922 et
1162 896 1239 922 non
1283 886 1425 923 veteris

94 943 189 993 legis
227 942 539 994 observationes,
578 943 645 981 sed
684 942 868 992 evangelii
912 943 1006 980 fides
1046 943 1171 981 suerat
1207 943 1424 993 impletura.

97 1001 215 1039 Cuius
254 1003 311 1039 rei
349 1002 622 1051 praefiguratio
660 1002 759 1039 facta
798 1006 873 1052 est,
915 1001 1016 1051 quod
1050 1014 1125 1039 non
1158 1001 1326 1052 Moyses,
1359 1003 1424 1052 qui

96 1059 218 1109 legem
263 1060 405 1110 populo
451 1065 653 1110 acceperat
690 1061 729 1097 in
768 1065 898 1097 monte
941 1059 1049 1111 Sina,
1093 1059 1159 1097 sed
1192 1059 1317 1112 Iesus,
1362 1062 1425 1098 cui

95 1119 210 1156 etiam
250 1130 390 1156 nomen
428 1117 507 1156 Deo
546 1119 809 1168 praecipiente
848 1124 1036 1156 mutatum
1076 1119 1202 1156 fuerat
1242 1124 1285 1156 ut
1316 1118 1424 1157 Iesus

94 1170 309 1227 vocaretur,
341 1176 528 1227 populum
556 1178 594 1214 in
622 1182 766 1214 terram
792 1178 1061 1226 promissionis
1087 1176 1249 1214 induxit.
1311 1176 1422 1215 Tem-

94 1233 254 1285 poribus
287 1241 415 1274 autem
446 1234 638 1286 iudicum,
670 1236 771 1272 sicut
804 1247 843 1272 se
876 1234 1068 1272 habebant
1100 1241 1138 1272 et
1168 1240 1325 1285 peccata
1358 1248 1422 1286 po-

92 1292 174 1343 puli
201 1299 239 1330 et
263 1292 531 1331 misericordia
557 1292 638 1344 Dei,
670 1292 961 1331 alternaverunt
987 1304 1174 1344 prospera
1201 1299 1239 1331 et
1265 1294 1423 1331 adversa

92 1350 294 1389 bellorum.

211 1409 303 1447 Inde
330 1414 487 1447 ventum
520 1415 579 1447 est
610 1409 655 1447 ad
688 1421 824 1459 regum
857 1415 1043 1460 tempora,
1077 1422 1242 1459 quorum
1274 1412 1424 1461 primus

93 1469 267 1517 regnavit
308 1467 413 1518 Saul3
459 1469 522 1505 cui
566 1467 771 1519 reprobato
826 1473 864 1505 et
907 1467 1040 1505 bellica
1083 1467 1188 1506 clade
1230 1475 1423 1519 prostrato

94 1527 255 1576 eiusque
299 1528 418 1576 stirpe
462 1527 623 1578 reiecta,
668 1538 714 1564 ne
759 1526 848 1564 inde
886 1538 998 1576 reges
1038 1533 1269 1578 ore1·entur‚·
1306 1527 1422 1565 David

93 1585 282 1622 successit
318 1586 358 1622 in
399 1596 583 1635 regnum,
627 1586 737 1623 cuius
776 1586 941 1621 maxime
981 1584 1158 1622 Christus
1196 1585 1323 1623 dictus
1363 1592 1422 1624 est

92 1642 205 1680 filius.
266 1642 308 1680 In
347 1654 422 1692 quo
461 1642 648 1680 articulus
693 1643 847 1692 quidam
888 1643 1010 1680 factus
1049 1648 1107 1680 est
1146 1649 1183 1681 et
1222 1644 1423 1682 exordium

94 1700 261 1750 quodam
293 1700 407 1738 modo
446 1702 659 1739 iuventutis
690 1700 822 1751 populi
855 1700 940 1751 Dei3
979 1702 1089 1738 cuius
1122 1703 1276 1751 generis
1308 1714 1422 1752 quae-

68 1758 181 1796 r'dam
213 1758 318 1796 velut
349 1758 609 1797 adulescentia
641 1759 854 1797 ducebatur
887 1758 932 1796 ab
964 1760 1048 1809 ipso
1074 1759 1265 1798 Abraham
1297 1773 1422 1811 usque

93 1817 140 1854 ad
167 1816 270 1855 hunc
296 1816 424 1855 David.
474 1817 607 1867 Neque
635 1819 737 1855 enim
769 1818 913 1855 frustra
939 1817 1153 1855 Matthaeus
1186 1819 1418 1869 evangelista

94 1877 149 1913 sic
180 1876 449 1925 generationes
482 1877 811 1927 commemoravit,
851 1881 894 1913 ut
932 1875 1004 1913 hoc
1043 1878 1211 1926 primum
1242 1878 1420 1916 interval-

93 1933 172 1971 lum
205 1934 514 1983 quattuordecim
546 1934 861 1984 generationibus
894 1934 1193 1986 commendaret,
1226 1935 1272 1973 ab
1304 1935 1421 1974 Abra-

93 1991 180 2029 ham
214 1992 361 2030 scilicet
391 1992 592 2043 usquead
625 1992 753 2031 David.
814 1992 870 2029 Ab
902 1992 1163 2031 adulescentia
1190 1996 1332 2044 quippe
1364 1996 1420 2033 in-

95 2051 187 2100 cipit
231 2050 344 2088 homo
387 2063 500 2101 posse
545 2063 749 2102 generare3
792 2056 998 2101 propterea
1040 2053 1332 2101 generationum
1375 2065 1420 2091 ex

187 2153 220 2192 2)
247 2150 358 2185 Exod.
385 2155 441 2195 31,
469 2155 523 2186 18.
572 2154 608 2195 4)
634 2152 700 2186 Ios.
730 2156 759 2185 1.
810 2153 869 2195 29)
895 2152 957 2185 Mt.
989 2157 1016 2194 1,
1045 2156 1098 2186 17.

188 2260 230 2290 23
258 2256 316 2290 cni
349 2255 575 2299 VRAFae9;
600 2268 671 2300 quo
696 2268 715 2291 v
735 2258 809 2300 1124
836 2256 1014 2290 orirentur
1038 2268 1057 2290 v

1072 2315 1137 2349 13*

1454 717 1495 748 10

1453 1008 1494 1039 15

1450 1301 1494 1332 20

1448 1887 1491 1917 30
