1548 2562
403 146 455 171 DE
475 144 663 172 οΙἩΤΑΤΕ
682 145 753 171 DEI
771 145 805 171 L.
827 145 906 171 xxr
927 144 955 170 c.
975 145 1000 170 4.
1020 146 1044 171 5.
1298 133 1384 175 495

56 235 281 286 rapiebatur
312 246 333 273 a
363 233 500 285 lapide.
561 233 647 272 Dixi
677 232 782 284 quod
813 234 896 284 ipse
929 233 1130 284 conspexi,
1171 232 1250 270 dixi
1282 232 1385 282 quod

55 293 102 332 ab
135 293 200 332 illo
238 292 385 344 audivi,
423 293 487 330 cui
522 296 718 342 tamquam
754 292 837 341 ipse
863 290 1032 329 *viderim
1065 290 1222 329 credidi.
1285 289 1386 335 Quid

56 353 173 390 etiam
199 351 246 389 de
270 352 345 389 isto
371 354 549 401 magnete
575 349 735 400 legerim
768 349 903 387 dicam.
965 348 1127 394 Quando
1158 349 1265 387 iuxta
1297 359 1386 386 eum

54 411 215 460 ponitur
247 408 445 456 adamans,
488 420 567 446 non
604 408 705 459 rapit
741 407 910 459 ferrum,
953 413 992 445 et
1024 408 1056 445 si
1086 408 1161 445 iam
1192 410 1388 458 rapuerat,

56 472 99 506 ut
143 468 179 506 ei
222 466 607 518 adpropinquaverit,
650 477 739 503 mox
781 466 955 503 remittit.
1016 464 1123 503 India
1160 465 1279 503 mittit
1314 463 1386 502 hos
1412 470 1432 500 5

54 525 221 577 lapides;
254 525 323 563 sed
354 526 387 563 si
418 536 486 563 eos
517 535 589 562 nos
621 524 796 573 cognitos
828 524 904 561 iam
935 522 1159 561 desistimus
1192 522 1385 569 admirari,

56 588 201 634 quanto
252 583 373 634 magis
416 581 492 634 illi,
534 593 555 620 a
598 581 740 632 quibus
781 582 955 632 veniunt,
999 582 1031 618 si
1075 592 1141 619 eos
1185 580 1387 618 facillimos

54 641 218 693 habent,
259 642 314 679 sic
351 641 514 679 forsitan
544 638 706 691 habent,
749 644 794 677 ut
832 650 903 677 nos
936 638 1098 686 calcem,
1143 650 1258 688 quam
1288 640 1387 676 miro

56 699 172 738 modo
199 711 297 750 aqua
322 699 617 748 fervescentem,
649 709 724 747 qua
756 696 854 735 solet
884 698 984 747 ignis
1016 698 1202 748 extingui,
1234 702 1272 734 et
1304 696 1388 734 oleo

57 769 137 796 non
169 757 465 807 fervescentem,
496 768 573 806 quo
606 755 704 793 solet
734 756 835 806 ignis
867 754 1038 807 accendi,
1069 756 1158 805 quia
1188 756 1229 793 in
1259 765 1388 805 prom·
1416 760 1458 791 10

55 821 126 867 ptu
157 814 270 854 nobis
302 820 380 867 est,
410 826 489 853 non
520 815 718 852 miramur,

605 949 759 992 CAPUT
791 949 843 991 V.

92 1037 253 1083 Quanta
283 1038 372 1084 sint,
405 1046 573 1083 quorum
604 1036 711 1073 ratio
742 1037 917 1082 nequeat
946 1035 1128 1081 αρηοεσὶ,
1160 1037 1200 1072 et
1229 1037 1361 1072 tamen

305 1095 443 1132 eadem
475 1105 572 1132 vera
604 1104 687 1131 esse
717 1103 797 1131 non
827 1094 879 1130 sit
910 1092 1150 1139 ambi-quum.

173 1174 317 1214 Verum
348 1180 478 1213 tamen
505 1173 683 1212 homines
715 1172 907 1223 infideles,
940 1174 1017 1223 qui,
1050 1184 1140 1210 cum
1172 1171 1298 1210 divina
1330 1170 1390 1210 vel
1419 1178 1459 1208 15

56 1233 270 1285 praeterita
299 1232 360 1271 vel
391 1233 523 1271 futura
554 1231 739 1270 miracula
770 1230 1057 1282 praedicamus,
1090 1241 1189 1280 quae
1220 1229 1295 1267 illis
1328 1241 1390 1267 ex—

56 1291 243 1343 perienda
274 1302 353 1329 non
383 1290 554 1329 valemus
587 1289 806 1340 ostendere,
838 1290 1029 1327 rationem
1061 1299 1082 1325 a
1112 1287 1225 1326 nobis
1257 1299 1391 1325 earum

56 1350 231 1400 flagitant
270 1360 425 1401 rerum,
469 1359 584 1399 quam
631 1349 813 1398 quoniam
859 1358 936 1385 non
975 1357 1185 1397 possumus
1225 1345 1390 1384 reddere

58 1403 274 1461 (excedunt
311 1408 415 1445 enim
452 1407 554 1444 vires
585 1406 727 1444 mentis
764 1401 991 1456 humanae),
1038 1405 1259 1442 existimant
1299 1403 1392 1441 salsa

59 1477 145 1504 esse
172 1477 269 1516 quae
298 1465 475 1516 dicimus,
506 1465 581 1514 ipsi
606 1463 652 1501 de
679 1468 738 1502 tot
768 1461 1009 1501 mirabilibus
1040 1461 1172 1513 rebus,
1205 1473 1299 1511 quas
1331 1460 1391 1499 vel
1418 1467 1461 1498 20

56 1523 189 1562 videre
226 1535 436 1574 possumus
473 1522 533 1559 vel
569 1521 764 1573 videmus,
804 1520 947 1559 debent
984 1519 1149 1558 reddere
1188 1520 1390 1557 rationem.

58 1581 171 1627 Quod
203 1582 236 1619 si
267 1581 352 1619 fieri
383 1580 430 1618 ab
462 1580 617 1618 homine
650 1591 728 1617 non
759 1590 873 1629 posse
905 1578 1159 1629 perviderint,
1190 1576 1391 1615 fatendum

58 1645 117 1678 est
150 1641 206 1678 eis
231 1651 309 1677 non
336 1638 423 1677 ideo
450 1637 593 1688 aliquid
621 1649 699 1675 non
731 1637 851 1675 fuisse
883 1636 943 1674 vel
975 1647 1052 1673 non
1084 1636 1261 1673 futurum
1293 1646 1392 1686 esse,

58 1699 147 1748 quia
190 1698 288 1735 ratio
329 1696 419 1735 inde
456 1708 535 1734 non
572 1700 701 1746 potest
737 1694 872 1745 reddi,
910 1693 1063 1744 quando
1104 1692 1261 1743 quidem
1302 1697 1393 1731 sunt

57 1757 149 1808 ista,
189 1755 236 1793 de
275 1754 417 1806 quibus
456 1753 634 1792 similiter
672 1765 749 1791 non
786 1757 926 1803 potest.
987 1751 1073 1790 Non
1110 1752 1239 1801 itaque
1272 1762 1391 1801 pergo
1419 1757 1462 1788 25

58 1825 130 1866 per
160 1813 349 1865 plurima,
381 1824 479 1863 quae
510 1811 689 1850 mandata
721 1816 812 1849 sunt
843 1810 995 1861 litteris,
1027 1821 1105 1847 non
1137 1814 1244 1859 gesta
1276 1814 1392 1858 atque

58 1876 270 1923 transacta,
309 1870 377 1909 sed
408 1872 449 1909 in
480 1870 575 1908 locis
608 1868 828 1919 quibusque
861 1869 1073 1918 manentia3
1115 1879 1191 1917 quo
1224 1867 1257 1904 si
1289 1867 1392 1916 quis-

60 1941 175 1980 quam
200 1931 257 1968 ire
282 1928 450 1967 voluerit
475 1933 514 1967 et
538 1928 722 1979 potuerit,
752 1932 886 1965 utrum
917 1938 1007 1964 vera
1039 1927 1128 1976 sint,
1160 1923 1394 1976 explorabit3

60 1987 128 2026 sed
153 1999 276 2038 pauca
308 1998 581 2026 commemoro.
642 1985 939 2035 Agrigentinum
972 1983 1124 2022 Siciliae
1157 1982 1273 2020 salem
1305 1993 1393 2032 per·

59 2045 208 2098 hibent,
240 2056 328 2084 cum
361 2046 480 2083 fuerit
511 2044 688 2083 admotus
720 2044 818 2094 igni,
849 2042 955 2081 velut
985 2043 1024 2080 in
1056 2052 1154 2091 aqua
1185 2039 1392 2091 fluescere3
1419 2047 1463 2079 30

62 2115 151 2142 cum
182 2115 273 2141 vero
299 2104 374 2154 ipsi
400 2114 533 2155 aquae,
563 2101 669 2140 velut
693 2103 733 2139 in
759 2102 848 2151 igne
881 2100 1084 2151 crepitare.
1134 2098 1245 2149 Apud
1278 2097 1392 2136 Gara-

61 2167 210 2200 mantas
243 2161 436 2211 quendam
467 2161 614 2200 fontem
646 2164 725 2198 tam
756 2158 940 2209 frigidum
973 2157 1122 2208 diebus,
1152 2161 1197 2194 ut
1227 2168 1305 2194 non
1336 2155 1392 2195 bi-

154 2300 197 2330 22
224 2295 383 2330 uiderint
407 2293 444 2329 R
