1548 2562
414 110 465 134 DE
485 109 672 135 eivrrA'rE
693 110 761 134 Dm
781 110 813 134 L.
834 110 897 134 XX.
918 110 946 135 e.
968 112 1008 134 20
1292 102 1375 142 453

43 201 345 248 praeveniemus
388 209 469 246 eos,
514 200 583 245 qm·
618 204 710 237 ante
752 200 1022 243 dorme'erunt;
1064 201 1251 246 quoniam
1296 202 1377 248 ipse

48 258 238 295 Dominus
270 259 311 294 in
343 258 450 294 iussu
490 261 529 294 et
565 258 605 294 in
636 268 731 295 voce
763 258 1002 304 arclzcmqele·
1032 262 1070 295 et
1100 259 1139 295 2'72.
1173 259 1268 295 {uba
1301 258 1378 296 Dei

48 317 259 354 descendet
289 316 338 354 de
376 317 504 361 eaelo,
542 319 581 352 et
610 318 758 353 mortui
788 317 828 354 in
865 310 1018 354 Christo
1051 320 1264 363 resnrqent
1289 318 1374 364 pri-

47 385 130 419 m0,·
167 374 310 412 deinde
346 384 416 411 nos
454 375 641 420 viventes,
679 376 749 420 que·
778 376 925 421 relique·
954 385 1102 421 samue,
1140 377 1258 412 simul
1287 386 1375 412 eum

47 434 124 470 illis
156 434 361 480 rapiemur
393 433 434 469 in
465 432 634 469 nubibus
666 434 706 470 in
739 433 891 470 obviam
929 433 1083 470 Christo
1115 434 1157 470 in
1188 444 1305 480 ctera,
1338 438 1376 471 et

46 492 103 528 ita
142 501 296 538 semper
334 500 422 528 eum
454 490 619 528 Domino
657 492 815 528 erimus.
878 490 979 528 Haec
1018 490 1134 528 verba
1166 491 1375 541 apostoliea

45 549 375 586 resurrectionem
418 553 662 586 mortuorum
695 548 881 599 suturam,
921 549 1073 598 quando
1106 551 1235 587 veniet
1267 549 1374 587 Chri-

47 612 148 658 stus,
186 608 320 656 utique
360 606 405 643 ad
442 607 547 644 vivos
586 611 624 644 et
662 612 837 645 mortuos
870 607 1117 657 iudicandos,
1149 607 1374 658 praeclaris-

46 666 142 703 sime
174 664 395 702 ostendunt.

164 722 239 760 Sed
278 723 413 772 quaeri
450 722 564 774 solet,
601 729 733 761 utrum
765 723 837 774 illi,
878 736 975 773 quos
1021 723 1083 761 hic
1116 725 1287 762 viventes
1318 725 1374 762 in-

44 786 233 819 venturus
278 786 337 819 est
381 780 581 832 Christus,
633 793 799 831 quorum
843 794 1049 832 personam
1093 783 1131 819 in
1176 794 1215 819 se
1261 788 1375 832 atque

45 839 147 891 illos7
187 840 254 889 qui
292 845 385 877 tune
423 851 556 877 secum
594 839 789 891 vivebant,
832 839 1133 890 transfigurabat
1166 841 1375 891 apostolus,

46 909 257 947 numquam
289 899 446 935 omnino
473 899 653 936 morituri
684 900 773 948 sint,
804 910 851 935 an
882 900 966 948 ipso
1001 900 1185 948 temporis
1217 904 1374 949 puncto,

46 968 122 1006 quo
161 967 250 993 eum
288 955 585 1005 resurgentibus
622 957 823 1005 rapientur
861 958 899 993 in
939 956 1108 993 nubibus
1146 958 1184 993 in
1225 957 1375 994 obviam

46 1013 200 1052 Christo
238 1015 277 1051 in
318 1025 423 1064 aera,
461 1014 506 1051 ad
538 1013 853 1051 inmortalitatem
886 1026 955 1064 per
988 1020 1153 1052 mortem
1187 1016 1281 1052 mira
1314 1027 1374 1053 ce-

45 1072 196 1110 leritate
235 1071 467 1109 transibunt.
529 1071 663 1121 Neque
702 1074 805 1110 enim
844 1072 1050 1110 dicendum
1093 1078 1150 1110 est
1183 1073 1266 1111 fieri
1298 1086 1375 1110 non

44 1142 180 1181 posse,
224 1135 290 1178 ut,
334 1129 425 1168 dum
463 1142 534 1180 per
572 1142 660 1168 aera
698 1131 737 1167 in
776 1130 939 1168 sublime
972 1136 1197 1182 portantur,
1238 1133 1277 1168 iu
1310 1132 1375 1169 illo

44 1190 167 1238 spatio
207 1193 245 1226 et
282 1189 498 1225 moriautur
536 1193 575 1226 et
612 1190 863 1226 revivescant.
926 1188 1037 1233 Quod
1077 1190 1178 1226 enim
1219 1191 1288 1228 ait:
1327 1191 1377 1228 Et

46 1249 101 1284 ita
127 1257 280 1295 semper
306 1258 395 1284 eum
421 1247 587 1285 Domino
615 1249 772 1294 erimus,
806 1259 882 1284 non
916 1248 972 1284 sie
1004 1246 1272 1297 accipiendum
1305 1254 1376 1300 est,

45 1309 241 1354 tamquam
277 1305 316 1342 in
356 1316 443 1342 aere
482 1316 553 1342 nos
590 1304 731 1342 dixerit
769 1317 923 1355 semper
962 1317 1049 1343 cum
1083 1305 1246 1343 Domino
1290 1318 1374 1344 esse

45 1374 268 1413 mansuros;
301 1363 390 1412 quia
416 1374 487 1400 nee
514 1364 595 1413 ipse
628 1364 762 1413 utique
796 1362 847 1400 ibi
881 1363 1062 1415 manebit,
1095 1365 1183 1413 quia
1216 1366 1374 1402 veniens

45 1422 282 1458 transiturus
333 1424 408 1471 est3
464 1422 635 1458 venienti
692 1423 833 1471 quippe
890 1421 1010 1459 ibitur
1066 1421 1241 1473 obviam,
1296 1435 1374 1461 non

44 1480 232 1529 manenti3
264 1478 331 1516 sed
365 1481 420 1516 ita
453 1491 541 1517 cum
572 1480 738 1517 Domino
770 1482 933 1527 erimus,
966 1479 1004 1517 id
1037 1486 1107 1531 est,
1140 1483 1194 1518 sic
1228 1482 1373 1519 erimus

44 1536 231 1575 habentes
269 1548 432 1587 corpora
471 1539 724 1588 sempiterna,
762 1537 999 1587 ubicumque
1038 1550 1126 1575 eum
1158 1538 1222 1575 illo
1254 1540 1371 1577 fueri-

44 1607 142 1633 mus.
204 1595 260 1633 Ad
297 1594 401 1633 hunc
443 1601 572 1633 autem
614 1607 791 1646 sensum,
836 1608 912 1646 quo
951 1597 1218 1634 existimemus
1260 1599 1374 1635 etiam

43 1653 141 1704 illos,
168 1664 266 1703 quos
291 1652 353 1691 hic
379 1655 484 1691 vivos
510 1655 739 1691 inventurus
767 1659 826 1691 est
851 1653 1050 1705 Dominus,
1082 1656 1119 1691 in
1146 1656 1229 1704 ipso
1256 1667 1374 1705 parvo

45 1713 167 1761 spatio
206 1716 245 1749 et
281 1723 466 1761 passuros
503 1718 667 1750 mortem
707 1717 745 1750 et
776 1718 1005 1762 accepturos
1047 1713 1374 1765 inmortalitatem,

43 1770 126 1820 ipse
160 1769 356 1820 apostolus
395 1782 465 1807 nos
504 1770 657 1807 videtur
689 1782 849 1821 urgere,
888 1770 953 1808 uhi
985 1770 1094 1809 dicit:
1136 1771 1182 1809 In
1220 1772 1374 1810 Christo

44 1838 175 1866 omnes
206 1829 537 1874 vivificabuntur;
575 1840 663 1865 cum
704 1828 777 1866 alio
809 1828 893 1866 loeo
926 1829 972 1866 de
1004 1831 1086 1879 ipsa
1119 1829 1282 1879 loquens
1314 1842 1372 1868 re-

45 1887 290 1924 surreetione
323 1898 532 1936 corporum
565 1886 684 1924 dicat:
726 1886 781 1925 Tu
814 1889 921 1934 quod
950 1890 1137 1934 seminas,
1169 1899 1247 1925 non
1280 1890 1372 1926 1)ἱυὶ-

41 1946 210 1991 fleatur,
249 1946 329 1982 m'sz'
363 1947 570 1983 moriatur.
634 1944 718 1989 Quo
751 1945 865 1983 modo
897 1946 1039 1996 igitur,
1073 1957 1169 1995 quos
1201 1947 1373 1984 viventes

138 2033 171 2074 6)
200 2036 227 2067 1.
254 2032 381 2066 Thess.
407 2037 439 2076 4,
468 2037 508 2067 13
537 2045 613 2077 sqq.
664 2035 724 2078 29)
751 2038 780 2068 1.
809 2033 887 2068 Cor.
916 2038 970 2076 15,
997 2038 1051 2068 22.
1102 2035 1160 2078 31)
1186 2034 1236 2069 Ib.
1264 2039 1318 2070 36.

137 2176 156 2205 3
182 2172 301 2215 primo
321 2171 433 2212 RAv;
464 2172 573 2215 primi
595 2173 673 2206 ΡΜ
676 2184 702 2207 ν,
732 2174 774 2216 (‘?)
795 2175 806 2216 Η
826 2178 845 2207 6
872 2184 1014 2216 semper
1039 2184 1103 2207 om.
1125 2174 1159 2207 A
1178 2175 1189 2218 ΙΙ
1210 2178 1228 2208 7
1250 2175 1371 2208 Domi-

42 2229 110 2251 nus
137 2217 303 2252 Christus
328 2228 348 2252 v
385 2219 397 2262 ΙΙ
433 2222 474 2252 31
503 2222 534 2252 et
558 2230 592 2262 p
620 2224 705 2263 4111,
731 2224 751 2253 3
778 2219 848 2254 nisi
874 2220 973 2264 prius
1000 2220 1176 2254 moriatur
1201 2221 1236 2254 A
1261 2225 1301 2254 ut
1320 2223 1371 2254 A·

42 2266 154 2308 miat.
179 2265 328 2308 itemque
352 2268 434 2307 454,
461 2268 511 2300 27

1403 730 1445 761 10

1404 1022 1445 1053 15

1403 1315 1446 1345 20

1402 1606 1445 1636 25

1399 1897 1444 1928 30
