1611 2465
118 720 157 749 10

115 1305 159 1336 20

116 1597 158 1627 25

115 1889 159 1921 30

182 85 267 127 368
724 92 750 118 s.
770 91 987 118 AUGUS'HM

183 190 222 223 et
259 186 297 223 in
336 189 509 222 nostram
547 184 724 221 notitiam
756 182 1029 233 perferuntur,
1068 181 1211 231 quibus
1244 194 1311 221 cor
1343 188 1522 222 nostrum

183 244 315 293 flagris
342 248 491 293 uratur,
524 242 611 292 quis
638 245 779 292 potest,
811 241 887 278 nisi
913 241 980 290 qui
1006 239 1094 278 talia
1127 242 1257 292 sentit,
1289 240 1522 280 advertere?

183 302 357 340 Mortuos
399 302 543 351 quippe
585 299 719 337 audire
761 299 984 350 mallemus,
1028 300 1203 349 quamvis
1245 304 1284 338 et
1323 299 1398 338 hoc
1439 302 1522 339 sine

184 360 316 399 dolore
344 371 420 397 non
446 359 642 409 possimus
668 358 814 396 audire.
877 357 1053 402 Quorum
1086 359 1190 396 enim
1222 370 1294 397 nos
1325 359 1403 397 vita
1434 371 1523 410 pro-

183 425 271 470 pter
315 419 505 456 amicitiae
549 417 690 455 solacia
734 415 970 463 delectabat,
1015 415 1118 454 unde
1160 416 1246 455 fieri
1287 422 1437 470 potest,
1482 423 1525 456 ut

183 488 320 516 eorum
353 488 458 515 mors
490 476 634 514 nullam
667 474 779 513 nohis
810 476 963 525 ingerat
993 473 1338 514 maestitudinem‘?
1400 475 1525 521 Quam

184 537 250 585 qui
282 529 482 586 prohibet,
514 534 730 586 prohibeat,
763 535 795 572 si
826 539 967 585 potest,
1000 535 1121 572 amica
1155 533 1372 586 conloquia,
1403 535 1523 573 inter-

184 595 286 632 dicat
305 593 506 632 amicalem
525 593 585 631 vel
611 592 818 631 intercidat
844 593 1037 644 affectum,
1063 592 1323 631 humanarum
1349 594 1525 631 omnium
1548 588 1550 591 ’

184 652 520 692 necessitudinum
564 651 717 690 vincula
757 652 900 689 mentis
937 652 1065 689 inmiti
1109 657 1269 702 stupore
1308 651 1525 702 disrumpat

185 717 252 750 aut
296 713 352 750 sic
397 713 453 749 eis
497 710 686 748 utendum
726 715 901 761 censeat,
946 715 989 748 ut
1027 709 1130 747 nulla
1170 722 1215 748 ex
1255 711 1311 748 eis
1352 711 1525 749 animum

185 769 349 808 dulcedo
376 769 595 820 perfundat.
655 768 766 814 Quod
793 770 825 806 si
851 768 937 806 fieri
962 767 1068 806 nullo
1096 768 1209 806 modo
1235 774 1377 820 potest,
1409 770 1525 807 etiam

183 829 258 867 hoc
300 840 377 878 quo
418 833 531 879 pacto
571 828 747 866 futurum
786 833 862 878 est,
904 833 947 865 ut
987 828 1071 865 eius
1109 826 1220 865 nobis
1259 839 1387 865 amara
1420 839 1525 866 mors

186 899 263 925 non
297 888 363 934 sit,
406 888 518 925 cuius
551 886 675 924 dulcis
708 890 767 924 est
798 883 903 923 vita?
965 884 1064 923 Hinc
1097 887 1200 923 enim
1234 891 1293 925 est
1326 891 1365 924 et
1395 885 1525 925 luctus

186 945 379 996 quoddam
424 957 500 983 non
542 945 744 983 inhumani
785 944 914 985 cordis
957 945 1069 994 quasi
1110 944 1250 982 vulnus
1291 950 1358 989 aut
1397 944 1523 997 ulcus,

185 1006 248 1043 cui
274 1003 444 1042 sanando
472 1003 706 1041 adhibentur
732 1003 928 1041 officiosae
962 1002 1258 1041 consolationes.
1303 1002 1389 1042 Non
1421 1005 1525 1042 enim

183 1068 393 1114 propterea
424 1074 502 1100 non
529 1067 589 1100 est
621 1061 724 1112 quod
757 1067 927 1112 sanetur,
961 1062 1143 1110 quoniam
1176 1067 1321 1112 quanto
1354 1066 1415 1100 est
1445 1064 1524 1100 ani-

184 1133 272 1160 mus
304 1120 460 1172 melior,
492 1126 599 1159 tanto
632 1122 670 1158 in
704 1132 749 1157 eo
783 1121 899 1158 citius
932 1119 1161 1170 faciliusque
1195 1125 1365 1158 sanatur.
1428 1120 1526 1159 Cum

184 1181 303 1229 igitur
343 1181 458 1217 etiam
497 1178 544 1217 de
584 1180 875 1229 carissimorum
907 1177 1118 1230 mortibus,
1159 1171 1331 1216 maxime*
1357 1191 1526 1229 quorum

186 1244 277 1276 sunt
320 1237 511 1278 humanae
557 1238 733 1275 societati
778 1238 904 1274 officia
948 1238 1186 1288 necessaria,
1231 1249 1335 1275 nunc
1379 1239 1525 1289 mitius,

186 1308 289 1334 nunc
332 1297 508 1347 asperius
550 1296 744 1346 affligatur
784 1296 859 1333 vita
898 1294 1138 1333 mortalium:
1177 1300 1354 1334 mortuos
1395 1301 1525 1334 tamen

185 1367 264 1406 eos,
297 1367 395 1405 quos
422 1354 630 1406 diligimus,
663 1365 778 1404 quam
810 1353 869 1391 vel
901 1365 921 1391 a
953 1353 1027 1391 fide
1060 1353 1119 1391 vel
1151 1366 1171 1390 a
1203 1352 1317 1392 bonis
1349 1353 1526 1393 moribus
1578 1349 1582 1353 ’

184 1413 325 1465 139305,
358 1412 431 1451 hoc
464 1419 523 1451 est
555 1414 594 1450 in
626 1414 710 1463 ipsa
743 1414 869 1450 anima
902 1417 1093 1464 morum,
1122 1412 1257 1450 audire
1290 1425 1360 1451 seu
1391 1412 1524 1451 videre

184 1472 399 1510 mallemus.
462 1471 545 1516 Qua
577 1472 724 1521 ingenti
758 1472 917 1509 materia
950 1470 1140 1509 malorum
1172 1470 1284 1522 plena
1317 1471 1386 1509 est*
1409 1467 1527 1524 terraj

184 1536 347 1581 propter
386 1530 490 1580 quod
529 1531 718 1581 scriptum
758 1535 834 1568 est:
879 1530 1081 1577 Numquid
1116 1541 1195 1568 non
1234 1532 1435 1579 temptatio
1468 1535 1527 1569 est

186 1592 267 1627 vita
299 1590 476 1628 humana
508 1601 629 1638 super
662 1590 837 1627 terram?
879 1594 917 1625 et
949 1593 1112 1638 propter
1143 1588 1245 1638 quod
1279 1590 1363 1639 ipse
1396 1588 1524 1627 Domi-

185 1659 259 1686 nus
292 1649 360 1685 ait:
415 1648 494 1686 Vae
525 1649 672 1685 mundo
704 1648 754 1685 αἶ)
786 1648 1011 1693 scandam,
1050 1651 1088 1684 et
1119 1647 1280 1685 iterum:
1330 1647 1526 1693 Quoniam

185 1707 417 1758 abundavit,
449 1707 588 1757 inquit,
621 1707 823 1754 imquitas,
856 1704 1098 1753 resriqescet
1121 1707 1275 1743 caritas
1301 1708 1524 1744 multorum.
1567 1731 1571 1735 -

185 1763 242 1802 Ex
275 1776 350 1814 quo
384 1766 443 1816 tit,
481 1770 525 1802 ut
557 1763 670 1802 bonis
702 1765 836 1802 amicis
868 1765 1034 1802 mortuis
1066 1763 1308 1814 gratulemur
1340 1760 1396 1814 et,
1435 1775 1526 1803 cum

185 1834 291 1860 mors
331 1834 466 1861 eorum
505 1823 839 1874 nos‘contristet,
879 1824 961 1873 ipsa
1003 1834 1074 1860 nos
1107 1823 1254 1860 certius
1286 1822 1524 1874 consoletur,

186 1882 369 1931 quoniam
409 1886 621 1919 caruerunt
659 1880 786 1932 malis,
825 1880 967 1931 quibus
998 1882 1038 1918 in
1070 1880 1141 1918 hac
1174 1881 1249 1918 vita
1283 1882 1399 1918 etiam
1430 1880 1525 1919 boni

184 1939 363 1978 homines
400 1939 459 1978 vel
497 1944 756 1978 conteruntur
793 1939 852 1977 vel
890 1938 1151 1989 depravantur
1189 1938 1247 1976 vel
1280 1939 1320 1977 in
1352 1944 1521 1990 utroque

184 1997 467 2048 periclitantur.

280 2114 338 2153 25>
364 2110 428 2145 Iob
457 2115 486 2152 7,
517 2115 544 2143 1.
597 2096 659 2153 20)
682 2110 746 2144 Mt.
776 2113 829 2152 18,
857 2114 886 2143 7.
937 2111 994 2153 27)
1020 2109 1071 2144 Ib.
1099 2114 1154 2154 24,
1183 2114 1236 2145 12.

281 2265 300 2295 9
326 2262 465 2296 inmitis
492 2261 624 2296 mentis
651 2262 685 2295 A
704 2263 716 2305 ΙΙ
738 2265 778 2295 16
804 2261 918 2305 quod]
946 2261 1010 2304 qui
1037 2262 1163 2305 Α1125
1190 2261 1268 2306 ipse
1294 2271 1360 2296 om.
1386 2261 1422 2295 A
