1611 2465
118 91 203 131 300
663 97 690 123 S.
709 96 926 124 AUGUSTrNI

118 191 446 238 adpropinquant
471 189 578 233 anni,
611 189 789 225 nosceris
797 201 811 232 ;
844 189 883 224 in
910 189 1081 226 adventa
1109 190 1296 236 temporis
1326 192 1451 227 osten-

118 249 243 294 deris,
283 259 353 284 nec
393 245 664 295 exponendum
704 250 772 282 est.
837 245 884 283 In
923 257 967 284 eo
1005 257 1095 284 eum
1134 248 1297 284 turbata
1325 246 1455 294 fuerit

118 317 254 344 anema
294 317 402 351 mea,
445 317 484 341 en
527 306 591 341 ira
629 305 933 342 mzsericordtae
969 315 1116 343 memor
1156 307 1236 343 eris
1269 304 1360 355 quid
1394 310 1454 343 est

119 365 193 401 nisi
220 363 322 413 quod
349 362 512 400 Iudaeos
543 363 583 399 in
611 373 651 399 se
679 362 978 421 transfiguravit,
1010 374 1177 413 quorum
1209 365 1335 413 gentis
1368 363 1454 415 suit,

71 431 91 462 5
119 423 185 472 qui
227 433 314 459 cum
355 432 492 471 magna
533 422 590 458 ila
631 419 776 458 tmhati
815 410 1091 470 crucifigerent
1130 420 1348 472 Christum,
1389 395 1454 459 ille⁷

118 479 408 518 misenum-diae
442 491 591 516 memor
629 478 741 517 dixit:
780 479 905 517 Pater
938 481 1098 527 iqnosee
1129 482 1228 526 illis,
1259 482 1354 527 quta
1386 492 1451 518 ne-

117 541 251 577 sciunt
281 539 389 586 qaod
409 537 595 585 faciunt?
646 537 753 575 Deus
785 539 834 576 de
858 537 1030 576 Theman
1063 540 1192 576 veniet
1221 543 1260 576 et
1289 543 1455 576 sanctus

119 598 168 635 de
207 601 336 635 monte
372 597 558 634 umbroso
595 601 633 634 et
673 597 882 634 condenso.
946 595 1057 641 Quod
1095 596 1158 633 liic
1198 596 1345 634 dictum
1377 602 1454 635 est:

119 656 178 694 De
214 655 386 693 Theman
419 656 564 701 veniet,
597 653 659 691 alii
692 655 938 704 interpretati
971 660 1062 692 sunt
1092 654 1163 705 „ab
1196 651 1364 692 Austr0“
1394 654 1455 692 vel

49 724 91 754 10
117 710 331 765 ‚,Af1·ico“;
375 725 445 764 per
491 712 593 762 quod
633 713 872 762 significatur
910 712 1110 764 meridies,
1148 712 1186 750 id
1226 720 1286 750 est
1325 713 1454 751 fervor

119 773 290 810 caritatis
329 777 368 809 et
405 771 591 821 splendor
629 772 812 808 veritatis.
880 770 1051 809 Montem
1094 783 1185 808 vero
1225 770 1454 809 umbrosum

118 836 234 880 atque
272 830 531 880 condensum⁷
569 830 743 879 quamvis
780 828 914 867 multis
954 829 1077 867 modis
1117 831 1241 880 possit
1271 829 1454 881 intellegi,

118 889 303 927 libentius
348 889 566 938 acceperim
614 888 899 937 scripturarum
940 887 1185 925 altitudinem
1225 887 1454 940 divinarum,

119 947 261 997 quibus
298 946 554 997 prophetatus
593 951 652 983 est
689 945 889 989 Christus„
940 945 1058 983 Multa
1096 945 1149 983 ibi
1188 948 1331 996 quippe
1370 958 1453 984 um-

49 1014 90 1044 15
117 1005 233 1043 brosa
259 1010 374 1054 atque
401 1004 597 1042 condensa
624 1010 726 1055 sunt,
759 1016 857 1054 quae
885 1010 1055 1042 mentem
1088 1006 1313 1054 quaerentis
1346 1016 1453 1042 exer-

118 1069 241 1102 ceant.
303 1063 396 1100 lnde
423 1068 552 1102 autem
579 1063 695 1113 venit,
727 1074 815 1100 cum
847 1062 900 1099 ibi
932 1074 1033 1113 eum,
1065 1064 1132 1112 qui
1163 1062 1364 1114 intellegit,
1396 1064 1453 1100 in-

118 1123 233 1160 venit.
301 1122 468 1170 Operuit
504 1123 635 1159 caelos
673 1122 798 1158 virtus
836 1122 936 1171 etus,
975 1125 1013 1158 et
1049 1122 1180 1158 laudis
1221 1122 1305 1158 eius
1330 1123 1454 1169 plena

118 1186 176 1219 est
216 1185 329 1218 terra
373 1178 466 1229 quid
508 1184 566 1216 est
607 1179 681 1216 nisi
723 1177 825 1227 quod
869 1180 983 1216 etiam
1024 1179 1064 1215 in
1102 1177 1248 1228 psalmo
1291 1177 1453 1217 dieitur:

117 1239 316 1276 Exaltare
355 1249 478 1285 super
521 1238 670 1287 caelos,
714 1236 838 1287 Deus,
882 1242 919 1274 et
954 1248 1076 1284 super
1113 1247 1264 1274 omnem
1302 1242 1454 1275 terram

47 1305 90 1335 20
115 1299 249 1344 {storia
287 1297 383 1333 tua?
433 1296 630 1343 Splendor
667 1297 752 1332 eius
790 1299 834 1331 ut
871 1297 1000 1332 lumen
1039 1297 1117 1332 erit
1153 1294 1246 1344 quid
1288 1300 1348 1333 est
1378 1296 1454 1332 nisi

116 1356 239 1406 „fama
282 1355 365 1391 eius
405 1353 611 1390 credentes
644 1348 940 1390 inlu1ninahit“?
1006 1353 1167 1390 Cornua
1201 1355 1240 1390 in
1272 1354 1455 1392 manibus

117 1415 202 1452 eius
232 1417 325 1450 sunt
357 1411 448 1461 quid
475 1416 534 1448 est
559 1411 634 1448 nisi
666 1416 869 1460 tropaeum
902 1408 1060 1448 crucis?
1104 1411 1155 1448 Et
1180 1414 1317 1459 posuit
1346 1414 1453 1450 eari-

117 1477 237 1510 tatem
260 1473 421 1517 fi'rmam
443 1469 696 1517 fortitudinis
721 1480 820 1506 suae
846 1481 917 1506 nec
943 1468 1215 1519 exponendum
1241 1475 1311 1507 est.
1351 1470 1454 1508 Ante

113 1529 263 1578 faeiem
288 1531 372 1567 eius
398 1529 470 1566 ibit
496 1528 669 1577 verbum,
701 1531 740 1565 et
759 1528 920 1575 prodiet
946 1529 985 1564 z'n
1012 1538 1193 1576 eampum
1214 1533 1306 1576 post
1331 1530 1454 1576 pedes

47 1596 90 1626 25
118 1590 202 1626 eius
241 1586 332 1637 quid
372 1591 432 1624 est
471 1587 546 1623 nisi
584 1585 688 1635 quod
727 1591 766 1622 et
804 1591 1010 1635 antequam
1047 1585 1124 1623 hue
1161 1587 1312 1623 veniret
1343 1598 1451 1636 prae-

118 1647 319 1684 nuntiatus
346 1650 417 1696 est,
450 1649 488 1682 et
513 1648 648 1694 postea
674 1655 788 1693 quam
815 1643 906 1681 hinc
932 1655 1114 1681 reversus
1147 1649 1219 1695 est,
1250 1643 1452 1682 adnuntia-

116 1711 180 1743 tus
212 1700 300 1742 est?
349 1703 475 1750 Stetit,
507 1707 545 1740 et
575 1706 688 1740 terra
720 1706 912 1740 commota
944 1707 1001 1740 est
1032 1701 1124 1752 quid
1157 1707 1216 1739 est
1247 1703 1322 1740 nisi
1352 1708 1452 1754 „ste-

117 1764 164 1801 tit
184 1762 229 1800 ad
251 1760 571 1811 subveniendum,
599 1765 637 1798 et
657 1765 761 1798 terra
788 1765 980 1798 commota
1006 1766 1066 1798 est
1090 1760 1135 1797 ad
1163 1757 1454 1799 credendum“‘?

119 1821 327 1869 Respexit,
367 1824 406 1857 et
442 1820 659 1856 tabuerunt
695 1823 849 1866 (sentes,
882 1817 954 1855 hoc
988 1824 1046 1855 est
1076 1819 1291 1869 „misertus
1324 1824 1383 1857 est
1415 1824 1454 1857 et

47 1888 90 1918 30
117 1880 208 1917 fecit
234 1877 398 1929 populos
424 1871 702 1927 paenitentes“.
758 1877 928 1914 Contritz'
951 1880 1043 1914 sunt
1073 1881 1222 1914 montes
1252 1878 1451 1924 violentia,

118 1937 189 1975 hoc
231 1943 290 1975 est
325 1937 432 1988 „vim
472 1933 703 1972 facientibus
742 1933 940 1971 miraculis
972 1933 1161 1972 elatorum
1193 1939 1253 1972 est
1285 1936 1452 1972 contrita

119 1991 335 2046 superbia“.
397 1994 665 2041 Defluxerunt
691 1994 809 2031 colles
840 1993 1075 2039 aeternales,
1107 1991 1181 2030 hoe
1213 1998 1273 2030 est
1302 1992 1451 2045 „humi-

214 2098 247 2138 7)
276 2095 334 2128 Lc.
362 2098 418 2137 23,
445 2098 498 2128 34.
550 2095 607 2137 20)
633 2093 690 2128 Ps.
718 2097 772 2135 56,
799 2097 830 2127 6.

215 2217 231 2245 1
261 2212 491 2256 cognosceris
518 2222 537 2245 v
557 2212 568 2255 ΙΙ
588 2214 608 2244 2
640 2210 726 2244 dum
751 2221 771 2243 v
791 2211 802 2253 ΙΙ
821 2210 968 2244 turbata
993 2209 1047 2252 R;
1080 2209 1298 2244 conturbata
1322 2209 1379 2243 Av
1398 2210 1410 2252 ΙΙ
1430 2212 1449 2243 7

119 2259 216 2303 quod
243 2258 297 2300 R,·
324 2258 413 2302 quid
440 2269 457 2292 v
477 2259 488 2301 ΙΙ
510 2261 552 2291 10
577 2257 638 2292 uel
664 2257 710 2291 ab
737 2256 850 2291 africo
878 2267 895 2290 υ
