1611 2465
98 718 139 748 10

98 1011 138 1041 15

97 1303 140 1334 20

99 1889 143 1918 30

167 81 254 122 454
703 88 731 114 s.
750 87 969 114 AUGUSTINI

164 180 227 219 hic
261 179 441 218 Christus
479 178 666 228 inveniet,
704 189 774 227 per
812 177 1130 216 inmortalitatem
1169 180 1209 216 in
1242 178 1306 216 illo
1339 179 1503 217 vivifica-

164 238 330 290 buntur,
370 239 443 275 etsi
482 248 559 274 non
599 237 834 288 moriantur,
872 248 961 274 eum
1001 236 1198 275 videamus
1238 243 1398 288 propter
1430 237 1504 276 hoc

165 310 250 336 esse
272 297 436 335 dictum:
469 295 522 333 Tu
544 296 652 343 quod
675 297 858 343 seminas,
885 306 963 333 non
989 297 1229 343 vivificatur,
1255 298 1334 334 nisi
1357 298 1504 335 moria-

165 354 262 395 tur?
323 356 399 393 Aut
431 355 463 392 si
496 359 601 392 recte
635 365 712 391 non
745 353 910 391 dicimus
942 356 1126 392 seminari
1158 356 1232 392 nisi
1264 366 1307 393 ea
1340 366 1505 405 corpora

166 416 387 465 hominum,
431 424 529 463 quae
576 411 777 450 moriendo
824 424 981 463 quoquo
1021 412 1134 451 modo
1173 418 1427 452 revertuntur
1465 415 1505 452 in

167 480 312 512 terram
364 468 487 525 (sieut
531 483 617 509 sese
662 470 778 509 habet
823 472 938 509 etiam
982 471 1044 510 illa
1088 473 1128 510 in
1172 477 1504 522 transgressorem

165 538 318 584 patrem
351 531 506 582 generiS
539 529 698 568 humani
731 529 916 568 divinitus
948 530 1097 581 prolata
1130 532 1340 569 sententia:
1377 531 1505 570 Terra

166 604 217 639 es,
251 595 289 629 et
320 593 361 629 in
394 594 545 628 terram
578 584 692 641 ibis).-
724 588 923 626 fatendum
957 595 1016 627 est
1047 591 1161 640 istos,
1201 601 1299 639 quos
1331 589 1506 628 nondum

166 650 213 688 (le
247 648 478 700 corporibus
519 659 700 697 egressos
738 659 827 685 cum
869 649 997 685 veniet
1030 647 1208 685 Christus
1240 649 1429 700 inveniet,
1468 654 1507 686 et

166 710 252 747 istis
278 707 408 746 verbis
435 705 599 757 apostoli
626 712 665 744 et
691 705 765 744 illis
792 706 838 744 de
872 707 1005 756 genesi
1038 718 1116 744 non
1148 708 1290 758 teneri,
1323 708 1507 757 quoniam

166 779 323 806 sursum
349 767 390 804 in
416 764 586 804 nubibus
613 766 712 815 rapti
745 776 823 802 non
856 766 991 815 utique
1025 766 1279 816 seminantur,
1311 768 1399 815 quia
1434 777 1506 804 neo

166 831 261 865 eunt
286 827 326 864 in
352 831 499 863 terram
526 836 597 862 nee
625 824 804 874 redeunt,
837 825 915 861 sive
943 823 1088 861 nullam
1113 835 1277 874 prorsus
1304 825 1506 875 experian-

166 892 230 923 tur
262 890 430 923 mortem
463 884 541 920 sive
574 882 774 933 paululum
805 883 846 920 in
878 894 967 920 aere
1000 883 1229 920 moriantur.

285 942 361 981 Sed
400 941 502 980 aliud
542 953 681 979 rursus
725 942 917 991 occurrit,
956 941 1058 991 quod
1091 941 1194 979 idem
1226 940 1323 979 dixit
1354 947 1505 992 aposto—

166 1002 238 1054 lus,
272 1013 360 1039 cum
393 1001 439 1038 de
473 1001 763 1038 resurrectione
798 1012 1007 1050 corporum
1040 999 1085 1037 ad
1119 999 1341 1038 Corinthios
1373 1000 1506 1050 loque-

166 1067 294 1100 retur:
341 1061 480 1099 Omnes
519 1070 793 1107 resuryemuS,
833 1058 889 1095 vel
930 1059 1031 1096 sicut
1062 1057 1125 1096 alii
1158 1058 1312 1096 codices
1345 1058 1506 1097 habent:

175 1121 316 1159 Omnes
350 1120 600 1157 dormiemus.
663 1116 761 1155 Cum
793 1128 885 1166 ergo
918 1128 989 1154 neo
1021 1118 1260 1155 resurrectio
1292 1117 1393 1168 fieri,
1432 1119 1508 1156 nisi

166 1191 272 1217 mors
305 1178 582 1229 praecesserit,
620 1177 760 1226 possit,
794 1187 865 1212 nec
898 1175 1174 1213 dormitionem
1205 1177 1406 1226 possimus
1440 1175 1504 1214 illo

165 1238 250 1275 loco
291 1235 519 1286 intellegere
558 1235 634 1272 nisi
672 1239 855 1272 mortem:
894 1245 970 1283 quo
1011 1233 1125 1271 modo
1159 1245 1294 1272 omnes
1326 1233 1386 1272 vel
1418 1233 1505 1272 dor-

167 1298 288 1335 mient
329 1294 389 1333 vel
427 1298 654 1345 resurgent,
692 1293 725 1330 si
762 1297 840 1330 tam
882 1291 1011 1343 multi,
1051 1303 1148 1342 quos
1180 1293 1220 1330 in
1253 1304 1418 1343 corpore
1449 1294 1506 1331 in-

166 1360 357 1393 venturus
397 1358 456 1391 est
489 1351 684 1402 Christus,
723 1362 794 1389 neo
834 1350 1029 1389 dormient
1061 1362 1132 1388 nec
1164 1348 1403 1401 resurgent?
1466 1351 1506 1389 Si

167 1426 259 1464 ergo
299 1417 470 1461 sanctos,
515 1412 582 1460 qui
625 1410 874 1460 reperientur
913 1408 1066 1447 Christo
1116 1410 1295 1447 veniente
1334 1411 1507 1448 viventes

168 1474 279 1522 eique
314 1473 353 1509 in
386 1470 537 1507 obviam
570 1470 792 1519 rapientur,
835 1467 1118 1506 crediderimus
1151 1469 1190 1505 in
1223 1467 1360 1506 eodem
1392 1474 1507 1519 raptu

167 1531 214 1568 de
247 1528 477 1568 mortalibus
516 1526 747 1578 corporibus
787 1528 961 1565 exituros
1001 1532 1039 1564 et
1077 1525 1123 1564 ad
1164 1526 1297 1564 eadem
1329 1538 1417 1565 mox
1449 1529 1505 1565 in-

125 1597 136 1603 '
168 1588 345 1628 mortalia
378 1587 594 1638 redituros,
627 1585 752 1624 nullas
784 1587 822 1623 in
856 1584 988 1623 verbis
1021 1584 1185 1635 apostoli
1216 1587 1410 1636 patiemur
1441 1597 1506 1624 an—

168 1649 327 1699 gustias,
360 1648 438 1685 sive
471 1644 539 1684 ubi
571 1645 680 1683 dicit:
718 1644 773 1682 Tu
805 1645 914 1692 quod
941 1645 1125 1691 seminas,
1157 1655 1235 1682 non
1266 1646 1506 1692 vivificatur,

168 1709 247 1745 nisi
282 1708 496 1752 moriatur,
549 1706 626 1742 sive
679 1702 745 1741 ubi
788 1702 898 1741 dicit:
946 1703 1085 1742 Omnes
1128 1714 1385 1750 resur-(semus
1424 1709 1507 1742 aut:

175 1767 315 1804 Omnes
348 1765 611 1807 dormienms;
653 1763 742 1812 quia
773 1774 845 1799 neo
879 1760 932 1798 illi
962 1773 1034 1811 per
1066 1760 1382 1799 inmortalitatem
1415 1763 1506 1800 vivi-

170 1823 403 1872 ficabuntur,
436 1823 528 1872 nisi,
561 1819 772 1871 quamlibet
803 1819 1022 1870 paululum,
1055 1825 1185 1858 tamen
1217 1825 1305 1857 ante
1339 1821 1505 1858 morian-

170 1888 246 1933 tur,
280 1894 322 1919 ao
348 1892 418 1932 per
445 1879 519 1917 hoe
547 1885 583 1917 et
610 1892 630 1916 a
657 1879 946 1916 resurrectione
975 1889 1051 1916 non
1085 1882 1201 1916 erunt
1232 1877 1357 1929 alieni,
1391 1890 1506 1928 quam

170 1941 403 1979 dormitione
443 1937 700 1988 praecedunt,
745 1938 919 1986 quamvis
966 1935 1212 1986 brevissima,
1257 1947 1334 1973 non
1376 1942 1506 1975 tamen

170 1999 284 2037 nulla.
348 1997 426 2035 Cur
459 2002 587 2035 autem
626 1995 738 2033 nobis
775 1993 1002 2032 incredibile
1035 1993 1211 2032 videatur
1242 1993 1345 2033 illam
1377 1995 1505 2034 multi-

263 2102 298 2142 s)
327 2099 414 2134 Gen.
442 2102 474 2141 3,
505 2102 555 2131 19.
610 2098 666 2140 16)
696 2101 724 2131 1.
753 2096 831 2130 Cor.
861 2100 914 2137 15,
942 2099 996 2129 51.

169 2263 190 2298 d
265 2220 306 2250 15
344 2218 571 2251 mortuorum
610 2215 642 2248 A
680 2215 691 2258 11
728 2218 769 2247 31
804 2216 845 2247 nt
875 2213 993 2247 editur
1024 2223 1116 2254 mss‚·
1154 2212 1325 2248 dormitio
1358 2223 1506 2257 praece·

195 2264 223 2297 it
247 2274 266 2297 v
