1495 2489
14 858 54 889 10

13 1151 53 1181 15

11 1443 53 1473 20

11 2025 54 2056 30

81 85 137 126 82
616 95 642 120 s.
662 95 880 121 AUGUS'HNI

81 184 183 235 apud
222 196 291 222 nos
330 191 487 222 centum
527 184 772 234 septuaginta
812 186 1048 237 reperiatur,
1086 185 1185 236 apud
1220 185 1418 225 Hebraeos

81 244 326 293 septuaginta
358 242 500 293 legitur
532 243 671 294 fuisse,
709 242 862 293 quando
895 245 1030 293 genuit
1061 241 1261 282 Maleleel?
1323 244 1418 290 Quis

81 307 241 351 generat
272 300 386 338 homo
421 302 638 352 septennis,
683 302 715 339 si
747 307 841 339 tunc
873 303 964 340 anni
995 304 1238 353 septuaginta
1270 315 1418 342 nuncu·

80 359 286 411 pabantur,
319 361 386 409 qui
420 364 570 409 septem
602 357 791 398 fuerunt?

600 507 755 550 CAPUT
788 508 905 550 XIII.

82 594 143 632 Αη
178 596 217 631 in
250 594 571 631 dinumeratione
602 604 800 631 annorum
832 594 1110 633 Hebraeorum
1141 597 1268 643 maqe's
1300 607 1419 643 quam

186 653 442 700 septuayinta
475 653 735 701 interpretum
767 654 819 689 sit
849 654 1051 700 sequenda
1084 656 1317 692 auctoritas.

200 732 275 771 Sed
303 745 391 771 cum
417 732 491 770 hoc
517 732 669 784 dixero,
704 734 889 771 continuo
917 734 1112 772 referetur
1138 734 1232 773 illud
1260 734 1417 774 Iudaeo-

80 803 168 830 rum
207 804 293 829 esse
332 791 594 842 mendacium,
633 791 678 829 de
719 804 794 841 quo
835 793 1015 841 superius
1055 794 1148 830 satis
1180 799 1309 831 actum
1341 799 1418 846 est3

81 862 169 888 nam
207 851 452 901 septuaginta
496 851 731 900 interpretes
773 849 1016 888 laudabiliter
1058 850 1273 890 celebratos
1315 854 1419 891 viros

81 920 159 946 non
200 909 374 959 potuisse
415 909 584 946 mentiri.
647 907 719 946 Ubi
758 909 790 946 si
829 920 1029 960 quaeram,
1069 910 1161 959 quid
1200 911 1250 948 sit
1291 910 1417 949 credi-

80 966 214 1018 bilius,
252 966 485 1005 Iudaeorum
522 971 678 1017 gentem
717 971 794 1004 tam
832 967 945 1017 longe
982 966 1135 1018 lateque
1169 969 1347 1007 diffusam
1379 971 1418 1007 in

80 1025 154 1063 hoc
199 1024 525 1063 conscribendum
567 1024 812 1063 mendacium
860 1037 937 1063 uno
989 1025 1150 1064 consilio
1192 1029 1417 1078 conspirare

80 1085 254 1134 potuisse
288 1089 338 1135 et,
365 1083 457 1122 dum
483 1083 566 1121 aliis
592 1083 766 1121 invident
791 1085 1074 1135 auctoritatem,
1107 1084 1180 1122 sibi
1212 1084 1418 1124 abstulisse

81 1144 301 1194 veritatem,
340 1154 387 1179 an
420 1143 664 1192 septuaginta
696 1142 891 1194 homines,
935 1144 1001 1193 qui
1033 1144 1147 1181 etiam
1180 1144 1255 1194 ipsi
1287 1143 1418 1182 Iudaei

81 1207 203 1252 erant,
235 1212 312 1238 uno
345 1201 385 1238 in
417 1200 502 1238 loco
534 1201 700 1251 positos,
733 1202 915 1250 quoniam
947 1212 1013 1238 rex
1047 1201 1258 1251 Aegyptius
1290 1201 1417 1240 Ptolo-

82 1271 214 1297 maeus
247 1271 313 1297 eos
345 1258 391 1295 ad
423 1258 497 1296 hoc
529 1270 626 1308 opus
659 1260 865 1310 asc-iverat,
906 1260 1027 1309 ipsam
1061 1261 1264 1298 veritatem
1295 1262 1417 1311 genti-

80 1317 154 1355 bus
204 1316 430 1367 alienigenis
481 1317 664 1355 invidisse
716 1322 753 1355 et
803 1319 1087 1355 communicato
1132 1319 1233 1356 istuc
1278 1319 1418 1357 fecisse

81 1375 260 1414 consilio:
294 1377 383 1425 quis
421 1387 498 1412 non
537 1375 664 1413 videat
704 1375 796 1425 quid
829 1375 1039 1425 proclivius
1072 1376 1301 1427 faciliusque
1335 1389 1416 1416 cre-

81 1431 224 1472 datur?
275 1433 350 1471 Sed
379 1433 477 1471 absit
503 1439 547 1471 ut
572 1433 746 1484 prudens
779 1435 971 1484 quispiam
1003 1434 1062 1472 vel
1095 1434 1256 1473 Iudaeos
1289 1436 1418 1474 cuius-

81 1492 176 1530 libet
212 1493 481 1542 perversitatis
519 1498 634 1542 atque
674 1491 839 1530 malitiae
879 1497 1029 1530 tantum
1068 1495 1242 1542 potuisse
1285 1493 1419 1532 credat

80 1552 119 1588 in
163 1549 363 1588 codicibus
402 1556 479 1588 tam
521 1550 652 1588 multis
692 1556 730 1588 et
766 1556 844 1588 tam
881 1550 993 1601 longe
1031 1550 1185 1601 lateque
1218 1551 1418 1603 dispersis,

81 1608 140 1647 vel
173 1610 416 1659 septuaginta
454 1608 539 1646 illos
578 1608 850 1646 memorabiles
892 1610 995 1646 viros
1027 1609 1101 1646 hoc
1134 1609 1181 1647 de
1213 1610 1418 1648 invidenda

80 1667 261 1717 gentibus
303 1669 464 1705 veritate
504 1679 625 1705 unum
665 1669 972 1705 communicasse
1005 1667 1221 1706 consilium.
1285 1667 1417 1707 Credi-

34 1734 49 1762 ἵ
81 1725 196 1763 bilius
228 1737 320 1775 ergo
355 1727 440 1775 quis
473 1725 630 1777 dixerit,
664 1737 753 1763 cum
784 1727 953 1776 primum
986 1725 1032 1763 de
1064 1725 1298 1765 bibliotheca
1329 1726 1418 1765 Pto-

82 1784 219 1821 lomaei
251 1783 420 1821 describi
451 1785 523 1821 ista
557 1789 789 1834 coeperunt,
827 1789 921 1821 tunc
954 1783 1097 1834 aliquid
1130 1784 1202 1822 tale
1236 1785 1320 1823 fieri
1351 1797 1417 1836 po-

82 1844 202 1880 tuisse
241 1843 280 1879 in
319 1841 451 1879 codice
485 1853 581 1893 uno,
621 1842 688 1879 sed
720 1843 901 1892 primitus
935 1842 1023 1879 inde
1057 1841 1272 1894 descripto,
1314 1843 1417 1881 unde

81 1902 155 1938 iam
197 1900 312 1938 latius
356 1905 570 1951 emanaret3
615 1899 680 1937 ubi
722 1901 849 1950 potuit
893 1899 1048 1949 quidem
1088 1900 1263 1938 accidere
1304 1902 1418 1940 etiam

82 1960 285 2009 scriptoris
336 1970 459 1996 error.
523 1957 597 1995 Sed
643 1957 715 1995 hoc
766 1959 803 1995 in
855 1957 917 1995 illa
968 1959 1195 2007 quaestione
1247 1959 1292 1997 de
1343 1961 1419 1998 vita
1478 1955 1483 1961 “

81 2016 315 2054 Mathusalae
362 2029 439 2054 non
477 2015 689 2054 absurdum
729 2021 788 2054 est
828 2016 1042 2067 suspicari,
1087 2022 1125 2054 et
1166 2018 1205 2054 in
1236 2016 1301 2055 illo
1334 2017 1419 2070 alio,

174 2168 194 2198 2
221 2164 420 2199 Malalehel
439 2175 459 2199 υ
479 2165 491 2208 ΙΙ
510 2168 529 2198 3
557 2164 699 2207 septem
725 2162 829 2197 annis
850 2162 927 2196 RF
942 2164 954 2207 ΙΙ
975 2167 1017 2197 16
1043 2163 1204 2207 Aegypti
1228 2174 1248 2197 v
1266 2165 1279 2208 ΙΙ
1297 2164 1416 2208 ptolo-

80 2222 181 2245 meus
227 2210 373 2245 VRAF
407 2215 438 2245 et
472 2212 524 2245 sie
557 2220 827 2254 usquequaqae;
864 2209 1097 2244 Ptolemaeus
1134 2221 1154 2244 v
1191 2211 1203 2254 ΙΙ
1241 2213 1284 2244 18
1322 2210 1417 2246 istuc

89 2257 191 2292 VRA
217 2260 294 2300 (85,
321 2261 378 2301 5),·
403 2257 502 2292 istud
528 2269 547 2292 v
567 2259 578 2302 Ι]
598 2261 639 2291 27
668 2256 730 2291 sed
754 2267 839 2298 mss3
867 2256 1007 2291 scilicet
1030 2267 1050 2291 v

1445 1562 1460 1570 ,
