1611 2465
26 696 68 726 10

27 988 67 1019 15

24 1281 68 1311 20

23 1573 66 1604 25

22 1866 66 1896 30

94 62 181 103 344
634 70 660 96 s.
679 70 897 97 Aoeosnm

93 163 169 199 iam
201 160 434 199 maleficium
471 159 565 198 illud
604 160 752 198 fecerat
783 159 942 211 Petrus,
981 173 1027 198 ex
1065 162 1150 212 ipso
1182 173 1283 199 anno
1316 173 1432 211 quae·

94 219 261 258 rendum
299 225 376 270 est,
416 218 569 268 quando
608 219 775 257 trecenti
813 220 1012 269 sexaginta
1045 221 1217 270 quinque
1250 220 1431 271 completi

94 279 183 317 sint.
245 277 423 315 Mortuus
455 282 515 315 est
546 289 640 327 ergo
668 275 846 315 Christus
879 276 1032 315 duobus
1059 277 1232 317 Geminis
1265 278 1431 317 consuli·

94 336 168 375 bus
207 342 387 374 octavum
419 334 611 373 Kalendas
638 335 791 386 Aprilis.
841 335 1072 374 Resurrexit
1104 338 1220 375 tertio
1254 336 1328 389 die,
1361 338 1432 375 sic-

94 400 139 433 ut
187 394 351 445 apostoli
401 395 482 432 suis
530 395 647 432 etiam
698 393 879 432 sensibus
923 394 1198 445 probaverunt.
1285 395 1432 434 Deinde

93 459 183 504 post
226 452 482 503 quadraginta
525 452 608 490 dies
651 452 827 490 ascendit
870 454 909 491 in
955 453 1122 504 caelun13
1166 459 1256 504 post
1299 453 1434 492 decem

94 512 189 562 dies,
221 511 259 549 id
287 516 347 549 est
373 512 724 561 quinquagensimo
751 516 840 561 post
865 523 975 550 suam
1000 513 1334 550 resurrectionem
1360 512 1435 564 die,

94 571 200 608 misit
239 569 431 620 Spiritum
469 575 658 608 sanctum.
719 569 831 608 Tunc
869 571 943 608 tria
975 569 1078 608 milia
1111 570 1314 609 hominum
1345 582 1434 622 apo-

95 628 205 667 stolis
233 640 322 666 eum
348 627 666 679 praedicantibus
692 628 957 666 crediderunt.
1019 628 1129 667 Tunc
1155 630 1285 679 itaque
1312 630 1434 667 nomi-

94 689 155 726 nis
187 686 292 725 illius
325 686 454 725 cultus
486 698 650 725 exorsus
682 692 759 737 est,
801 687 903 724 sicut
934 699 1005 724 nos
1038 687 1234 725 credimus
1266 693 1305 726 et
1336 689 1434 726 veri-

94 751 153 784 tas
195 744 334 797 habet,
384 745 555 784 efficacia
600 745 770 795 Spiritus
815 746 957 796 sancti3
1007 746 1108 784 sicut
1151 752 1282 784 autem
1324 747 1436 784 finxit

94 805 242 842 vanitas
285 805 403 854 impia
446 804 505 842 vel
542 805 708 854 putavit,
752 805 912 854 magicis
954 803 1103 842 artibus
1135 803 1253 842 Petri.
1314 803 1436 842 Paulo

93 868 183 914 post
215 864 331 901 etiam
364 864 474 913 signo
507 861 672 900 mirabili
706 862 819 913 facto,
852 861 1006 913 quando
1039 862 1085 900 ad
1117 862 1279 900 verbum
1311 864 1436 913 ipsius

93 922 202 960 Petri
239 921 397 971 quidam
435 920 638 958 mendicus
677 920 724 958 ab
763 926 876 959 utero
915 922 1050 959 matris
1090 922 1142 959 ita
1175 921 1355 973 claudus,
1392 927 1437 959 ut

95 980 143 1018 ab
176 980 260 1018 aliis
291 985 518 1030 portaretur
544 985 583 1017 et
615 979 660 1017 ad
692 985 845 1029 portam
876 973 1023 1030 templi,
1055 979 1122 1017 ubi
1155 981 1297 1030 stipem
1328 984 1434 1030 pete-

94 1044 166 1089 ret,
197 1044 424 1089 poneretur,
456 1039 495 1075 in
522 1038 677 1075 nomine
704 1036 792 1075 Iesu
820 1037 964 1075 Christi
991 1038 1118 1076 salvus
1145 1037 1291 1088 exiluit,
1323 1039 1434 1088 quin-

94 1109 169 1148 que
213 1096 417 1134 hominum
462 1095 564 1134 milia
609 1095 880 1146 crediderunt3
925 1108 968 1134 ac
1013 1096 1152 1134 deinde
1193 1096 1276 1134 aliis
1318 1102 1434 1146 atque

94 1156 178 1193 aliis
222 1154 446 1193 accessibus
490 1154 735 1192 credentium
774 1156 896 1192 crevit
937 1154 1111 1193 ecclesia.
1173 1155 1226 1192 Ac
1258 1167 1329 1205 per
1360 1154 1434 1193 hoc

95 1213 291 1264 colligitur
325 1215 441 1251 etiam
473 1212 574 1264 dies,
606 1225 653 1250 ex
685 1224 762 1263 quo
795 1224 921 1250 annus
953 1214 1037 1263 ipse
1070 1214 1237 1264 sumpsit
1268 1214 1434 1261 initium,

95 1272 244 1310 scilicet
282 1272 436 1322 quando
475 1273 619 1309 missus
658 1277 718 1309 est
756 1270 926 1321 Spiritus
970 1277 1148 1322 sanctus,
1191 1271 1229 1309 id
1267 1276 1328 1309 est
1363 1283 1436 1322 per

93 1330 184 1369 Idus
216 1330 344 1368 Maias.
407 1329 632 1368 Numeratis
669 1329 832 1379 proinde
867 1329 1094 1368 consulibus
1126 1331 1295 1368 trecenti
1326 1341 1433 1368 sexa-

93 1390 196 1439 ginta
236 1390 410 1439 quinque
450 1390 541 1426 anni
578 1389 832 1438 reperiuntur
872 1389 923 1426 im
954 1387 1021 1426 leti
1052 1400 1123 1439 per
1155 1388 1310 1426 easdem
1342 1387 1435 1427 Idus

94 1447 299 1485 consulatu
337 1446 500 1485 Honorii
541 1453 580 1485 et
621 1446 864 1497 Eutychiani.
902 1446 1055 1484 vPorro
1098 1448 1280 1496 sequenti
1321 1458 1434 1498 anno,

93 1506 251 1544 consule
284 1505 397 1543 Malio
429 1504 648 1556 Theodoro,
680 1504 834 1555 quando
866 1506 942 1543 iam
974 1505 1190 1543 secundum
1221 1504 1315 1543 illud
1347 1516 1430 1543 ora-

93 1564 225 1602 culum
275 1564 509 1602 daemonum
558 1569 624 1602 aut
673 1564 901 1614 figmentum
952 1563 1153 1602 hominum
1197 1563 1302 1601 nulla
1346 1575 1434 1601 esse

93 1623 228 1661 debuit
266 1623 402 1673 religio
442 1621 683 1673 Christiana,
724 1621 816 1672 quid
849 1634 919 1672 per
952 1621 1044 1660 alias
1076 1628 1270 1660 terrarum
1302 1627 1435 1672 partes

92 1682 256 1720 forsitan
288 1682 434 1719 sactum
467 1682 534 1730 sit,
573 1693 650 1718 non
683 1681 756 1718 fuit
788 1692 949 1718 necesse
981 1682 1231 1731 perquirere3
1263 1681 1435 1732 interim,

93 1740 195 1790 quod
230 1741 393 1790 scimus,
431 1740 470 1776 in
510 1740 664 1777 civitate
697 1740 900 1777 notissima
932 1746 971 1777 et
1002 1739 1309 1777 eminentissima
1341 1736 1433 1776 Car-

92 1798 248 1849 thagine
280 1798 432 1835 Africae
472 1796 713 1835 Gaudentius
751 1803 790 1835 et
829 1797 957 1835 Iovius
990 1797 1152 1835 comites
1184 1797 1433 1847 imperatoris

91 1856 253 1894 Honorii
295 1861 434 1906 quarto
467 1855 617 1894 decimo
650 1854 841 1893 Kalendas
873 1855 1016 1906 Aprilis
1048 1855 1235 1894 falsorum
1267 1854 1432 1893 deorum

93 1915 234 1966 templa
266 1919 492 1953 everterunt
523 1920 562 1952 et
593 1912 799 1952 simulacra
832 1914 1064 1967 fregerunt.1
1106 1912 1164 1951 Ex
1197 1924 1273 1963 quo
1306 1924 1431 1963 usque

189 2018 246 2058 17)
272 2016 350 2050 Act.
379 2019 410 2048 3.

186 2148 207 2177 4
229 2144 402 2178 octauum
422 2142 457 2176 R
476 2143 665 2186 (Draeyer,
685 2146 777 2187 synt.
792 2143 915 2176 histor.
930 2142 956 2185 ,ᾇ
977 2145 1084 2185 17’8),·
1111 2144 1239 2177 octavo
1265 2152 1285 2176 v
1304 2143 1316 2185 ΙΙ
1335 2142 1430 2186 apri-

91 2191 143 2225 les
169 2190 222 2224 R2
241 2191 252 2233 ΙΙ
271 2190 382 2224 tertio
408 2189 504 2230 RA‚·
535 2189 645 2224 tertia
669 2200 688 2223 v
708 2192 719 2233 ΙΙ
742 2194 782 2223 16
810 2189 946 2223 Christi
972 2200 1036 2223 om.
1063 2188 1098 2223 R
1117 2191 1129 2234 ΙΙ
1149 2187 1291 2223 exilivit
1314 2200 1334 2222 υ
1354 2190 1366 2233 [Ι
1386 2192 1431 2222 24

91 2237 204 2271 malio
232 2247 318 2278 mss;
345 2235 472 2270 Mallio
501 2248 518 2270 v
