1548 2562
393 97 444 122 DE
464 96 652 122 CIVITATE
670 97 739 122 DEI
758 97 791 122 L.
810 97 890 122 XIV.
911 96 939 122 C.
960 98 1002 123 17.
1023 98 1063 122 18.
1325 88 1378 127 41

58 192 185 224 tamen
211 184 442 236 genitalibus
474 187 654 237 tegmina,
686 185 826 236 quihus
857 197 927 236 per
958 190 1087 224 cetera
1118 184 1381 223 membrorum

59 249 202 283 carent.

553 356 706 398 CAPUT
737 355 894 398 XVIII.

100 442 160 481 De
186 443 343 491 pudore
374 443 605 480 concubitus
637 452 716 480 non
746 444 870 480 solum
903 444 1090 490 vulqare's,
1122 443 1194 481 sed
1224 443 1342 481 etiam

604 501 836 547 coniuqale's.

176 580 282 631 Opus
320 592 410 618 vero
449 581 593 632 ipsum,
635 580 738 631 quod
769 579 928 618 libidine
960 581 1027 618 tali
1058 582 1274 632 peragitur,
1306 573 1383 620 non

60 639 184 677 solum
214 640 254 677 in
281 638 499 689 quibusque
533 640 690 690 stupris,
720 638 787 676 ubi
819 638 987 676 latebrae
1021 639 1066 676 ad
1098 639 1382 690 subterfugien-

60 697 106 735 da
131 697 298 738 humana
323 697 465 735 iudicia
491 698 757 749 requiruntur,
789 709 924 735 verum
958 699 1071 735 etiam
1103 699 1141 735 in
1175 710 1248 736 usu
1280 710 1382 736 scor-

59 761 208 807 torum,
253 767 366 805 quam
404 761 557 793 terrena
597 756 730 793 civitas
772 755 918 793 licitam
960 756 1242 805 turpitudinem
1283 756 1384 808 fecit,

61 815 233 864 quamvis
270 813 306 851 id
347 816 497 864 agatur,
536 813 637 863 quod
671 815 753 851 eius
786 815 950 851 civitatis
981 813 1083 851 nulla
1115 814 1175 851 lex
1207 814 1384 865 vindicat,

60 872 204 910 devitat
234 877 362 910 tamen
394 871 592 922 publicum
625 874 738 909 etiam
770 873 957 922 permissa
990 877 1103 921 atque
1137 873 1311 922 inpunita
1343 872 1384 910 li—

6 945 10 951 ·
60 930 149 968 bido
181 936 454 981 conspectum,
486 936 524 967 et
554 930 786 970 verecundia
819 930 983 967 naturali
1014 929 1158 967 habent
1189 932 1386 980 provisum

60 988 258 1038 lupanaria
277 990 372 1038 ipsa
404 994 598 1026 secretum
632 988 859 1038 faciliusque
884 989 1018 1038 potuit
1050 988 1275 1038 inpudicitia
1309 1001 1386 1026 non

61 1046 203 1084 habere
247 1046 370 1084 vincla
413 1046 710 1097 prohibitionis,
759 1058 872 1096 quam
917 1046 1141 1096 inpudentia
1186 1059 1385 1084 removere

33 1104 217 1157 ‚latibula
248 1104 350 1142 illius
382 1104 585 1142 foeditatis.
649 1104 723 1142 Sed
756 1104 853 1142 hanc
886 1106 1000 1142 etiam
1032 1106 1106 1155 ipsi
1138 1110 1272 1155 turpes
1305 1110 1384 1143 tur-

60 1163 276 1213 pitudinem
307 1168 460 1210 vocant,
499 1164 610 1200 cuius
650 1163 740 1200 licet
771 1164 848 1200 sint
880 1168 1090 1213 amatores,
1128 1167 1387 1201 OStentatores

62 1233 146 1259 esse
173 1215 250 1258 non
277 1220 430 1259 audent.
482 1218 611 1265 Quid?
643 1220 873 1259 concubitus
901 1221 1125 1272 coniugalis,
1157 1223 1223 1271 qui
1250 1233 1386 1259 secun-

62 1279 154 1317 dum
179 1279 516 1317 matrimonialium
543 1281 781 1330 praescripta
807 1279 1024 1317 tabularum
1056 1279 1388 1329 procreandorum

60 1338 104 1375 fit
135 1349 249 1375 causa
286 1337 515 1389 liberorum,
554 1349 680 1375 nonne
722 1343 761 1375 et
799 1338 881 1387 ipse
915 1349 1146 1387 quamquam
1179 1339 1228 1375 sit
1259 1337 1387 1375 licitus

23 1425 25 1428 Α
63 1401 100 1433 et
124 1395 325 1447 honestus,
356 1400 549 1433 remotum
575 1395 621 1433 ab
648 1395 803 1433 arbitris
836 1395 961 1433 cubile
995 1393 1220 1445 conquirit?
1251 1395 1386 1433 Nonne

63 1465 196 1492 omnes
234 1453 396 1492 famulos
433 1460 547 1504 atque
585 1455 690 1504 ipsos
731 1455 845 1491 etiam
883 1453 1165 1504 paranymphos
1204 1459 1242 1491 et
1274 1466 1387 1504 quos-

13 1534 19 1542 ·
63 1524 229 1562 cumque
273 1512 423 1562 ingredi
473 1512 667 1562 quaelibet
716 1512 961 1550 necessitudo
1006 1514 1256 1563 permiserat,
1300 1517 1388 1550 ante

63 1571 181 1608 mittit
219 1570 339 1616 foras,
384 1582 496 1620 quam
535 1570 593 1607 vel
633 1570 798 1608 blandiri
837 1572 977 1608 coniux
1016 1572 1171 1620 coniugi
1202 1567 1389 1620 incipiat?

63 1627 112 1666 Et
149 1630 348 1679 quoniam,
392 1630 494 1666 sicut
530 1630 582 1666 ait
620 1630 733 1666 etiam
773 1628 929 1678 quidam
965 1627 1158 1679 „Romani
1199 1629 1388 1666 maximus

64 1691 199 1724 auctor
242 1683 430 1737 eloquii“,
475 1688 601 1724 omnia
639 1691 745 1724 recte
783 1686 882 1723 facta
919 1687 958 1723 in
997 1685 1081 1724 luce
1121 1698 1161 1724 se
1194 1686 1388 1724 conlocari

64 1744 207 1796 volunt,
238 1744 274 1782 id
303 1749 361 1782 est
385 1750 571 1794 appetunt
598 1746 706 1782 sciri:
737 1744 810 1781 hoc
842 1750 947 1782 recte
981 1744 1124 1782 factum
1156 1745 1211 1782 sic
1243 1745 1389 1794 appetit

64 1804 173 1854 sciri,
216 1807 260 1840 ut
296 1807 423 1840 tamen
462 1802 667 1840 erubescat
704 1802 835 1840 videri.
899 1802 992 1847 Quis
1031 1804 1134 1840 enim
1166 1803 1306 1849 nescit,
1346 1808 1389 1840 ut

64 1860 131 1898 filii
173 1866 448 1911 procreentur,
491 1860 582 1910 quid
623 1862 725 1898 inter
762 1872 803 1898 se
836 1861 1020 1911 coniuges
1053 1858 1193 1910 agant?
1236 1861 1388 1910 quando

66 1918 221 1968 quidem
259 1923 301 1956 ut
338 1918 375 1956 id
414 1924 564 1969 agatur,
607 1924 710 1957 tanta
741 1918 966 1956 celebritate
1001 1917 1198 1957 ducuntur
1229 1930 1388 1969 uxores,

1414 823 1487 870 ιο,

1405 1113 1455 1144 -15

1414 1405 1457 1435 20

1415 1694 1458 1726 25

65 1982 104 2014 et
134 1981 262 2014 tamen
300 1988 388 2014 cum
420 1978 562 2028 agitur,
600 1977 702 2015 unde
734 1976 801 2014 filii
838 1982 1065 2028 nascantur,
1102 1988 1173 2015 nec
1205 1977 1279 2027 ipsi
1310 1977 1389 2029 filii,
1414 1985 1457 2016 30

159 2077 217 2119 25)
241 2076 376 2111 Lucan.
402 2076 526 2110 Phars.
553 2080 584 2119 7,
612 2081 666 2111 62.
718 2065 775 2121 26)
801 2077 872 2111 Cic.
900 2077 1004 2110 Tusc.
1032 2080 1063 2119 2,
1091 2081 1145 2112 26.

157 2208 179 2237 4
204 2214 252 2247 sq.
279 2207 318 2238 ut
343 2204 462 2238 editwr
494 2204 542 2246 V;
569 2187 713 2248 vulgari
740 2232 745 2238 .
774 2233 781 2239 .
810 2204 993 2248 coniugali
1018 2215 1038 2238 v
1057 2206 1069 2248 ΙΙ
1088 2208 1131 2238 20
1157 2205 1310 2248 requirit
1333 2216 1352 2239 v
1377 2205 1389 2250 ΙΙ

66 2252 110 2284 24
136 2250 247 2285 etiam
272 2261 336 2285 om.
362 2261 383 2284 v
