<?xml version="1.0" encoding="UTF-8"?>
<!DOCTYPE html PUBLIC "-//W3C//DTD XHTML 1.0 Transitional//EN"
    "http://www.w3.org/TR/xhtml1/DTD/xhtml1-transitional.dtd">
<html xmlns="http://www.w3.org/1999/xhtml" xml:lang="en" lang="en">
 <head>
  <title>
</title>
<meta http-equiv="Content-Type" content="text/html;charset=utf-8" />
  <meta name='ocr-system' content='tesseract 3.04.00' />
  <meta name='ocr-capabilities' content='ocr_page ocr_carea ocr_par ocr_line ocrx_word'/>
</head>
<body>
  <div class='ocr_page' id='page_1' title='image "./sanctiaureliiaug02auguuoft_0382.png"; bbox 0 0 1611 2465; ppageno 0'>
   <div class='ocr_carea' id='block_1_1' title="bbox 66 712 106 743">
    <p class='ocr_par' dir='ltr' id='par_1_1' title="bbox 66 712 106 743">
     <span class='ocr_line' id='line_1_1' title="bbox 66 712 106 743; baseline 0.025 -1"><span class='ocrx_word' id='word_1_1' title='bbox 66 712 106 743; x_wconf 92' lang='grc'>10</span> 
     </span>
    </p>
   </div>
   <div class='ocr_carea' id='block_1_2' title="bbox 65 1004 106 1035">
    <p class='ocr_par' dir='ltr' id='par_1_2' title="bbox 65 1004 106 1035">
     <span class='ocr_line' id='line_1_2' title="bbox 65 1004 106 1035; baseline 0.024 -1"><span class='ocrx_word' id='word_1_2' title='bbox 65 1004 106 1035; x_wconf 84' lang='grc'>15</span> 
     </span>
    </p>
   </div>
   <div class='ocr_carea' id='block_1_3' title="bbox 62 1297 105 1329">
    <p class='ocr_par' dir='ltr' id='par_1_3' title="bbox 62 1297 105 1329">
     <span class='ocr_line' id='line_1_3' title="bbox 62 1297 105 1329; baseline 0.047 -2"><span class='ocrx_word' id='word_1_3' title='bbox 62 1297 105 1329; x_wconf 80' lang='lat'>20</span> 
     </span>
    </p>
   </div>
   <div class='ocr_carea' id='block_1_4' title="bbox 61 1684 104 1719">
    <p class='ocr_par' dir='ltr' id='par_1_4' title="bbox 61 1684 104 1719">
     <span class='ocr_line' id='line_1_4' title="bbox 61 1684 104 1719; baseline 0.093 -4"><span class='ocrx_word' id='word_1_4' title='bbox 61 1684 104 1719; x_wconf 80' lang='grc'>25</span> 
     </span>
    </p>
   </div>
   <div class='ocr_carea' id='block_1_5' title="bbox 63 1999 107 2030">
    <p class='ocr_par' dir='ltr' id='par_1_5' title="bbox 63 1999 107 2030">
     <span class='ocr_line' id='line_1_5' title="bbox 63 1999 107 2030; baseline 0.023 -1"><span class='ocrx_word' id='word_1_5' title='bbox 63 1999 107 2030; x_wconf 80' lang='lat'>30</span> 
     </span>
    </p>
   </div>
   <div class='ocr_carea' id='block_1_6' title="bbox 133 78 936 120">
    <p class='ocr_par' dir='ltr' id='par_1_6' title="bbox 133 78 936 120">
     <span class='ocr_line' id='line_1_6' title="bbox 133 78 936 120; baseline -0.01 0"><span class='ocrx_word' id='word_1_6' title='bbox 133 78 218 120; x_wconf 83' lang='lat'>376</span> <span class='ocrx_word' id='word_1_7' title='bbox 669 88 695 114; x_wconf 86' lang='lat' dir='ltr'>s.</span> <span class='ocrx_word' id='word_1_8' title='bbox 716 87 936 115; x_wconf 70' lang='lat' dir='ltr'>AUGcs&#39;mm</span> 
     </span>
    </p>
   </div>
   <div class='ocr_carea' id='block_1_7' title="bbox 132 177 1473 1284">
    <p class='ocr_par' dir='ltr' id='par_1_7' title="bbox 132 177 1473 1284">
     <span class='ocr_line' id='line_1_7' title="bbox 133 177 1471 230; baseline 0.001 -14"><span class='ocrx_word' id='word_1_9' title='bbox 133 180 239 229; x_wconf 86' lang='lat' dir='ltr'>pacis</span> <span class='ocrx_word' id='word_1_10' title='bbox 281 178 459 216; x_wconf 82' lang='lat' dir='ltr'>ordinem</span> <span class='ocrx_word' id='word_1_11' title='bbox 500 177 626 216; x_wconf 84' lang='lat' dir='ltr'>tendit</span> <span class='ocrx_word' id='word_1_12' title='bbox 670 182 709 215; x_wconf 89' lang='lat' dir='ltr'>et</span> <span class='ocrx_word' id='word_1_13' title='bbox 748 177 877 216; x_wconf 90' lang='lat' dir='ltr'>locum</span> <span class='ocrx_word' id='word_1_14' title='bbox 925 189 1002 228; x_wconf 89' lang='lat' dir='ltr'>quo</span> <span class='ocrx_word' id='word_1_15' title='bbox 1043 179 1274 228; x_wconf 84' lang='lat' dir='ltr'>requiescat·</span> <span class='ocrx_word' id='word_1_16' title='bbox 1305 178 1471 230; x_wconf 85' lang='lat' dir='ltr'>quodam</span> 
     </span>
     <span class='ocr_line' id='line_1_8' title="bbox 133 236 1470 287; baseline 0.001 -13"><span class='ocrx_word' id='word_1_17' title='bbox 133 236 248 275; x_wconf 91' lang='lat' dir='ltr'>modo</span> <span class='ocrx_word' id='word_1_18' title='bbox 282 249 375 276; x_wconf 82' lang='lat' dir='ltr'>voce</span> <span class='ocrx_word' id='word_1_19' title='bbox 408 236 593 287; x_wconf 86' lang='lat' dir='ltr'>ponderis</span> <span class='ocrx_word' id='word_1_20' title='bbox 624 237 768 287; x_wconf 86' lang='lat' dir='ltr'>poscit,</span> <span class='ocrx_word' id='word_1_21' title='bbox 807 237 960 287; x_wconf 89' lang='lat' dir='ltr'>iamque</span> <span class='ocrx_word' id='word_1_22' title='bbox 993 238 1168 275; x_wconf 86' lang='lat' dir='ltr'>exanime</span> <span class='ocrx_word' id='word_1_23' title='bbox 1202 249 1245 275; x_wconf 86' lang='lat' dir='ltr'>ac</span> <span class='ocrx_word' id='word_1_24' title='bbox 1277 238 1361 275; x_wconf 91' lang='lat' dir='ltr'>sine</span> <span class='ocrx_word' id='word_1_25' title='bbox 1393 238 1470 276; x_wconf 91' lang='lat' dir='ltr'>ullo</span> 
     </span>
     <span class='ocr_line' id='line_1_9' title="bbox 135 294 1470 347; baseline 0 -13"><span class='ocrx_word' id='word_1_26' title='bbox 135 307 253 334; x_wconf 89' lang='lat' dir='ltr'>sensu</span> <span class='ocrx_word' id='word_1_27' title='bbox 287 308 307 334; x_wconf 88' lang='lat' dir='ltr'>a</span> <span class='ocrx_word' id='word_1_28' title='bbox 338 307 433 346; x_wconf 88' lang='lat' dir='ltr'>pace</span> <span class='ocrx_word' id='word_1_29' title='bbox 467 300 594 333; x_wconf 87' lang='lat' dir='ltr'>tamen</span> <span class='ocrx_word' id='word_1_30' title='bbox 629 294 795 332; x_wconf 91' lang='lat' dir='ltr'>naturali</span> <span class='ocrx_word' id='word_1_31' title='bbox 828 296 888 333; x_wconf 90' lang='lat' dir='ltr'>sui</span> <span class='ocrx_word' id='word_1_32' title='bbox 920 294 1067 333; x_wconf 82' lang='lat' dir='ltr'>ordinis</span> <span class='ocrx_word' id='word_1_33' title='bbox 1099 307 1176 333; x_wconf 87' lang='lat' dir='ltr'>non</span> <span class='ocrx_word' id='word_1_34' title='bbox 1209 295 1375 347; x_wconf 84' lang='lat' dir='ltr'><strong>recedit,</strong></span> <span class='ocrx_word' id='word_1_35' title='bbox 1412 296 1470 335; x_wconf 77' lang='lat' dir='ltr'>vel</span> 
     </span>
     <span class='ocr_line' id='line_1_10' title="bbox 133 352 1470 405; baseline 0 -13"><span class='ocrx_word' id='word_1_36' title='bbox 133 366 222 393; x_wconf 88' lang='lat' dir='ltr'>cum</span> <span class='ocrx_word' id='word_1_37' title='bbox 262 359 369 392; x_wconf 87' lang='lat' dir='ltr'>tenet</span> <span class='ocrx_word' id='word_1_38' title='bbox 411 365 512 405; x_wconf 83' lang='lat' dir='ltr'>eam,</span> <span class='ocrx_word' id='word_1_39' title='bbox 551 352 610 391; x_wconf 84' lang='lat' dir='ltr'>vel</span> <span class='ocrx_word' id='word_1_40' title='bbox 642 365 731 391; x_wconf 89' lang='lat' dir='ltr'>cum</span> <span class='ocrx_word' id='word_1_41' title='bbox 763 353 889 392; x_wconf 83' lang='lat' dir='ltr'>fertur</span> <span class='ocrx_word' id='word_1_42' title='bbox 921 353 967 391; x_wconf 88' lang='lat' dir='ltr'>ad</span> <span class='ocrx_word' id='word_1_43' title='bbox 1000 365 1094 392; x_wconf 91' lang='lat' dir='ltr'>eam.</span> <span class='ocrx_word' id='word_1_44' title='bbox 1158 353 1198 392; x_wconf 91' lang='lat' dir='ltr'>Si</span> <span class='ocrx_word' id='word_1_45' title='bbox 1230 355 1334 392; x_wconf 88' lang='lat' dir='ltr'>enim</span> <span class='ocrx_word' id='word_1_46' title='bbox 1366 354 1470 393; x_wconf 87' lang='lat' dir='ltr'>adhi-</span> 
     </span>
     <span class='ocr_line' id='line_1_11' title="bbox 133 411 1470 463; baseline 0.001 -12"><span class='ocrx_word' id='word_1_47' title='bbox 133 411 300 451; x_wconf 82' lang='lat' dir='ltr'>beantur</span> <span class='ocrx_word' id='word_1_48' title='bbox 341 412 623 450; x_wconf 87' lang='lat' dir='ltr'>medicamenta</span> <span class='ocrx_word' id='word_1_49' title='bbox 669 417 783 462; x_wconf 86' lang='lat' dir='ltr'>atque</span> <span class='ocrx_word' id='word_1_50' title='bbox 826 413 994 463; x_wconf 81' lang='lat' dir='ltr'>curatio,</span> <span class='ocrx_word' id='word_1_51' title='bbox 1035 422 1133 462; x_wconf 85' lang='lat' dir='ltr'>quae</span> <span class='ocrx_word' id='word_1_52' title='bbox 1166 413 1329 451; x_wconf 86' lang='lat' dir='ltr'>formam</span> <span class='ocrx_word' id='word_1_53' title='bbox 1362 413 1470 452; x_wconf 88' lang='lat' dir='ltr'>cada-</span> 
     </span>
     <span class='ocr_line' id='line_1_12' title="bbox 134 470 1472 522; baseline 0 -13"><span class='ocrx_word' id='word_1_54' title='bbox 134 473 236 509; x_wconf 91' lang='lat' dir='ltr'>veris</span> <span class='ocrx_word' id='word_1_55' title='bbox 280 470 438 509; x_wconf 89' lang='lat' dir='ltr'>dissolvi</span> <span class='ocrx_word' id='word_1_56' title='bbox 482 470 677 520; x_wconf 74' lang='lat' dir='ltr'>dilabique</span> <span class='ocrx_word' id='word_1_57' title='bbox 723 482 799 508; x_wconf 93' lang='lat' dir='ltr'>non</span> <span class='ocrx_word' id='word_1_58' title='bbox 845 472 963 522; x_wconf 74' lang='lat' dir='ltr'>sinat,</span> <span class='ocrx_word' id='word_1_59' title='bbox 1007 470 1133 509; x_wconf 84' lang='lat' dir='ltr'>adhuc</span> <span class='ocrx_word' id='word_1_60' title='bbox 1171 483 1243 521; x_wconf 86' lang='lat' dir='ltr'>pax</span> <span class='ocrx_word' id='word_1_61' title='bbox 1283 471 1472 522; x_wconf 83' lang='lat' dir='ltr'>quaedam</span> 
     </span>
     <span class='ocr_line' id='line_1_13' title="bbox 133 529 1471 580; baseline 0.001 -13"><span class='ocrx_word' id='word_1_62' title='bbox 133 535 264 580; x_wconf 82' lang='lat' dir='ltr'>partes</span> <span class='ocrx_word' id='word_1_63' title='bbox 304 529 480 580; x_wconf 89' lang='lat' dir='ltr'>partibus</span> <span class='ocrx_word' id='word_1_64' title='bbox 524 530 650 579; x_wconf 85' lang='lat' dir='ltr'>iungit</span> <span class='ocrx_word' id='word_1_65' title='bbox 693 534 891 580; x_wconf 85' lang='lat' dir='ltr'>totamque</span> <span class='ocrx_word' id='word_1_66' title='bbox 930 529 1071 567; x_wconf 88' lang='lat' dir='ltr'>molem</span> <span class='ocrx_word' id='word_1_67' title='bbox 1111 529 1276 580; x_wconf 81' lang='lat' dir='ltr'>adplicat</span> <span class='ocrx_word' id='word_1_68' title='bbox 1313 536 1471 568; x_wconf 87' lang='lat' dir='ltr'>terreno</span> 
     </span>
     <span class='ocr_line' id='line_1_14' title="bbox 134 587 1472 638; baseline 0.001 -12"><span class='ocrx_word' id='word_1_69' title='bbox 134 594 173 626; x_wconf 91' lang='lat' dir='ltr'>et</span> <span class='ocrx_word' id='word_1_70' title='bbox 212 589 459 626; x_wconf 85' lang='lat' dir='ltr'>convenienti</span> <span class='ocrx_word' id='word_1_71' title='bbox 497 599 541 626; x_wconf 89' lang='lat' dir='ltr'>ac</span> <span class='ocrx_word' id='word_1_72' title='bbox 579 599 650 638; x_wconf 90' lang='lat' dir='ltr'>per</span> <span class='ocrx_word' id='word_1_73' title='bbox 687 587 761 626; x_wconf 91' lang='lat' dir='ltr'>hoc</span> <span class='ocrx_word' id='word_1_74' title='bbox 799 593 934 638; x_wconf 90' lang='lat' dir='ltr'>pacato</span> <span class='ocrx_word' id='word_1_75' title='bbox 974 587 1070 626; x_wconf 91' lang='lat' dir='ltr'>loco.</span> <span class='ocrx_word' id='word_1_76' title='bbox 1134 588 1175 626; x_wconf 88' lang='lat' dir='ltr'>Si</span> <span class='ocrx_word' id='word_1_77' title='bbox 1206 593 1335 626; x_wconf 88' lang='lat' dir='ltr'>autem</span> <span class='ocrx_word' id='word_1_78' title='bbox 1368 589 1472 627; x_wconf 89' lang='lat' dir='ltr'>nulla</span> 
     </span>
     <span class='ocr_line' id='line_1_15' title="bbox 133 646 1473 700; baseline 0.001 -16"><span class='ocrx_word' id='word_1_79' title='bbox 133 646 363 685; x_wconf 87' lang='lat' dir='ltr'>adhibeatur</span> <span class='ocrx_word' id='word_1_80' title='bbox 390 658 489 692; x_wconf 43' lang='lat' dir='ltr'>‚cura</span> <span class='ocrx_word' id='word_1_81' title='bbox 515 646 721 696; x_wconf 76' lang='lat' dir='ltr'>condendi,</span> <span class='ocrx_word' id='word_1_82' title='bbox 753 646 820 684; x_wconf 88' lang='lat' dir='ltr'>sed</span> <span class='ocrx_word' id='word_1_83' title='bbox 853 646 1020 684; x_wconf 89' lang='lat' dir='ltr'>naturali</span> <span class='ocrx_word' id='word_1_84' title='bbox 1051 648 1185 685; x_wconf 88' lang='lat' dir='ltr'>cursui</span> <span class='ocrx_word' id='word_1_85' title='bbox 1207 646 1473 700; x_wconf 71' lang='lat' dir='ltr'>relinquatur,</span> 
     </span>
     <span class='ocr_line' id='line_1_16' title="bbox 134 704 1473 755; baseline 0.001 -12"><span class='ocrx_word' id='word_1_86' title='bbox 134 705 281 744; x_wconf 87' lang='lat' dir='ltr'>tamdiu</span> <span class='ocrx_word' id='word_1_87' title='bbox 319 707 431 755; x_wconf 83' lang='lat' dir='ltr'>quasi</span> <span class='ocrx_word' id='word_1_88' title='bbox 469 704 731 743; x_wconf 83' lang='lat' dir='ltr'>tumultuatur</span> <span class='ocrx_word' id='word_1_89' title='bbox 769 704 1049 743; x_wconf 81' lang='lat' dir='ltr'>dissidentibus</span> <span class='ocrx_word' id='word_1_90' title='bbox 1087 704 1396 744; x_wconf 84' lang='lat' dir='ltr'>exhalationibus</span> <span class='ocrx_word' id='word_1_91' title='bbox 1434 711 1473 744; x_wconf 90' lang='lat' dir='ltr'>et</span> 
     </span>
     <span class='ocr_line' id='line_1_17' title="bbox 133 759 1472 816; baseline 0.001 -14"><span class='ocrx_word' id='word_1_92' title='bbox 133 769 268 802; x_wconf 90' lang='lat' dir='ltr'>nostro</span> <span class='ocrx_word' id='word_1_93' title='bbox 318 763 684 802; x_wconf 64' lang='lat' dir='ltr'>incom‘enicntibus</span> <span class='ocrx_word' id='word_1_94' title='bbox 736 764 869 801; x_wconf 87' lang='lat' dir='ltr'>sensui</span> <span class='ocrx_word' id='word_1_95' title='bbox 920 759 978 816; x_wconf 89' lang='lat' dir='ltr'>(id</span> <span class='ocrx_word' id='word_1_96' title='bbox 1029 765 1132 802; x_wconf 87' lang='lat' dir='ltr'>enim</span> <span class='ocrx_word' id='word_1_97' title='bbox 1182 769 1242 802; x_wconf 87' lang='lat' dir='ltr'>est</span> <span class='ocrx_word' id='word_1_98' title='bbox 1285 764 1388 814; x_wconf 87' lang='lat' dir='ltr'>quod</span> <span class='ocrx_word' id='word_1_99' title='bbox 1432 766 1472 803; x_wconf 92' lang='lat' dir='ltr'>in</span> 
     </span>
     <span class='ocr_line' id='line_1_18' title="bbox 132 819 1473 874; baseline 0 -13"><span class='ocrx_word' id='word_1_100' title='bbox 132 828 273 873; x_wconf 89' lang='lat' dir='ltr'>putore</span> <span class='ocrx_word' id='word_1_101' title='bbox 306 819 512 874; x_wconf 81' lang='lat' dir='ltr'>sentitur),</span> <span class='ocrx_word' id='word_1_102' title='bbox 555 822 678 860; x_wconf 87' lang='lat' dir='ltr'>donec</span> <span class='ocrx_word' id='word_1_103' title='bbox 719 822 853 860; x_wconf 91' lang='lat' dir='ltr'>mundi</span> <span class='ocrx_word' id='word_1_104' title='bbox 892 824 1096 861; x_wconf 85' lang='lat' dir='ltr'>conveniat</span> <span class='ocrx_word' id='word_1_105' title='bbox 1128 822 1330 860; x_wconf 88' lang='lat' dir='ltr'>elementis</span> <span class='ocrx_word' id='word_1_106' title='bbox 1363 828 1401 861; x_wconf 84' lang='lat' dir='ltr'>et</span> <span class='ocrx_word' id='word_1_107' title='bbox 1431 824 1473 861; x_wconf 91' lang='lat' dir='ltr'>in</span> 
     </span>
     <span class='ocr_line' id='line_1_19' title="bbox 133 880 1471 932; baseline 0.001 -14"><span class='ocrx_word' id='word_1_108' title='bbox 133 893 269 919; x_wconf 89' lang='lat' dir='ltr'>eorum</span> <span class='ocrx_word' id='word_1_109' title='bbox 317 892 452 932; x_wconf 83' lang='lat' dir='ltr'>pacem</span> <span class='ocrx_word' id='word_1_110' title='bbox 499 880 685 931; x_wconf 90' lang='lat' dir='ltr'>paulatim</span> <span class='ocrx_word' id='word_1_111' title='bbox 728 880 1068 931; x_wconf 82' lang='lat' dir='ltr'>particulatimque</span> <span class='ocrx_word' id='word_1_112' title='bbox 1113 880 1297 919; x_wconf 88' lang='lat' dir='ltr'>discedat.</span> <span class='ocrx_word' id='word_1_113' title='bbox 1358 880 1471 919; x_wconf 88' lang='lat' dir='ltr'>Nullo</span> 
     </span>
     <span class='ocr_line' id='line_1_20' title="bbox 132 939 1472 989; baseline 0.001 -12"><span class='ocrx_word' id='word_1_114' title='bbox 132 939 247 977; x_wconf 90' lang='lat' dir='ltr'>modo</span> <span class='ocrx_word' id='word_1_115' title='bbox 289 945 418 977; x_wconf 88' lang='lat' dir='ltr'>tamen</span> <span class='ocrx_word' id='word_1_116' title='bbox 459 939 548 977; x_wconf 88' lang='lat' dir='ltr'>inde</span> <span class='ocrx_word' id='word_1_117' title='bbox 589 939 733 989; x_wconf 89' lang='lat' dir='ltr'>aliquid</span> <span class='ocrx_word' id='word_1_118' title='bbox 771 939 922 989; x_wconf 79' lang='lat' dir='ltr'>legibus</span> <span class='ocrx_word' id='word_1_119' title='bbox 962 941 1103 977; x_wconf 90' lang='lat' dir='ltr'>summi</span> <span class='ocrx_word' id='word_1_120' title='bbox 1140 939 1243 977; x_wconf 87' lang='lat' dir='ltr'>illius</span> <span class='ocrx_word' id='word_1_121' title='bbox 1284 941 1472 978; x_wconf 88' lang='lat' dir='ltr'>creatoris</span> 
     </span>
     <span class='ocr_line' id='line_1_21' title="bbox 132 997 1471 1048; baseline 0.001 -13"><span class='ocrx_word' id='word_1_122' title='bbox 132 998 448 1048; x_wconf 76' lang='lat' dir='ltr'>ordinatorisque</span> <span class='ocrx_word' id='word_1_123' title='bbox 490 997 752 1048; x_wconf 82' lang='lat' dir='ltr'>subtrahitur,</span> <span class='ocrx_word' id='word_1_124' title='bbox 791 1010 809 1035; x_wconf 86' lang='lat' dir='ltr'>a</span> <span class='ocrx_word' id='word_1_125' title='bbox 843 1010 920 1048; x_wconf 89' lang='lat' dir='ltr'>quo</span> <span class='ocrx_word' id='word_1_126' title='bbox 952 1010 1025 1048; x_wconf 85' lang='lat' dir='ltr'>pax</span> <span class='ocrx_word' id='word_1_127' title='bbox 1057 999 1321 1036; x_wconf 86' lang='lat' dir='ltr'>universitatis</span> <span class='ocrx_word' id='word_1_128' title='bbox 1354 998 1471 1037; x_wconf 87' lang='lat' dir='ltr'>admi-</span> 
     </span>
     <span class='ocr_line' id='line_1_22' title="bbox 134 1056 1471 1107; baseline 0.001 -13"><span class='ocrx_word' id='word_1_129' title='bbox 134 1057 340 1107; x_wconf 79' lang='lat' dir='ltr'>nistratur3</span> <span class='ocrx_word' id='word_1_130' title='bbox 382 1057 489 1107; x_wconf 84' lang='lat' dir='ltr'>quia,</span> <span class='ocrx_word' id='word_1_131' title='bbox 531 1058 604 1094; x_wconf 86' lang='lat' dir='ltr'>etsi</span> <span class='ocrx_word' id='word_1_132' title='bbox 648 1056 695 1094; x_wconf 91' lang='lat' dir='ltr'>de</span> <span class='ocrx_word' id='word_1_133' title='bbox 734 1056 919 1094; x_wconf 80' lang='lat' dir='ltr'>cadavere</span> <span class='ocrx_word' id='word_1_134' title='bbox 960 1058 1116 1094; x_wconf 84' lang='lat' dir='ltr'>maioris</span> <span class='ocrx_word' id='word_1_135' title='bbox 1155 1058 1360 1095; x_wconf 86' lang='lat' dir='ltr'>animantis</span> <span class='ocrx_word' id='word_1_136' title='bbox 1392 1059 1471 1101; x_wconf 83' lang='lat' dir='ltr'>ani-</span> 
     </span>
     <span class='ocr_line' id='line_1_23' title="bbox 133 1114 1471 1168; baseline 0.001 -16"><span class='ocrx_word' id='word_1_137' title='bbox 133 1114 245 1166; x_wconf 82' lang='lat' dir='ltr'>malia</span> <span class='ocrx_word' id='word_1_138' title='bbox 287 1116 435 1160; x_wconf 88' lang='lat' dir='ltr'>minuta</span> <span class='ocrx_word' id='word_1_139' title='bbox 479 1119 710 1166; x_wconf 82' lang='lat' dir='ltr'>nascantur,</span> <span class='ocrx_word' id='word_1_140' title='bbox 754 1114 889 1153; x_wconf 88' lang='lat' dir='ltr'>eadem</span> <span class='ocrx_word' id='word_1_141' title='bbox 933 1114 1018 1164; x_wconf 76' lang='lat' dir='ltr'>lege</span> <span class='ocrx_word' id='word_1_142' title='bbox 1060 1116 1249 1168; x_wconf 89' lang='lat' dir='ltr'>creatoris</span> <span class='ocrx_word' id='word_1_143' title='bbox 1294 1116 1471 1166; x_wconf 83' lang='lat' dir='ltr'>quaeque</span> 
     </span>
     <span class='ocr_line' id='line_1_24' title="bbox 133 1172 1472 1225; baseline 0.001 -14"><span class='ocrx_word' id='word_1_144' title='bbox 133 1173 365 1224; x_wconf 88' lang='lat' dir='ltr'>corpuscula</span> <span class='ocrx_word' id='word_1_145' title='bbox 409 1174 448 1210; x_wconf 90' lang='lat' dir='ltr'>in</span> <span class='ocrx_word' id='word_1_146' title='bbox 493 1172 628 1211; x_wconf 87' lang='lat' dir='ltr'>salutis</span> <span class='ocrx_word' id='word_1_147' title='bbox 672 1185 765 1223; x_wconf 87' lang='lat' dir='ltr'>pace</span> <span class='ocrx_word' id='word_1_148' title='bbox 811 1174 892 1211; x_wconf 84' lang='lat' dir='ltr'>suis</span> <span class='ocrx_word' id='word_1_149' title='bbox 936 1173 1116 1212; x_wconf 89' lang='lat' dir='ltr'>animulis</span> <span class='ocrx_word' id='word_1_150' title='bbox 1157 1174 1354 1225; x_wconf 79' lang='lat' dir='ltr'>serviunt3</span> <span class='ocrx_word' id='word_1_151' title='bbox 1398 1175 1472 1213; x_wconf 89' lang='lat' dir='ltr'>etsi</span> 
     </span>
     <span class='ocr_line' id='line_1_25' title="bbox 134 1230 1472 1284; baseline 0.001 -15"><span class='ocrx_word' id='word_1_152' title='bbox 134 1237 380 1270; x_wconf 89' lang='lat' dir='ltr'>mortuorum</span> <span class='ocrx_word' id='word_1_153' title='bbox 407 1243 545 1269; x_wconf 87' lang='lat' dir='ltr'>carnes</span> <span class='ocrx_word' id='word_1_154' title='bbox 577 1230 623 1269; x_wconf 91' lang='lat' dir='ltr'>ab</span> <span class='ocrx_word' id='word_1_155' title='bbox 657 1231 741 1269; x_wconf 88' lang='lat' dir='ltr'>aliis</span> <span class='ocrx_word' id='word_1_156' title='bbox 773 1231 1002 1269; x_wconf 86' lang='lat' dir='ltr'>animalibus</span> <span class='ocrx_word' id='word_1_157' title='bbox 1035 1231 1284 1284; x_wconf 85' lang='lat' dir='ltr'>devorentur,</span> <span class='ocrx_word' id='word_1_158' title='bbox 1317 1232 1472 1270; x_wconf 86' lang='lat' dir='ltr'>easdem</span> 
     </span>
    </p>
   </div>
   <div class='ocr_carea' id='block_1_8' title="bbox 132 1285 1535 1341">
    <p class='ocr_par' dir='ltr' id='par_1_8' title="bbox 132 1285 1535 1341">
     <span class='ocr_line' id='line_1_26' title="bbox 132 1285 1535 1341; baseline 0.001 -13"><span class='ocrx_word' id='word_1_159' title='bbox 132 1290 238 1341; x_wconf 84' lang='lat' dir='ltr'>leges</span> <span class='ocrx_word' id='word_1_160' title='bbox 282 1302 352 1341; x_wconf 91' lang='lat' dir='ltr'>per</span> <span class='ocrx_word' id='word_1_161' title='bbox 396 1294 536 1328; x_wconf 89' lang='lat' dir='ltr'>cuncta</span> <span class='ocrx_word' id='word_1_162' title='bbox 582 1289 742 1328; x_wconf 80' lang='lat' dir='ltr'>diffusas</span> <span class='ocrx_word' id='word_1_163' title='bbox 789 1290 833 1328; x_wconf 86' lang='lat' dir='ltr'>ad</span> <span class='ocrx_word' id='word_1_164' title='bbox 882 1289 1045 1328; x_wconf 88' lang='lat' dir='ltr'>salutem</span> <span class='ocrx_word' id='word_1_165' title='bbox 1086 1291 1240 1340; x_wconf 85' lang='lat' dir='ltr'>generis</span> <span class='ocrx_word' id='word_1_166' title='bbox 1281 1285 1490 1341; x_wconf 67' lang='lat' dir='ltr'>cuiusque&#39;</span> <span class='ocrx_word' id='word_1_167' title='bbox 1529 1315 1535 1321; x_wconf 91' lang='lat'>-</span> 
     </span>
    </p>
   </div>
   <div class='ocr_carea' id='block_1_9' title="bbox 131 1348 1472 1517">
    <p class='ocr_par' dir='ltr' id='par_1_9' title="bbox 131 1348 1472 1517">
     <span class='ocr_line' id='line_1_27' title="bbox 133 1348 1472 1400; baseline 0.001 -14"><span class='ocrx_word' id='word_1_168' title='bbox 133 1348 356 1387; x_wconf 87' lang='lat' dir='ltr'>mortalium</span> <span class='ocrx_word' id='word_1_169' title='bbox 394 1360 567 1398; x_wconf 86' lang='lat' dir='ltr'>congrua</span> <span class='ocrx_word' id='word_1_170' title='bbox 605 1349 788 1398; x_wconf 83' lang='lat' dir='ltr'>congruis</span> <span class='ocrx_word' id='word_1_171' title='bbox 826 1348 1092 1400; x_wconf 80' lang='lat' dir='ltr'>pacificantes,</span> <span class='ocrx_word' id='word_1_172' title='bbox 1132 1360 1284 1399; x_wconf 88' lang='lat' dir='ltr'>quaqua</span> <span class='ocrx_word' id='word_1_173' title='bbox 1316 1361 1472 1388; x_wconf 88' lang='lat' dir='ltr'>versum</span> 
     </span>
     <span class='ocr_line' id='line_1_28' title="bbox 131 1406 1472 1458; baseline 0.001 -13"><span class='ocrx_word' id='word_1_174' title='bbox 131 1407 337 1446; x_wconf 84' lang='lat' dir='ltr'>trahantur</span> <span class='ocrx_word' id='word_1_175' title='bbox 382 1412 421 1445; x_wconf 90' lang='lat' dir='ltr'>et</span> <span class='ocrx_word' id='word_1_176' title='bbox 465 1406 584 1445; x_wconf 87' lang='lat' dir='ltr'>rebus</span> <span class='ocrx_word' id='word_1_177' title='bbox 629 1406 942 1457; x_wconf 88' lang='lat' dir='ltr'>quibuscumque</span> <span class='ocrx_word' id='word_1_178' title='bbox 986 1408 1198 1458; x_wconf 85' lang='lat' dir='ltr'>iungantur</span> <span class='ocrx_word' id='word_1_179' title='bbox 1242 1412 1282 1446; x_wconf 90' lang='lat' dir='ltr'>et</span> <span class='ocrx_word' id='word_1_180' title='bbox 1324 1408 1365 1446; x_wconf 94' lang='lat' dir='ltr'>in</span> <span class='ocrx_word' id='word_1_181' title='bbox 1407 1419 1472 1446; x_wconf 88' lang='lat' dir='ltr'>res</span> 
     </span>
     <span class='ocr_line' id='line_1_29' title="bbox 131 1465 1289 1517; baseline 0 -13"><span class='ocrx_word' id='word_1_182' title='bbox 131 1465 325 1517; x_wconf 87' lang='lat' dir='ltr'>quaslibet</span> <span class='ocrx_word' id='word_1_183' title='bbox 357 1470 637 1504; x_wconf 86' lang='lat' dir='ltr'>convertantur</span> <span class='ocrx_word' id='word_1_184' title='bbox 670 1470 708 1503; x_wconf 88' lang='lat' dir='ltr'>et</span> <span class='ocrx_word' id='word_1_185' title='bbox 740 1470 1043 1517; x_wconf 83' lang='lat' dir='ltr'>commutentur,</span> <span class='ocrx_word' id='word_1_186' title='bbox 1075 1466 1289 1505; x_wconf 88' lang='lat' dir='ltr'>inveniunt.</span> 
     </span>
    </p>
   </div>
   <div class='ocr_carea' id='block_1_10' title="bbox 649 1591 954 1634">
    <p class='ocr_par' dir='ltr' id='par_1_10' title="bbox 649 1591 954 1634">
     <span class='ocr_line' id='line_1_30' title="bbox 649 1591 954 1634; baseline -0.007 0"><span class='ocrx_word' id='word_1_187' title='bbox 649 1591 806 1634; x_wconf 77' lang='lat' dir='ltr'><strong>CAPUT</strong></span> <span class='ocrx_word' id='word_1_188' title='bbox 838 1591 954 1632; x_wconf 86' lang='lat' dir='ltr'>XIII.</span> 
     </span>
    </p>
   </div>
   <div class='ocr_carea' id='block_1_11' title="bbox 128 1676 1472 1889">
    <p class='ocr_par' dir='ltr' id='par_1_11' title="bbox 132 1676 1471 1725">
     <span class='ocr_line' id='line_1_31' title="bbox 132 1676 1471 1725; baseline 0.002 -11"><span class='ocrx_word' id='word_1_189' title='bbox 132 1677 192 1715; x_wconf 84' lang='lat' dir='ltr'>De</span> <span class='ocrx_word' id='word_1_190' title='bbox 225 1687 330 1724; x_wconf 81' lang='lat' dir='ltr'>pace</span> <span class='ocrx_word' id='word_1_191' title='bbox 367 1677 604 1724; x_wconf 69' lang='lat' dir='ltr'>universali,</span> <span class='ocrx_word' id='word_1_192' title='bbox 646 1688 750 1724; x_wconf 75' lang='lat' dir='ltr'>quae</span> <span class='ocrx_word' id='word_1_193' title='bbox 788 1678 892 1714; x_wconf 72' lang='lat' dir='ltr'>inter</span> <span class='ocrx_word' id='word_1_194' title='bbox 923 1676 1120 1723; x_wconf 65' lang='lat' dir='ltr'>quaslibet</span> <span class='ocrx_word' id='word_1_195' title='bbox 1145 1677 1471 1725; x_wconf 76' lang='lat' dir='ltr'>perturbationes</span> 
     </span>
    </p>

    <p class='ocr_par' dir='ltr' id='par_1_12' title="bbox 128 1735 1472 1783">
     <span class='ocr_line' id='line_1_32' title="bbox 128 1735 1472 1783; baseline 0.002 -10"><span class='ocrx_word' id='word_1_196' title='bbox 128 1736 290 1783; x_wconf 75' lang='lat' dir='ltr'>privari</span> <span class='ocrx_word' id='word_1_197' title='bbox 326 1746 403 1771; x_wconf 75' lang='lat' dir='ltr'>non</span> <span class='ocrx_word' id='word_1_198' title='bbox 438 1739 567 1782; x_wconf 77' lang='lat' dir='ltr'>potest</span> <span class='ocrx_word' id='word_1_199' title='bbox 604 1736 691 1783; x_wconf 70' lang='lat' dir='ltr'>[eye</span> <span class='ocrx_word' id='word_1_200' title='bbox 728 1739 919 1781; x_wconf 74' lang='lat' dir='ltr'>naturae,</span> <span class='ocrx_word' id='word_1_201' title='bbox 959 1736 1051 1772; x_wconf 77' lang='lat' dir='ltr'>dum</span> <span class='ocrx_word' id='word_1_202' title='bbox 1087 1735 1159 1773; x_wconf 80' lang='lat' dir='ltr'>sub</span> <span class='ocrx_word' id='word_1_203' title='bbox 1200 1737 1301 1773; x_wconf 75' lang='lat' dir='ltr'>iusto</span> <span class='ocrx_word' id='word_1_204' title='bbox 1339 1738 1472 1776; x_wconf 71' lang='lat' dir='ltr'>iudice</span> 
     </span>
    </p>

    <p class='ocr_par' dir='ltr' id='par_1_13' title="bbox 154 1789 1375 1889">
     <span class='ocr_line' id='line_1_33' title="bbox 154 1789 1375 1841; baseline 0.001 -10"><span class='ocrx_word' id='word_1_205' title='bbox 154 1789 157 1791; x_wconf 58' lang='grc'><strong><em>’</em></strong></span> <span class='ocrx_word' id='word_1_206' title='bbox 226 1794 282 1831; x_wconf 77' lang='lat' dir='ltr'>ad</span> <span class='ocrx_word' id='word_1_207' title='bbox 313 1794 355 1830; x_wconf 72' lang='lat' dir='ltr'>id</span> <span class='ocrx_word' id='word_1_208' title='bbox 385 1795 552 1840; x_wconf 77' lang='lat' dir='ltr'>quisque</span> <span class='ocrx_word' id='word_1_209' title='bbox 578 1795 764 1841; x_wconf 74' lang='lat' dir='ltr'>pervenit</span> <span class='ocrx_word' id='word_1_210' title='bbox 794 1794 1061 1841; x_wconf 55' lang='lat' dir='ltr'>ordenatione,</span> <span class='ocrx_word' id='word_1_211' title='bbox 1092 1795 1199 1840; x_wconf 80' lang='lat' dir='ltr'>quod</span> <span class='ocrx_word' id='word_1_212' title='bbox 1228 1796 1375 1832; x_wconf 74' lang='lat' dir='ltr'>meruit</span> 
     </span>
     <span class='ocr_line' id='line_1_34' title="bbox 697 1853 906 1889; baseline -0.005 0"><span class='ocrx_word' id='word_1_213' title='bbox 697 1853 906 1889; x_wconf 74' lang='lat' dir='ltr'>voluntale.</span> 
     </span>
    </p>
   </div>
   <div class='ocr_carea' id='block_1_12' title="bbox 250 1932 1469 1988">
    <p class='ocr_par' dir='ltr' id='par_1_14' title="bbox 250 1932 1469 1988">
     <span class='ocr_line' id='line_1_35' title="bbox 250 1932 1469 1988; baseline 0.002 -18"><span class='ocrx_word' id='word_1_214' title='bbox 250 1932 328 1970; x_wconf 85' lang='lat' dir='ltr'>Pax</span> <span class='ocrx_word' id='word_1_215' title='bbox 372 1933 502 1982; x_wconf 86' lang='lat' dir='ltr'>itaque</span> <span class='ocrx_word' id='word_1_216' title='bbox 547 1933 724 1982; x_wconf 90' lang='lat' dir='ltr'>corporis</span> <span class='ocrx_word' id='word_1_217' title='bbox 765 1937 825 1970; x_wconf 90' lang='lat' dir='ltr'>est</span> <span class='ocrx_word' id='word_1_218' title='bbox 866 1932 1040 1969; x_wconf 84' lang='lat' dir='ltr'>ordinata</span> <span class='ocrx_word' id='word_1_219' title='bbox 1083 1937 1345 1988; x_wconf 76' lang='lat' dir='ltr'>temperatura</span> <span class='ocrx_word' id='word_1_220' title='bbox 1385 1947 1469 1985; x_wconf 90' lang='lat' dir='ltr'>par-</span> 
     </span>
    </p>
   </div>
   <div class='ocr_carea' id='block_1_13' title="bbox 135 1989 1535 2043">
    <p class='ocr_par' dir='ltr' id='par_1_15' title="bbox 135 1989 1535 2043">
     <span class='ocr_line' id='line_1_36' title="bbox 135 1989 1535 2043; baseline 0.001 -14"><span class='ocrx_word' id='word_1_221' title='bbox 135 1993 249 2043; x_wconf 83' lang='lat' dir='ltr'>tium,</span> <span class='ocrx_word' id='word_1_222' title='bbox 288 1991 360 2042; x_wconf 81' lang='lat' dir='ltr'>pax</span> <span class='ocrx_word' id='word_1_223' title='bbox 398 1992 546 2038; x_wconf 76' lang='lat' dir='ltr'>animae</span> <span class='ocrx_word' id='word_1_224' title='bbox 586 1989 826 2028; x_wconf 87' lang='lat' dir='ltr'>inrationalis</span> <span class='ocrx_word' id='word_1_225' title='bbox 865 1989 1041 2028; x_wconf 83' lang='lat' dir='ltr'>ordinata</span> <span class='ocrx_word' id='word_1_226' title='bbox 1080 1993 1236 2040; x_wconf 83' lang='lat' dir='ltr'>requies</span> <span class='ocrx_word' id='word_1_227' title='bbox 1268 1994 1469 2043; x_wconf 81' lang='lat' dir='ltr'>appetitio·</span> <span class='ocrx_word' id='word_1_228' title='bbox 1529 1994 1535 2000; x_wconf 83' lang='lat'><em>&#39;</em></span> 
     </span>
    </p>
   </div>
   <div class='ocr_carea' id='block_1_14' title="bbox 135 2048 1469 2100">
    <p class='ocr_par' dir='ltr' id='par_1_16' title="bbox 135 2048 1469 2100">
     <span class='ocr_line' id='line_1_37' title="bbox 135 2048 1469 2100; baseline 0.001 -13"><span class='ocrx_word' id='word_1_229' title='bbox 135 2062 244 2100; x_wconf 85' lang='lat' dir='ltr'>num,</span> <span class='ocrx_word' id='word_1_230' title='bbox 284 2062 356 2100; x_wconf 86' lang='lat' dir='ltr'>pax</span> <span class='ocrx_word' id='word_1_231' title='bbox 396 2050 544 2087; x_wconf 88' lang='lat' dir='ltr'>animae</span> <span class='ocrx_word' id='word_1_232' title='bbox 587 2049 784 2086; x_wconf 82' lang='lat' dir='ltr'>rationalis</span> <span class='ocrx_word' id='word_1_233' title='bbox 817 2048 992 2086; x_wconf 86' lang='lat' dir='ltr'>ordinata</span> <span class='ocrx_word' id='word_1_234' title='bbox 1025 2050 1258 2099; x_wconf 80' lang='lat' dir='ltr'>cognitionis</span> <span class='ocrx_word' id='word_1_235' title='bbox 1291 2052 1469 2089; x_wconf 88' lang='lat' dir='ltr'>actionis-</span> 
     </span>
    </p>
   </div>
   <div class='ocr_carea' id='block_1_15' title="bbox 133 2196 1469 2289">
    <p class='ocr_par' dir='ltr' id='par_1_17' title="bbox 133 2196 1469 2289">
     <span class='ocr_line' id='line_1_38' title="bbox 133 2196 1469 2288; baseline 0.003 -47"><span class='ocrx_word' id='word_1_236' title='bbox 133 2254 167 2288; x_wconf 39' lang='grc' dir='ltr'>ἃ·</span> <span class='ocrx_word' id='word_1_237' title='bbox 221 2208 354 2288; x_wconf 61' lang='lat' dir='ltr'>t{131000</span> <span class='ocrx_word' id='word_1_238' title='bbox 387 2209 521 2253; x_wconf 78' lang='lat' dir='ltr'>pacato</span> <span class='ocrx_word' id='word_1_239' title='bbox 548 2220 565 2242; x_wconf 82' lang='grc' dir='ltr'><em>υ</em></span> <span class='ocrx_word' id='word_1_240' title='bbox 603 2209 615 2252; x_wconf 86' lang='grc' dir='ltr'>ΙΙ</span> <span class='ocrx_word' id='word_1_241' title='bbox 652 2212 671 2242; x_wconf 89' lang='grc'>9</span> <span class='ocrx_word' id='word_1_242' title='bbox 699 2208 879 2243; x_wconf 86' lang='lat' dir='ltr'>condendi</span> <span class='ocrx_word' id='word_1_243' title='bbox 910 2219 978 2242; x_wconf 77' lang='lat' dir='ltr'>mss</span> <span class='ocrx_word' id='word_1_244' title='bbox 1003 2209 1085 2249; x_wconf 77' lang='lat' dir='ltr'>(rol.</span> <span class='ocrx_word' id='word_1_245' title='bbox 1113 2208 1150 2251; x_wconf 90' lang='lat' dir='ltr'>I,</span> <span class='ocrx_word' id='word_1_246' title='bbox 1175 2196 1243 2252; x_wconf 68' lang='lat'>24,</span> <span class='ocrx_word' id='word_1_247' title='bbox 1269 2212 1351 2253; x_wconf 57' lang='lat' dir='ltr'>16ss</span> <span class='ocrx_word' id='word_1_248' title='bbox 1386 2220 1469 2245; x_wconf 83' lang='lat' dir='ltr'>eon-</span> 
     </span>
     <span class='ocr_line' id='line_1_39' title="bbox 159 2266 302 2289; baseline 0 -1"><span class='ocrx_word' id='word_1_249' title='bbox 159 2266 216 2289; x_wconf 88' lang='lat' dir='ltr'>1en</span> <span class='ocrx_word' id='word_1_250' title='bbox 247 2267 258 2288; x_wconf 85' lang='lat'>1</span> <span class='ocrx_word' id='word_1_251' title='bbox 283 2266 302 2288; x_wconf 81' lang='grc' dir='ltr'><strong><em>υ</em></strong></span> 
     </span>
    </p>
   </div>
   <div class='ocr_carea' id='block_1_16' title="bbox 1599 1124 1611 1431">
    <p class='ocr_par' dir='ltr' id='par_1_18' title="bbox 1599 1124 1611 1431">
     <span class='ocr_line' id='line_1_40' title="bbox 1599 1124 1611 1431; textangle 90"><span class='ocrx_word' id='word_1_252' title='bbox 1602 1191 1611 1431; x_wconf 31' lang='grc' dir='ltr'>Α-ι-Ᾰν’“-ι.-υιμςἺ</span> <span class='ocrx_word' id='word_1_253' title='bbox 1599 1151 1610 1171; x_wconf 58' lang='grc'>-9</span> <span class='ocrx_word' id='word_1_254' title='bbox 1605 1124 1611 1140; x_wconf 63' lang='grc' dir='ltr'>ι,</span> 
     </span>
    </p>
   </div>
  </div>
 </body>
</html>
