1548 2562
0 896 11 925 ,(

480 163 533 188 DE
552 163 741 189 CIVITATE
759 164 829 189 Dm
848 164 880 189 L.
900 164 1014 190 xvm.
1033 163 1062 190 c.
1081 165 1123 191 39.
1379 156 1464 197 315

134 252 216 290 suis
252 250 391 289 litteris
429 251 672 290 custoditam.
735 252 908 302 Denique
940 252 1092 303 Moyses
1124 254 1164 291 in
1195 253 1339 303 populo
1372 266 1463 292 con-

135 310 270 360 stituit,
303 303 368 359 qui
400 309 585 347 docendis
610 310 750 348 litteris
781 316 1020 361 praeessent,
1051 312 1279 361 priusquam
1312 310 1462 350 divinae

134 366 229 417 legis
261 366 356 405 ullas
388 367 536 405 litteras
569 373 740 406 nossent.
801 367 880 406 Hos
912 368 1078 419 appellat
1109 370 1302 420 scriptura
1341 384 1461 421 γραμ·

133 422 482 477 ματοεισαγωγούς,
528 427 593 475 qui
637 425 771 464 Latine
817 426 892 464 dici
934 433 1099 476 possunt
1142 427 1361 466 litterarum
1405 429 1461 466 in·

132 482 315 521 ductores
347 483 405 521 vel
436 483 743 535 introductores,
782 496 827 521 eo
861 484 963 534 quod
996 497 1059 523 eas
1091 486 1295 537 inducant,
1332 485 1369 524 id
1403 492 1463 524 est

132 540 392 593 introducant,
423 541 589 591 quodam
615 542 729 580 modo
756 543 795 604 ip
821 542 937 579 corda
970 542 1203 581 discentium
1235 543 1294 581 vel
1325 545 1364 581 in
1397 556 1462 582 eas

105 599 260 649 vpotius
297 600 403 650 ipsos
441 611 538 650 quos
576 599 728 638 docent.
790 599 900 637 Nulla
939 602 1058 651 igitur
1089 613 1184 651 gens
1217 601 1263 640 de
1296 603 1461 652 antiqui-

132 661 209 695 tate
236 669 327 696 suae
354 659 564 708 sapientiae
586 669 704 708 super
729 658 969 708 patriarchas
996 664 1033 697 et
1057 659 1267 709 prophetas
1295 666 1462 712 nostrOS,

133 714 274 764 quihus
306 715 432 754 divina
464 717 590 754 inerat
627 717 832 767 sapientia,
872 716 946 754 ulia
980 728 1020 755 se
1052 719 1219 756 vanitate
1251 719 1462 770 iactaverit,

132 773 285 822 quando
318 785 388 812 nec
415 774 611 824 Aegyptus
642 775 850 825 invenitur,
882 786 979 824 quae
1012 774 1110 813 solet
1142 775 1236 813 falso
1270 781 1308 814 et
1339 777 1460 814 inani·

62 831 73 848 ²
131 836 192 869 ter
222 830 269 869 de
302 843 460 870 suarum
492 831 757 870 doctrinarum
789 834 1016 882 antiquitate
1048 832 1216 883 gloriari,
1250 834 1461 884 qualicum-

132 900 206 939 que
233 891 419 940 sapientia
446 902 514 928 sua
546 890 855 941 patriarcharum
888 896 1111 929 nostrorum
1145 897 1319 942 tempore
1351 904 1462 943 prae-

132 948 283 985 venisse
324 940 550 998 sapientiam
566 968 581 996 ς
624 948 757 999 Neque
795 950 898 986 enim
937 950 1142 999 quisquam
1175 950 1305 988 dicere
1346 951 1461 989 aude-

132 1004 189 1043 bit
243 1005 475 1044 mirabilium
537 977 830 1057 disciplinarum
892 1018 958 1044 eos
989 1008 1274 1057 'peritissimos
1330 1008 1463 1060 fuisse,

131 1068 337 1113 antequam
375 1064 522 1102 litteras
561 1070 740 1116 nossent,
777 1063 815 1102 id
854 1069 931 1116 est,
968 1070 1176 1115 antequam
1208 1065 1280 1104 Isis
1323 1078 1367 1104 eo
1400 1078 1461 1104 ve-

132 1122 254 1160 nisset
290 1133 432 1172 easque
470 1121 522 1160 ibi
561 1122 768 1160 docuisset.
829 1121 914 1173 Ipsa
953 1134 1071 1174 porro
1105 1136 1241 1162 eorum
1273 1136 1462 1163 memora-

131 1178 218 1217 bilis
250 1179 443 1231 doctrina,
476 1192 573 1230 quae
607 1180 793 1231 appellata
825 1186 885 1219 est
916 1182 1116 1233 sapientia,
1149 1181 1240 1231 quid
1273 1188 1356 1221 erat
1388 1184 1463 1221 nisi

131 1238 295 1276 maxime
333 1239 566 1277 astronomia
604 1245 642 1277 et
681 1240 712 1276 si
745 1238 835 1289 quid
869 1238 971 1277 aliud
1003 1239 1137 1277 talium
1170 1240 1463 1291 disciplinarum

132 1297 252 1345 magis
292 1295 337 1334 ad
376 1296 589 1334 exercenda
628 1298 779 1347 ingenia
818 1309 932 1347 quam
971 1297 1015 1335 ad
1055 1297 1340 1336 inluminandas
1372 1311 1461 1337 vera

116 1355 318 1404 ¹sapientia
368 1359 518 1398 mentes
567 1354 665 1393 solet
714 1352 878 1415 valere}
930 1354 1025 1392 Nam
1076 1356 1178 1405 quod
1224 1356 1370 1395 adtinet
1415 1352 1461 1395 ad

131 1411 424 1464 philosophiam,
456 1424 553 1463 quae
580 1425 621 1451 se
648 1412 788 1451 docere
815 1413 1021 1463 profitetur
1047 1413 1204 1464 aliquid,
1236 1414 1338 1452 unde
1372 1416 1464 1453 fiant

131 1469 308 1508 homines
334 1469 448 1522 beati,
479 1472 581 1509 circa
607 1476 781 1521 tempora
807 1471 1001 1522 Mercurii,
1028 1484 1144 1522 quem
1165 1472 1463 1523 Trismegistum

131 1534 383 1580 vocaverunt,
426 1530 464 1566 in
505 1529 580 1567 illis
624 1531 740 1568 terris
786 1530 870 1567 eius
909 1529 1013 1567 modi
1054 1529 1181 1568 studia
1225 1530 1464 1583 claruerunt,

131 1585 243 1636 longe
276 1586 432 1636 quidem
458 1593 546 1625 ante
580 1588 773 1637 sapientes
804 1586 863 1625 vel
894 1587 1145 1638 philosophos
1166 1588 1362 1641 Graeciae,
1395 1589 1462 1627 sed

131 1649 259 1682 tamen
291 1650 380 1695 post
404 1644 594 1683 Abraham
627 1651 665 1683 et
691 1644 796 1683 Isaac
827 1650 866 1682 et
885 1644 998 1682 Iacob
1031 1651 1070 1683 et
1094 1645 1245 1698 Ioseph,
1278 1647 1460 1685 nimirum

131 1703 247 1740 etiarn
297 1708 385 1752 post
433 1704 560 1753 ipsum
604 1703 774 1753 Moysen.
826 1702 891 1744 ,Eo
942 1704 1085 1754 quippe
1136 1708 1336 1756 tempore,
1374 1717 1462 1755 ‘quo

132 1758 283 1810 Moyses
308 1765 421 1798 natus
448 1767 517 1812 est,
543 1761 662 1799 fuisse
690 1762 886 1811 reperitur
905 1760 1037 1799 Atlans
1063 1761 1126 1799 ille
1152 1774 1315 1812 magnus
1341 1768 1463 1801 astro-

132 1817 255 1869 loguS,
286 1817 507 1857 Promethei
540 1819 677 1870 frater,
717 1823 914 1857 maternus
953 1831 1045 1857 avus
1077 1819 1261 1858 Mercurii
1294 1822 1464 1873 maioris,

133 1877 244 1914 cuius
276 1887 396 1926 nepos
429 1877 502 1915 fuit
532 1876 810 1927 Trismegistus
842 1878 914 1915 iste
947 1876 1176 1916 Mercurius.

227 2037 243 2067 1
281 2044 364 2077 pop.
399 2033 466 2067 Dei
502 2045 521 2068 v
558 2035 569 2077 ΙΙ
606 2038 626 2068 3
665 2034 1045 2080 grammatoisagogus
1075 2035 1131 2077 Β,-
1169 2046 1255 2080 -gas
1288 2038 1345 2078 A,·
1377 2049 1464 2082 gos

133 2078 189 2121 F‚·
213 2084 618 2126 γραμματοειςαγωγεῑς
642 2090 662 2114 υ

1490 784 1532 816 10

1491 1074 1533 1105 15

1490 1365 1533 1395 20

1489 1656 1532 1686 25
