1548 2562
409 128 461 153 DE
481 128 669 154 CIVITATE
688 129 758 153 Dm
777 128 810 152 L.
829 128 926 153 xvn.
946 127 975 153 o.
995 129 1019 154 5.
1292 116 1376 157 213

49 219 146 255 duos
174 219 278 263 filios
310 222 396 255 tuos
426 219 513 268 hos,
551 218 682 266 Ophm'
711 222 749 255 ec
781 218 970 255 Phinees:
1000 228 1082 254 unct
1114 217 1178 254 die
1208 217 1378 254 more'en-

49 281 115 312 {aar
160 276 282 313 ambo.
354 275 405 313 Et
444 276 644 313 suscitabo
683 276 781 313 milo·
814 277 1061 313 sacerdotem
1093 275 1267 320 fidelem,
1311 275 1381 321 qui

49 336 191 380 omnia,
224 345 327 380 quae
354 336 393 371 in
420 335 543 372 corde
567 344 651 372 meo
683 339 722 371 et
745 345 848 381 quae
875 336 913 371 ln
940 335 1074 371 anima
1099 343 1198 380 mea,
1226 331 1379 380 faciam

49 396 87 430 et
111 392 334 437 oedificabo
360 393 399 430 ei
423 393 577 429 domum
592 393 762 439 fidelem,
789 396 827 430 et
851 392 1040 429 transibit
1064 402 1200 429 coram
1226 391 1379 428 Christo

48 461 132 488 meo
171 451 351 488 omnibus
389 450 536 488 diebus.
599 449 652 487 Et
682 451 775 496 erit,
813 452 883 497 qul
912 451 1165 498 superaverit
1195 450 1235 487 in
1268 450 1380 487 domo
1407 456 1426 485 5

50 512 136 556 tua,
175 510 303 546 veniet
341 509 518 546 adorare
549 509 588 546 εἰ
628 509 738 546 obolo
777 511 939 555 amenti
975 510 1130 546 dicens:
1175 507 1290 546 Iacto
1322 517 1382 544 me

51 568 91 604 in
122 577 243 604 unam
270 571 428 615 partem
459 567 680 604 sacerdotii
708 568 769 604 tui
797 567 1046 604 manducare
1072 576 1229 614 ponem.

168 623 253 662 Non
287 630 345 662 est
376 631 419 662 ut
451 624 602 662 dicatur
633 625 706 662 ista
738 623 951 675 prophetia,
984 623 1050 661 uhi
1082 623 1288 661 sacerdotii
1320 635 1381 661 ve-

52 684 147 720 teris
174 688 278 720 tanta
304 682 614 720 manifestatione
647 683 915 732 praenuntiata
948 683 1108 719 mutatio
1141 688 1212 732 est,
1244 683 1283 719 in
1316 681 1381 719 Sa-

50 740 179 778 muele
223 741 342 778 fuisse
385 740 586 791 completa.
647 738 910 793 (Quamquam
942 741 1045 778 enim
1079 752 1155 777 uon
1189 745 1293 777 esset
1334 739 1380 777 de
1410 748 1452 777 10

53 798 123 836 alia
158 798 261 837 tribu
289 798 455 850 Samuel,
488 810 602 849 quam
635 810 731 848 quae
765 800 973 836 constituta
1005 798 1133 836 fuerat
1163 810 1183 835 a
1210 797 1383 850 Domino,

51 862 95 895 ut
126 858 290 895 serviret
329 857 457 908 altari,
497 862 626 895 tamen
664 869 741 895 non
774 862 856 894 erat
887 856 933 894 de
967 856 1055 894 filiis
1088 857 1232 908 Aaron,
1272 857 1384 894 cuius

51 916 259 965 progenies
286 916 412 953 fuerat
438 915 631 965 deputata,
664 915 765 957 unde
798 915 936 952 fierent
969 914 1207 965 sacerdotes;
1240 926 1282 953 ac
1314 926 1384 965 per

53 973 125 1010 hoc
152 974 191 1010 in
219 985 261 1010 ea
289 985 443 1023 quoque
471 985 511 1011 re
544 978 651 1023 gesta
683 973 816 1011 eadem
848 974 1010 1010 mutatio
1043 984 1141 1022 quae
1174 984 1244 1023 per
1276 972 1383 1010 Chri-

52 1037 155 1069 stum
187 1030 315 1069 Iesum
349 1031 478 1069 sutura
511 1032 648 1083 fuerat,
680 1030 905 1069 adumbrata
937 1036 1007 1082 est,
1039 1036 1078 1068 et
1109 1030 1155 1068 ad
1187 1036 1297 1069 vetus
1329 1036 1382 1068 te·
1412 1039 1452 1068 15

53 1094 287 1127 stamentum
330 1090 509 1140 proprie,
554 1090 716 1140 figurate
760 1101 851 1127 vero
892 1088 1113 1139 pertinebat
1153 1088 1199 1126 ad
1240 1100 1382 1127 novum

52 1147 254 1198 prophetia
288 1148 377 1186 facti
410 1149 524 1185 etiam
556 1148 650 1199 ipsa,
683 1159 759 1185 non
792 1146 919 1198 verbi,
950 1146 988 1184 id
1022 1147 1170 1185 scilicet
1202 1147 1302 1185 sacto
1335 1148 1382 1184 si-

52 1206 257 1256 gnificans,
290 1205 392 1255 quod
424 1205 542 1243 verbo
575 1205 621 1243 ad
654 1205 739 1243 Heli
771 1205 1013 1243 sacerdotem
1045 1205 1192 1243 dictum
1224 1211 1283 1243 est
1314 1217 1384 1256 per

51 1260 313 1316 prophetam.)
384 1262 480 1301 Nam
517 1264 678 1302 fuerunt
713 1270 847 1314 postea
885 1263 1106 1301 sacerdotes
1151 1275 1197 1301 ex
1241 1275 1382 1314 genere

51 1322 199 1373 Aaron,
244 1323 344 1360 sicut
378 1321 500 1359 Sadoc
541 1327 579 1359 et
609 1321 812 1373 Abiathar,
850 1327 1037 1372 regnante
1070 1320 1207 1372 David,
1246 1327 1284 1359 et
1322 1321 1383 1359 alii
1411 1331 1454 1360 20

52 1379 255 1431 deinceps,
299 1385 505 1429 antequam
550 1385 703 1430 tempus
748 1381 918 1431 veniret,
957 1391 1032 1430 quo
1070 1381 1161 1431 ista,
1199 1391 1296 1429 quae
1336 1379 1382 1417 de

52 1437 269 1476 sacerdotio
311 1437 495 1476 mutando
535 1443 641 1476 tanto
680 1443 767 1476 ante
806 1437 1003 1488 praedicta
1035 1443 1142 1485 sunt,
1182 1438 1283 1476 effici
1314 1450 1384 1488 per

53 1495 251 1534 Christum
290 1495 503 1546 oportebat.
566 1495 661 1541 Quis
699 1502 827 1534 autem
866 1508 969 1534 nunc
1001 1496 1105 1534 fideli
1145 1496 1257 1534 oculo
1289 1495 1384 1534 haec

52 1555 208 1592 intuens
241 1566 318 1591 non
357 1554 482 1592 videat
521 1566 606 1592 esse
639 1552 856 1605 completa?
918 1554 1079 1599 Quando
1113 1554 1267 1604 quidem
1302 1554 1384 1592 nul-

53 1611 133 1649 lum
160 1611 466 1663 tabernaculum,
492 1612 641 1650 nullum
666 1612 866 1663 templum,
898 1612 1047 1650 nullum
1074 1611 1203 1659 altare,
1236 1612 1384 1649 nullum
1412 1620 1454 1650 25

54 1670 287 1708 sacrificium
326 1675 365 1708 et
401 1670 487 1707 ideo
526 1682 597 1708 nec
637 1670 738 1708 ullus
779 1670 961 1708 sacerdos
1000 1671 1185 1708 remansit
1222 1669 1385 1721 Iudaeis,

54 1727 219 1779 quibus,
262 1733 305 1765 ut
343 1727 390 1765 de
429 1729 576 1766 semine
608 1728 734 1766 Aaron
773 1728 1037 1779 ordinaretur,
1080 1729 1119 1765 iu
1152 1727 1220 1765 Dei
1259 1729 1386 1766 suerat

53 1785 136 1836 lege
164 1786 396 1824 mandatum.
459 1785 570 1830 Quod
603 1792 641 1824 et
672 1786 733 1824 hic
766 1792 1110 1824 commemoratum
1143 1792 1202 1824 est
1233 1786 1297 1823 illo
1330 1785 1384 1824 di-

53 1850 164 1882 cente
208 1843 413 1894 propheta:
452 1844 564 1882 Haec
597 1846 696 1883 dicz't
726 1845 917 1883 Dominus
949 1845 1056 1882 Deus
1089 1844 1236 1882 Israel:
1269 1845 1385 1882 Diaei:

54 1903 200 1940 Domus
245 1907 314 1940 (ua
359 1907 397 1940 et
439 1904 575 1940 domus
612 1905 744 1951 pcclre's
787 1905 846 1940 tui
883 1904 1112 1940 {nommant
1148 1914 1284 1940 coram
1326 1914 1386 1941 me
1411 1910 1455 1940 30

53 1972 178 2007 usque
204 1963 243 1998 in
270 1965 487 1998 aeternum.
539 1961 590 1998 Et
614 1973 721 1999 mmo
748 1963 846 1999 dicit
872 1961 1082 1999 Dominus:
1115 1961 1385 2009 Nequaquam,

148 2062 181 2103 7)
209 2064 237 2095 1.
267 2061 361 2095 Sam.
389 2065 420 2104 2,
447 2064 489 2095 27
517 2072 593 2104 sqq.
645 2062 702 2104 20)
729 2064 760 2095 2.
789 2060 883 2094 Sam.
914 2064 967 2103 15,
994 2064 1048 2095 24.

148 2192 190 2222 10
222 2199 295 2222 non
327 2188 439 2233 esset]
474 2188 521 2222 sit
553 2188 587 2221 A
622 2189 699 2231 (om.
726 2189 812 2230 non)
850 2190 861 2232 ΙΙ
900 2192 939 2222 11
970 2187 1093 2232 quam]
1119 2198 1192 2222 non
1219 2187 1262 2222 de
1287 2188 1386 2222 tribu

52 2233 127 2268 leui
158 2235 192 2268 A
229 2235 242 2279 ΙΙ
280 2239 320 2268 12
353 2236 479 2269 tamen
509 2245 582 2268 non
615 2234 708 2279 erat]
743 2235 780 2269 et
810 2234 892 2269 ideo
924 2245 991 2268 nee
1023 2235 1057 2268 A
1083 2235 1159 2276 (sed
1184 2235 1227 2277 ef.
1254 2235 1320 2269 vol.
1348 2235 1385 2277 I,

50 2283 88 2323 2,
116 2284 176 2324 11)
194 2282 206 2325 [Ι
228 2284 268 2315 13
296 2292 337 2315 ac
362 2291 427 2324 per
451 2281 536 2326 hoc]
563 2281 688 2314 tamen
713 2283 842 2324 A112o
869 2281 1012 2315 Sadoch
1038 2292 1057 2315 v
