1548 2562
511 481 754 544 LIBER
801 493 940 536 XIV.

616 667 771 710 CAPUT
801 667 834 710 Ι.

105 754 184 792 Per
217 754 547 792 inoboedientiam
574 755 700 802 primi
728 754 896 792 hominis
927 765 1058 792 omnes
1089 757 1129 793 in
1159 757 1360 794 secundae

164 814 300 850 mortis
327 814 632 860 perpetuitatem
663 814 842 850 ruituros
869 811 1011 860 fuisse,
1044 815 1123 851 nisi
1152 816 1290 852 multos

199 868 204 873 ’
491 871 568 908 Dei
593 872 732 917 §ralla
763 871 964 910 liberaret.

183 951 356 990 Diximus
392 953 467 989 iam
509 951 776 1002 superioribus
808 952 916 990 libris
949 952 993 990 ad
1026 952 1236 991 humanum
1268 965 1391 1003 genus

66 1022 144 1048 non
181 1010 305 1048 solum
342 1016 501 1048 naturae
541 1010 790 1048 similitudine
829 1010 1071 1062 sociandum,
1112 1023 1244 1049 verum
1277 1013 1392 1050 etiam

67 1069 230 1119 quadam
268 1070 507 1119 cognationis
547 1063 834 1108 necessitudine
866 1070 905 1107 in
938 1070 1125 1107 unitatem
1157 1070 1390 1108 concordem

66 1129 171 1178 pacis
209 1127 360 1165 vinculo
399 1127 670 1177 conligandam
702 1139 748 1165 ex
779 1127 933 1165 homine
961 1139 1038 1165 uno
1070 1127 1191 1166 Deum
1224 1128 1389 1167 voluisse

67 1186 242 1224 homines
281 1187 507 1236 instituere,
547 1197 673 1235 neque
711 1185 784 1223 hoc
828 1198 949 1235 genus
994 1186 1114 1224 fuisse
1153 1187 1192 1224 in
1230 1187 1390 1237 singulis

67 1243 286 1294 quibusque
313 1245 557 1295 moriturum,
589 1245 662 1281 nisi
689 1243 764 1281 duo
790 1245 916 1295 primi,
949 1256 1115 1294 quorum
1148 1251 1301 1283 creatus
1333 1252 1392 1283 est

66 1315 168 1340 unus
201 1314 247 1340 ex
272 1302 390 1354 nullo,
421 1301 540 1340 altera
572 1314 617 1339 ex
649 1301 725 1353 illo,
757 1302 794 1340 id
826 1302 1111 1340 inoboedientia
1143 1305 1390 1355 meruissent,

67 1373 87 1399 a
119 1360 259 1411 quibus
285 1360 496 1398 admissum
521 1365 580 1398 est
610 1365 687 1398 tam
719 1360 862 1410 grande
894 1366 1108 1412 peccatum,
1140 1367 1183 1399 ut
1214 1363 1253 1400 in
1285 1362 1389 1400 dete-

67 1420 148 1457 rius
175 1431 219 1456 eo
246 1424 382 1457 natura
414 1424 630 1457 mutaretur
662 1418 839 1470 humana,
871 1420 985 1457 etiarn
1015 1420 1055 1457 in
1087 1425 1265 1469 posteros
1297 1420 1389 1458 obli-

67 1478 218 1528 gatione
256 1478 405 1527 peccati
442 1483 479 1515 et
516 1478 652 1514 mortis
691 1478 920 1515 necessitate
960 1479 1194 1516 transmissa.
1255 1478 1391 1517 Mortis

68 1540 196 1574 autem
227 1547 390 1586 regnum
415 1536 455 1573 in
486 1535 661 1573 homines
694 1547 816 1586 usque
849 1535 943 1573 adeo
976 1536 1213 1574 dominatum
1246 1543 1316 1589 est,
1348 1542 1392 1576 ut

67 1605 200 1632 omnes
243 1595 283 1632 in
326 1593 534 1631 secundam
579 1606 733 1643 quoque
776 1599 962 1643 mortem,
1007 1595 1117 1632 cuius
1161 1595 1289 1633 nullus
1333 1601 1392 1633 est

68 1653 172 1702 finis,
208 1664 331 1702 poena
369 1652 495 1690 debita
527 1653 760 1702 praecipites
791 1657 938 1703 ageret,
977 1653 1048 1690 nisi
1082 1652 1170 1690 inde
1204 1653 1390 1703 quosdam

67 1710 237 1748 indebita
262 1709 331 1747 Dei
362 1711 483 1760 gratia
514 1709 708 1748 liberaret.
768 1710 822 1747 Ac
853 1721 923 1760 per
954 1709 1203 1757 hoctactum
1235 1716 1305 1763 est,
1336 1718 1390 1763 ut,

69 1781 157 1807 cum
197 1773 255 1806 tot
297 1773 503 1818 tantaeque
542 1773 677 1818 gentes
714 1779 784 1818 per
824 1774 1016 1806 terrarum
1053 1768 1187 1806 orbem
1228 1769 1390 1808 diversis

67 1826 206 1865 ritibus
232 1826 483 1876 moribusque
508 1827 680 1864 viventes
712 1826 913 1877 multiplici
944 1826 1162 1876 linguarum
1194 1839 1391 1866 armorum

68 1886 232 1923 vestium
258 1886 335 1922 sint
360 1886 541 1922 varietate
568 1885 785 1936 distinctae,
816 1896 892 1922 non
920 1890 1047 1923 tamen
1080 1885 1243 1936 amplius
1275 1898 1390 1937 quam

67 1943 143 1981 duo
182 1943 367 1994 quaedam
405 1954 544 1993 genera
584 1942 772 1981 humanae
804 1944 998 1981 societatis
1031 1945 1262 1996 existerent,
1295 1957 1389 1995 quas

68 2003 240 2040 civitates
278 2001 373 2039 duas
410 2001 625 2040 secundum
662 2003 874 2052 scripturas
906 2007 1058 2040 nostras
1090 2003 1229 2041 merito
1262 2003 1387 2054 appel-

67 2059 146 2098 lare
177 2071 392 2110 possemus.
452 2059 535 2097 Una
567 2061 708 2110 quippe
742 2065 800 2113 est
830 2059 1029 2098 hominum
1061 2061 1276 2099 secundum
1307 2073 1387 2100 car-

161 2199 179 2229 7
206 2206 322 2240 super.
356 2195 423 2228 VA
447 2195 529 2237 (vol.
556 2195 592 2237 I,
617 2198 798 2237 233‚·23;
823 2199 902 2237 511,
928 2198 1014 2239 25‘);
1044 2195 1083 2229 in
1108 2207 1224 2240 super.
1250 2208 1270 2231 v
1301 2198 1312 2241 ΙΙ
1342 2201 1386 2231 24

67 2242 245 2285 quaedam
270 2252 334 2276 om.
361 2242 488 2286 Α1126
514 2253 702 2286 possemus
733 2242 873 2284 VAFe3
904 2253 1095 2287 possumus
1121 2244 1185 2285 ab‚·
1210 2244 1387 2288 possimus

66 2299 85 2322 υ
104 2290 116 2333 {1
134 2300 244 2323 unam
269 2288 308 2322 F
323 2290 335 2333 ΙΙ
354 2290 408 2323 est
432 2299 496 2324 om.
524 2288 563 2322 F

1064 2348 1106 2381 1*

1415 821 1435 852 5

1418 1138 1433 1167 1

1419 1429 1455 1458 1?

1417 1721 1435 1750 2

1415 2012 1434 2042 πθ

1439 2012 1458 2042 0¹

1439 1138 1460 1168 0

1441 1439 1460 1459 O

1439 1721 1460 1751 Ο
