1548 2562
385 154 437 178 DE
458 153 646 179 CIVITATE
666 154 735 179 DEI
753 154 785 178 L.
805 153 870 179 xv.
889 153 918 179 c.
939 154 980 179 21.
1266 143 1348 184 105

17 241 171 280 Domini
202 239 300 280 Dei‘?
348 241 430 280 Hoc
468 248 527 280 est
565 243 706 292 quippe
746 243 785 280 in
817 241 890 280 hoc
923 242 1066 280 mundo
1098 244 1348 292 peregrinan-

18 300 68 338 tis
100 301 266 337 civitatis
298 299 367 338 Dei
408 305 534 338 totum
567 305 681 350 atque
714 312 909 338 summum
940 301 979 338 in
1011 300 1082 338 hac
1116 300 1348 339 mortalitate

18 359 242 409 negotium,
283 357 385 408 quod
423 370 494 408 per
535 370 654 396 unum
693 352 909 410 hominem,
954 370 1068 408 quem
1108 370 1198 397 sane
1231 360 1350 397 occisi

19 417 257 454 resurreetio
302 417 455 467 genuit,
498 416 848 455 commendandum
891 417 974 455 suit.
1041 415 1164 455 Homo
1206 417 1348 467 quippe

18 473 81 511 ille
126 486 228 512 unus
271 476 392 512 totius
436 486 628 525 supernae
670 476 838 513 civitatis
881 480 941 513 est
984 476 1134 526 unitas,
1178 475 1350 513 nondum

18 531 175 582 quidem
201 532 389 583 conpleta,
422 532 489 570 sed
517 533 728 582 praemissa
754 534 827 570 ista
858 533 1084 583 prophetica
1115 534 1349 584 praefigura-

17 591 122 628 tione
155 590 381 641 conplenda.
443 589 563 628 Filius
597 602 688 640 ergo
722 589 837 637 Cain,
870 590 942 628 hoc
975 597 1034 629 est
1065 591 1166 629 filius
1197 603 1349 642 posses-

18 649 157 700 sionis,
201 644 334 701 (cuius
371 649 447 686 nisi
488 644 716 700 terrenae‘?)
759 647 898 687 habeat
939 661 1080 687 nomen
1118 651 1158 687 in
1197 651 1349 688 civitate

17 711 190 757 terrena,
229 708 318 757 quia
354 707 394 744 in
439 707 523 744 eius
567 708 722 744 nomine
768 707 920 745 condita
965 712 1035 745 est.
1096 706 1149 745 De
1191 707 1251 745 his
1292 712 1352 746 est

17 765 138 816 enim,
170 765 217 803 de
250 764 393 815 quibus
426 769 603 803 cantatur
635 766 674 802 in
707 764 871 815 psalmo:
912 766 1161 803 Invocabunt
1190 768 1350 804 nome'na

17 834 154 861 eorum
181 825 220 861 in
247 825 368 861 terris
394 825 592 872 ipsormm
623 828 783 873 propter
810 822 912 873 quod
940 825 1117 873 sequitur
1149 836 1215 861 eos
1247 824 1350 874 quod

16 882 56 918 in
100 880 172 919 alio
217 881 363 932 psalmo
408 883 597 932 scriptum
643 887 720 919 est:
771 882 955 932 Domine,
999 884 1038 919 in
1083 884 1243 920 ciuitate
1281 888 1350 921 tua

17 941 229 987 imaqz'nem
262 951 398 978 eorum
426 941 483 978 ad
505 940 671 978 nihilum
703 941 872 987 redisses.
935 938 1054 977 Filius
1088 945 1215 978 autem
1244 940 1351 991 Seth,

17 997 91 1035 hoc
117 1003 178 1036 est
204 997 306 1036 filius
333 999 650 1049 resurrectionis,
677 1003 808 1048 speret
828 999 1008 1035 invocare
1030 1010 1171 1035 nomen
1198 997 1351 1036 Domini

17 1055 103 1107 Dei3
148 1067 231 1094 eam
276 1057 418 1106 quippe
465 1057 688 1094 societatem
733 1055 934 1094 hominum
976 1057 1212 1106 praefigurat
1253 1069 1349 1107 quae

16 1113 128 1153 dicit:
161 1115 245 1162 qu
272 1119 403 1153 autem
428 1116 534 1153 sicut
564 1117 667 1153 oliva
694 1113 917 1162 fructifera
950 1116 990 1152 in
1023 1116 1134 1153 domo
1161 1115 1238 1153 Dei
1266 1127 1351 1164 spe-

17 1175 110 1211 ravi
139 1175 180 1211 in
212 1174 493 1212 misericordae
525 1174 623 1217 θεὴ·
664 1184 779 1210 vanas
812 1178 938 1210 auten]
972 1172 1112 1223 glorias
1145 1174 1281 1211 famosi
1312 1175 1351 1211 in

17 1236 122 1269 terra
160 1232 327 1269 nominis
365 1243 443 1269 non
481 1232 672 1282 requirat3
717 1232 854 1269 beatus
894 1236 954 1269 est
986 1232 1088 1269 enim
1120 1234 1200 1283 vir,
1238 1234 1352 1270 cuius

18 1294 76 1328 est
99 1301 239 1328 nomen
266 1290 427 1328 Domini
449 1301 537 1339 spes
569 1292 664 1336 elus,
698 1294 735 1327 et
765 1300 844 1328 mm
876 1292 1054 1338 respexit
1085 1292 1124 1328 ῖη
1157 1292 1352 1329 vanitates

17 1351 56 1386 et
96 1350 276 1386 insanias
313 1349 536 1386 mendaces.
598 1347 814 1397 Propositis
846 1349 975 1397 itaque
1009 1347 1158 1385 duabus
1191 1349 1349 1386 civitati-

17 1405 103 1457 bus,
135 1418 210 1444 una
243 1407 282 1444 in
315 1418 357 1443 re
390 1406 505 1444 huius
539 1405 695 1456 saeculi,
728 1405 845 1443 altera
878 1407 917 1443 in
949 1418 1016 1456 spe
1044 1405 1125 1458 Dei,
1156 1411 1351 1456 tamquam

19 1475 65 1502 ex
98 1465 306 1515 communi,
339 1476 437 1515 quae
471 1470 603 1514 aperta
637 1469 696 1502 est
727 1465 765 1502 in
798 1463 930 1515 Adam,
962 1465 1074 1502 ianua
1106 1464 1352 1503 mortalitatis

19 1523 205 1574 egressis,
237 1527 280 1561 ut
305 1529 539 1573 procurrant
566 1528 605 1560 et
631 1527 840 1560 excurrant
871 1521 917 1559 ad
950 1522 1140 1560 discretos
1173 1524 1352 1573 proprios

18 1592 62 1618 ao
89 1580 241 1618 debitos
267 1581 376 1632 fines,
408 1582 544 1631 incipit
575 1581 833 1618 dinumeratio
868 1586 1104 1631 temporum,
1135 1582 1174 1618 in
1208 1593 1281 1630 qua
1314 1586 1353 1619 et

18 1638 112 1677 aliae
139 1640 410 1689 generationes
431 1639 664 1689 adiciuntur,
690 1638 788 1676 facta
814 1638 1133 1688 recapitulatione
1155 1651 1201 1676 ex
1221 1639 1352 1691 Adam,

19 1709 64 1735 ex
92 1698 203 1735 cuius
230 1698 379 1747 origine
400 1697 588 1747 damnata,
615 1696 732 1734 veluti
759 1707 882 1734 massa
909 1708 984 1734 una
1010 1697 1170 1734 meritae
1198 1697 1351 1735 damna-

19 1756 116 1793 tioni
157 1755 318 1806 tradita,
362 1755 453 1793 facit
494 1754 597 1793 Deus
639 1754 710 1792 alia
751 1755 789 1792 in
830 1754 1103 1792 contumeliam
1140 1766 1228 1792 vasa
1260 1756 1352 1807 irae,

19 1812 90 1851 alia
133 1813 173 1851 in
217 1813 405 1851 honorem
450 1825 538 1851 vasa
575 1812 884 1864 misericordiae,
929 1812 1003 1850 illis
1042 1812 1210 1851 reddens
1248 1813 1351 1863 quod

19 1870 185 1910 debetur
216 1872 256 1909 in
288 1883 424 1922 poena,
456 1872 541 1909 istis
574 1871 722 1909 donans
754 1870 857 1921 quod
890 1882 968 1908 non
1001 1870 1165 1909 debetur
1197 1872 1235 1909 in
1268 1883 1351 1921 gra-

19 1930 87 1980 tia3
125 1934 169 1967 ut
207 1941 251 1967 ex
292 1931 375 1980 ipsa
407 1931 522 1968 etiam
555 1930 828 1980 conparatione
861 1940 1040 1967 vasorum
1071 1930 1150 1966 irae
1184 1941 1352 1980 superna

20 1988 154 2025 civitas
186 1987 327 2039 discat,
366 1999 463 2038 quae
496 1989 769 2039 peregrinatur
801 1989 839 2025 in
872 1987 1008 2038 terris,
1048 1998 1125 2024 non
1158 1987 1277 2026 fidere
1309 1987 1350 2026 li-

116 2089 172 2131 11)
199 2087 256 2122 Ps.
284 2090 345 2131 48,
375 2092 427 2123 12.
481 2090 537 2131 13)
564 2087 620 2123 Ps.
651 2091 711 2128 72,
737 2091 792 2122 20.
847 2088 903 2130 17)
929 2087 986 2122 ΡΞ.
1015 2090 1077 2130 51,
1106 2090 1158 2122 10.
1209 2090 1267 2130 20)
1293 2087 1350 2124 Ps.

19 2137 75 2177 39,
102 2137 132 2168 5.
183 2135 241 2178 28)
267 2134 369 2169 Rom.
397 2139 429 2177 9,
456 2138 499 2169 22
527 2145 578 2178 sq.

115 2264 135 2295 9
162 2261 248 2304 quia
280 2261 404 2301 VRA;
431 2261 493 2305 qui
518 2261 574 2302 F‚·
600 2273 694 2305 quae
719 2273 738 2295 v
757 2264 770 2306 ΙΙ
791 2266 831 2296 13
859 2273 984 2296 eorum
1011 2260 1098 2302 VR‚·
1123 2261 1270 2296 illorum
1296 2262 1350 2302 A,-

19 2307 184 2351 ipsorum
209 2307 267 2342 Fv
287 2309 299 2351 ΙΙ
317 2308 410 2342 nihil
435 2308 512 2342 AF
528 2309 540 2352 Η
562 2310 603 2342 18
630 2308 727 2342 enim
754 2312 832 2351 (om.
861 2310 929 2351 est)
955 2319 975 2342 v
995 2310 1006 2351 ΙΙ
1025 2312 1067 2342 27
1095 2308 1184 2342 fecit
1206 2318 1226 2341 υ

1378 773 1421 802 10

1379 1063 1420 1094 15

1378 1355 1422 1385 20

1379 1644 1421 1677 25

1379 1937 1422 1969 30
