1611 2465
112 684 153 713 10

112 975 152 1005 15

110 1268 153 1299 20

111 1560 154 1591 25

77 1827 156 1882 ⁶30

182 51 262 91 168
712 61 738 87 s.
759 61 975 87 AUGUs'mNI

180 150 362 195 Quamvis
399 151 501 188 enim
534 156 572 188 et
605 150 819 188 naturalem
852 152 1134 200 procreationis
1167 164 1377 190 excursum
1409 152 1513 191 Dens

179 214 382 259 operetur:
427 208 492 247 ubi
526 215 653 246 tamen
687 208 844 246 evidens
877 220 975 258 opus
1008 208 1076 247 Dei
1109 216 1168 248 est
1199 212 1328 248 vitiata
1362 217 1399 249 et
1433 223 1512 249 ces—

180 274 287 305 sante
315 272 464 318 natura,
491 267 543 304 ibi
570 266 787 305 evidentius
813 267 1053 317 intellegitur
1078 270 1210 318 gratia.
1252 268 1300 307 Et
1326 271 1415 320 quia
1440 269 1513 308 hoc

180 338 256 364 non
296 338 365 376 per
404 326 713 376 generationem,
759 324 826 364 sed
865 337 936 376 per
968 329 1304 376 regenerationem
1337 328 1513 366 futurum

180 390 273 435 erat,
306 384 391 421 ideo
426 396 529 421 nunc
559 385 746 434 imperata
773 389 832 421 est
858 385 1114 432 circumcisiO,
1149 386 1302 435 quando
1329 386 1375 424 de
1399 386 1513 424 Sarra

181 444 398 493 promissus
437 447 496 479 est
534 441 646 480 lilius.
721 441 770 480 Et
808 442 909 492 quod
950 455 1085 481 omnes
1123 455 1198 481 non
1240 443 1364 482 solum
1404 445 1514 497 filios,

180 512 314 538 verum
355 501 470 537 etiam
513 511 646 538 servos
684 500 913 539 vernaculos
958 506 996 539 et
1039 504 1241 552 empticios
1287 503 1514 541 circumcidi

180 559 304 609 iubet,
350 558 396 595 ad
439 570 574 596 omnes
606 560 718 597 istam
750 560 912 609 gratiam
945 561 1143 609 pertinere
1175 566 1350 599 testatur.
1414 560 1514 606 Quid

181 619 282 655 enim
316 616 418 654 aliud
452 618 697 655 circumcisio
732 618 923 667 significat
955 629 1068 668 quam
1102 624 1277 657 naturam
1312 624 1425 657 exuta
1452 631 1514 657 ve-

179 681 323 714 tustate
350 673 604 713 renovatam?
653 675 701 714 Et
734 676 826 726 quid
859 675 962 714 aliud
995 688 1110 726 quam
1132 676 1329 715 Christum
1357 686 1515 716 octavus

180 734 273 785 dies,
307 736 373 783 qui
399 733 640 771 hebdomade
669 734 869 785 completa,
901 734 975 772 hoc
1003 740 1061 772 est
1093 740 1182 785 post
1208 735 1422 787 sabbatum,
1454 748 1514 773 re·

180 789 379 831 surrexit?
429 791 641 830 Parentum
674 798 873 830 mutantur
907 798 945 831 et
970 794 1144 830 nomina:
1177 795 1303 831 omnia
1330 800 1516 832 resonant

180 852 408 902 novitatem,
455 856 492 889 et
533 852 572 888 in
614 856 847 889 testamento
888 856 1020 889 vetere
1063 850 1320 890 obumbratur
1360 863 1514 890 novum.

181 909 280 955 Quid
321 914 380 947 est
419 910 522 947 enim
555 909 658 959 quod
691 909 834 947 dicitur
866 915 1143 948 testamentum
1175 915 1286 949 vetus
1319 912 1395 949 nisi
1427 912 1514 949 novi

179 965 419 1006 occultatio?
480 967 529 1006 Et
568 967 659 1018 quid
700 974 759 1005 est
797 967 899 1006 aliud
938 967 1040 1017 quod
1079 968 1222 1007 dicitur
1260 981 1403 1007 novum
1441 970 1516 1007 nisi

180 1028 322 1064 veteris
356 1024 568 1064 revelatio?
617 1026 733 1064 Risus
755 1026 929 1064 Abrahae
963 1026 1148 1064 exultatio
1182 1033 1241 1065 est
1273 1026 1516 1078 gratulantis,

179 1097 258 1123 non
296 1085 431 1122 inrisio
471 1084 693 1122 diffidentis.
755 1084 879 1122 Verba
919 1096 1073 1135 quoque
1107 1086 1190 1123 eius
1222 1084 1284 1123 illa
1316 1087 1354 1123 in
1388 1087 1515 1123 animo

180 1155 268 1181 suo:
313 1143 359 1181 Sz·
387 1143 486 1180 mileo·
515 1148 672 1181 centum
704 1154 830 1181 annos
861 1144 1024 1181 habenti
1053 1148 1245 1182 nascetur
1273 1145 1382 1190 filius
1414 1149 1452 1182 et
1481 1146 1519 1182 si

181 1202 313 1239 Sarra
355 1212 553 1239 manorum
590 1203 812 1249 nomcqe‘nta
846 1204 1000 1250 pamel,
1046 1212 1123 1239 non
1162 1207 1253 1240 sunt
1291 1201 1516 1251 dubitantis,

180 1259 248 1297 sed
287 1259 523 1297 admirantis.
587 1258 628 1296 Si
666 1271 782 1309 quem
820 1271 911 1297 vero
950 1265 1077 1297 movet
1116 1260 1218 1309 quod
1259 1260 1407 1298 dictum
1440 1266 1516 1298 est:

180 1319 232 1356 Et
263 1319 366 1356 dabo
399 1318 472 1355 tibi
502 1322 540 1355 et
570 1319 712 1355 semini
742 1322 807 1356 tuo
835 1322 925 1366 post
956 1322 993 1356 te
1019 1322 1181 1365 terram,
1216 1320 1255 1356 in
1282 1330 1363 1366 qua
1389 1323 1429 1356 tu
1457 1320 1514 1356 in-

180 1379 269 1416 cola
302 1388 358 1421 es,
391 1386 542 1414 omnem
575 1380 726 1413 terram
765 1376 958 1414 Chcmacm
991 1378 1032 1413 in
1059 1378 1345 1425 possessionem
1386 1382 1515 1415 aeter·

180 1446 283 1482 nam,
318 1446 394 1482 quo
428 1433 540 1471 modo
574 1434 786 1484 accipiatur
818 1433 1019 1484 impletum
1040 1434 1120 1471 sive
1141 1434 1265 1472 adhuc
1286 1440 1516 1485 expectetur

180 1492 438 1543 implendum,
484 1504 571 1529 cum
610 1493 806 1542 possessio
847 1503 1115 1542 quaecumque
1161 1497 1317 1530 terrena
1358 1498 1516 1531 aeterna

183 1550 342 1589 cuilibet
380 1551 487 1600 genti
525 1561 610 1588 esse
649 1562 726 1588 non
764 1551 907 1601 possit:
949 1551 1045 1588 sciat
1083 1556 1285 1589 aeternum
1318 1563 1338 1588 a
1370 1552 1516 1590 nostris

181 1610 451 1660 interpretari,
485 1608 588 1658 quod
622 1607 759 1647 Graeci
791 1607 986 1659 appellant
1017 1605 1213 1660 αἰώνιον,
1246 1609 1349 1659 quod
1381 1621 1401 1647 a
1434 1621 1514 1648 sae-

182 1668 269 1706 culo
303 1667 518 1705 derivatum
552 1672 626 1718 est3
672 1663 781 1705 αἰών
819 1668 961 1717 quippe
995 1666 1141 1705 Graece
1179 1667 1378 1706 saeculum
1417 1679 1514 1706 nun-

183 1730 358 1776 cupatur.
422 1724 497 1762 Sed
531 1736 608 1762 non
641 1730 732 1763 sunt
763 1726 846 1763 ausi
879 1724 1005 1763 Latini
1036 1725 1110 1763 hoc
1142 1724 1273 1763 dicere
1306 1725 1516 1777 saeculare,

182 1797 230 1822 ne
269 1784 382 1834 longe
420 1784 459 1820 in
499 1782 602 1820 aliud
641 1784 843 1821 mitterent
879 1794 1048 1821 sensum.
1113 1782 1332 1821 Saecularia
1372 1785 1515 1834 quippe

183 1842 368 1880 dicuntur
399 1840 531 1892 multa,
564 1852 661 1890 quae
694 1842 733 1878 in
764 1840 838 1878 hoc
865 1840 1019 1881 saeculo
1046 1842 1101 1878 sic
1128 1846 1307 1892 aguntur,
1339 1846 1382 1879 ut
1407 1840 1516 1879 brevi

183 1902 299 1938 etiam
339 1906 514 1949 tempore
554 1903 772 1950 transeant3
815 1893 999 1937 αἰώνιον
1040 1904 1169 1937 autem
1213 1899 1316 1948 quod
1361 1899 1516 1951 dicitur,

183 1964 247 1996 aut
281 1969 357 1995 non
390 1956 507 1995 hahet
538 1957 655 1995 finem
687 1962 753 1995 aut
784 1968 908 2007 usque
947 1957 986 1994 in
1018 1956 1134 1995 huius
1167 1956 1311 1995 saeculi
1343 1957 1517 1996 tenditur

183 2016 310 2054 finem.
577 2011 583 2017 '

182 2224 224 2254 22
255 2177 296 2226 ,5
317 2173 515 2252 ίωρθξξαῦε,
542 2172 574 2207 V
590 2174 602 2217 ΙΙ
623 2177 663 2207 11
686 2172 918 2208 hebdomada
936 2183 956 2207 υ
975 2173 988 2217 ΙΙ
1009 2175 1051 2207 18
1071 2171 1166 2206 filius
1194 2172 1302 2214 VRv‚·
1327 2183 1392 2207 om.
1413 2172 1490 2206 AF
1505 2172 1518 2217 Η

252 2232 289 2253 ln
316 2231 379 2254 om.
