1548 2562
358 131 410 155 DE
431 129 618 155 CIVITATE
638 130 708 154 DEI
727 130 760 154 L.
778 130 893 154 xvm.
915 129 944 154 c.
965 129 1007 154 50.
1024 129 1065 154 51.
1298 117 1383 157 335

55 223 184 258 autem
223 230 301 257 non
332 222 499 267 possunt
535 220 731 257 occidere.
794 218 868 262 Qui
900 222 943 256 ut
974 216 1103 267 frigidi
1134 217 1272 254 timore
1307 226 1384 252 non

54 282 202 328 essent,
239 278 327 327 igne
367 277 538 314 caritatis
579 276 774 314 ardebant.
837 275 1011 325 Denique
1044 286 1121 312 non
1154 273 1277 311 solum
1311 283 1381 323 per

53 337 170 386 ipsos,
203 336 268 385 qui
300 346 388 373 eum
421 340 460 372 et
491 339 579 372 ante
611 336 831 385 passionem
863 340 902 372 et
932 338 1021 384 post
1051 332 1383 371 resurrectionem

54 393 229 431 viderant
272 399 310 431 et
349 392 571 444 audierant,
615 404 750 430 verum
788 394 903 430 etiam
940 397 1028 442 post
1065 390 1214 429 obitum
1247 400 1384 427 eorum

52 463 123 502 per
170 456 349 501 posteros
399 462 534 488 eorum
583 452 686 489 inter
735 450 950 488 horrendas
1000 450 1294 500 persecutiones
1347 451 1386 485 et

53 510 178 547 varios
205 510 400 547 cruciatus
427 521 469 546 ac
502 509 639 546 funera
670 514 883 560 martyrum
915 508 1179 558 praedicatum
1212 511 1272 544 est
1303 510 1385 543 toto

54 566 147 606 orbe
188 567 449 618 evangelium,
493 572 735 605 contestante
774 566 854 604 Deo
896 567 1016 616 signis
1064 571 1102 603 et
1143 565 1307 603 ostentis
1348 567 1387 601 et

53 627 168 663 variis
209 625 418 664 virtutibus
456 631 494 663 et
527 624 695 676 Spiritus
734 626 857 663 sancti
889 624 1138 674 muneribus3
1178 628 1222 661 ut
1252 621 1386 673 populi

53 685 226 734 gentium
265 684 470 722 credentes
507 684 547 721 in
585 695 692 734 eum,
730 684 795 733 qui
833 694 903 734 pro
945 694 1082 720 eorum
1114 681 1383 732 redemptione

54 743 263 780 crucifixus
301 747 375 794 est,
414 741 633 780 Christiano
673 753 802 779 amore
841 746 1123 779 venerarentur
1157 741 1386 788 sanguinem

54 805 278 851 martyrum,
310 812 426 850 quem
458 799 646 837 diabolico
678 800 811 838 furore
845 800 1042 851 fuderunt,
1074 800 1226 849 ipsique
1262 809 1387 847 regeS,

54 870 220 908 quorum
259 858 408 908 legibus
446 858 667 896 vastabatur
705 858 888 909 ecclesia,
930 859 965 895 ei
998 858 1144 895 nomini
1177 855 1388 895 salubriter

54 916 327 968 subderentur,
359 915 461 966 quod
489 916 535 954 de
562 922 667 954 terra
698 916 908 954 crudeliter
935 916 1088 954 auferre
1122 917 1251 952 conati
1284 918 1387 964 sunt,

54 980 94 1013 et
126 974 240 1012 falsos
272 974 365 1012 deos
396 976 615 1024 inciperent
639 976 837 1025 persequi,
868 986 1036 1024 quorum
1069 984 1184 1011 causa
1216 972 1388 1010 cultores

54 1032 123 1071 Dei
154 1034 236 1071 veri
267 1033 420 1070 fuerant
452 1038 562 1070 antea
593 1034 802 1083 persecuti.

595 1179 746 1222 CAPUT
779 1180 846 1222 LI.

61 1268 176 1313 Quod
201 1268 319 1305 etiam
339 1277 416 1315 per
441 1267 737 1304 haereticorum
770 1267 1031 1304 dissensiones
1059 1267 1161 1311 fides
1189 1265 1389 1302 catholica

612 1325 836 1362 roboretur.

171 1405 314 1443 Videns
351 1410 480 1443 autem
519 1404 693 1443 diabolus
730 1405 873 1456 templa
911 1405 1144 1443 daemonum
1184 1403 1312 1441 deseri
1351 1408 1390 1441 et

55 1466 95 1502 in
134 1475 274 1502 nomen
314 1462 514 1501 liberantis
546 1462 769 1501 Mediatoris
807 1475 968 1501 currere
1010 1474 1132 1513 genus
1164 1462 1389 1513 humanum,

55 1522 272 1560 haereticos
309 1522 446 1572 movit,
484 1522 551 1571 qui
588 1521 660 1559 sub
699 1521 885 1559 vocabulo
924 1521 1145 1559 Christiano
1189 1520 1389 1558 doctrinae

56 1582 286 1618 resisterent
327 1579 591 1630 Christianae,
638 1581 747 1629 quasi
791 1585 952 1629 possent
992 1579 1261 1617 indifferenter
1306 1579 1389 1615 sine

56 1638 133 1677 ulla
165 1639 411 1688 correptione
444 1637 578 1675 haberi
610 1639 649 1675 in
683 1639 835 1675 civitate
868 1637 954 1689 Dei,
993 1639 1095 1675 sicut
1126 1638 1260 1674 civitas
1299 1647 1388 1673 con-

56 1697 221 1734 fusionis
258 1696 527 1734 indifferenter
564 1695 699 1734 habuit
735 1695 986 1746 philosophos
1024 1697 1126 1733 inter
1165 1706 1205 1732 se
1239 1694 1390 1732 diversa

57 1760 95 1793 et
127 1754 286 1793 adversa
318 1755 543 1791 sentientes.
605 1753 680 1799 Qui
719 1766 811 1804 ergo
843 1755 883 1791 in
916 1754 1079 1792 ecclesia
1111 1752 1256 1791 Christi
1288 1764 1388 1789 inor-

55 1812 190 1851 bidum
232 1812 374 1862 aliquid
412 1823 651 1862 pravumque
690 1814 862 1863 sapiunt,
900 1813 931 1850 si
964 1813 1147 1863 correpti,
1178 1816 1222 1849 ut
1253 1822 1389 1848 sanum

57 1877 285 1920 rectumque
313 1871 475 1920 sapiant,
507 1871 695 1908 resistunt
722 1872 1004 1909 contumaciter
1032 1882 1177 1919 suaque
1204 1869 1390 1919 pestifera

58 1934 96 1967 et
122 1929 321 1966 mortifera
347 1928 525 1978 dogmata
551 1928 758 1966 emendare
785 1928 935 1980 nolunt,
967 1929 1034 1967 sed
1066 1928 1269 1966 defensare
1301 1938 1388 1977 per-
1406 1951 1411 1953 --

58 1988 223 2038 sistunt,
266 1986 454 2024 haeretici
502 1986 609 2030 fiunt.
649 1992 688 2024 et
736 1987 838 2024 foras
883 1992 1070 2025 exeuntes
1115 1985 1306 2023 habentur
1350 1986 1389 2023 in

58 2043 331 2083 exercentibus
357 2045 536 2082 inimicis.
585 2043 723 2083 'Etiam
755 2046 810 2083 sic
843 2047 985 2096 quippe
1018 2046 1119 2083 veris
1152 2043 1226 2081 illis
1258 2043 1386 2081 catho-

152 2148 186 2188 1)
212 2145 275 2179 Mt.
303 2148 357 2187 10,
384 2147 438 2179 28.

151 2288 171 2318 2
196 2295 262 2329 per
285 2284 384 2328 ipsos
408 2294 482 2318 non
507 2283 623 2319 solum
648 2295 668 2319 v

1412 461 1431 489 0ยน

1414 751 1457 782 10

1417 1043 1458 1072 15

1416 1471 1459 1502 20

1417 1762 1459 1793 25

1415 2054 1459 2084 30
