1548 2562
423 121 474 145 DE
495 119 683 145 CIVITATE
702 121 772 145 DEr
791 120 824 145 L.
843 121 925 145 XIX.
946 120 976 146 c.
998 122 1039 145 12.
1312 111 1397 152 375

66 210 220 248 feritate
252 206 476 255 blanditur?
538 208 632 253 Quis
676 209 832 261 milvus,
874 209 1156 259 quantumlibet
1201 209 1397 248 solitarius

66 269 212 319 rapinis
249 267 518 318 circumvolet,
556 279 633 305 non
675 269 898 318 coniugium
931 268 1101 318 copulat,
1140 267 1275 306 nidum
1307 280 1396 306 con-

66 328 184 377 gerit,
221 337 290 364 ova
328 326 525 377 confovet,
562 325 688 376 pullos
727 325 794 364 alit
833 331 871 364 et
912 328 1022 376 quasi
1054 338 1143 364 cum
1175 338 1243 364 sua
1274 333 1396 365 matre

67 384 228 423 familias
266 385 492 422 societatem
528 383 779 422 domesticam
818 391 960 434 quanta
1000 390 1130 435 potest
1170 397 1263 435 pace
1306 397 1396 423 con-

66 440 221 481 servat?
270 442 421 487 Quanto
448 444 568 492 magis
594 442 709 480 homo
736 443 861 480 fertur
893 443 1060 493 quodam
1092 443 1205 480 modo
1237 448 1397 482 naturae

66 513 157 540 suae
212 500 362 551 legibus
411 500 457 538 ad
507 500 716 539 ineundam
774 502 998 539 societatem
1046 514 1259 552 pacemque
1309 514 1399 540 cum

65 559 310 611 hominibus,
354 565 541 610 quantum
585 560 624 596 in
668 560 752 609 ipso
797 565 873 611 est,
916 559 1096 598 omnibus
1137 559 1397 612 obtinendam,

66 631 155 657 cum
192 620 308 656 etiam
345 617 433 655 mali
470 629 541 668 pro
580 629 740 656 suorum
777 629 871 668 pace
909 617 1139 668 belligerent
1171 630 1399 670 omnesque,

67 678 98 715 si
136 678 304 727 possint,
345 688 436 714 suos
474 676 601 714 facere
643 675 781 727 velint,
821 682 863 714 ut
905 677 972 714 uni
1010 678 1141 715 cuncti
1178 682 1217 715 et
1258 683 1399 715 cuncta

65 735 301 786 deserviant3
335 746 410 784 quo
436 739 562 786 pacto,
594 736 668 772 nisi
700 736 738 772 in
771 735 854 772 eius
886 747 1022 785 pacem
1053 735 1112 772 vel
1144 735 1306 773 amando
1338 735 1397 773 vel

65 792 236 832 timendo
279 790 550 831 consentiant?
612 792 675 830 Sic
708 794 812 830 enim
844 793 1025 843 superbia
1057 805 1240 844 perverse
1273 795 1396 832 imita-

64 858 129 890 tur
173 851 306 889 Deum.
370 850 460 889 Odit
504 863 669 901 namque
715 863 803 889 cum
848 853 963 889 sociis
1011 851 1280 902 aequalitatem
1326 851 1398 890 sub

64 910 141 962 illo,
173 910 240 947 sed
267 911 453 961 inponere
480 909 561 947 vult
593 911 707 947 sociis
740 909 1043 947 dominationem
1077 922 1187 947 suam
1219 922 1290 960 pro
1322 910 1397 948 illo.

65 968 156 1007 Odit
182 980 273 1018 ergo
299 970 440 1006 iustam
466 979 600 1018 pacem
627 966 695 1005 Dei
722 973 760 1005 et
786 974 886 1005 amat
912 969 1083 1018 iniquam
1110 980 1245 1018 pacem
1278 981 1398 1007 suam.

64 1027 147 1065 Non
174 1039 302 1064 amare
328 1032 455 1064 tamen
477 1025 797 1076 qualemcumque
823 1037 958 1076 pacem
985 1025 1090 1063 nullo
1117 1026 1231 1064 modo
1257 1032 1397 1077 potest.

63 1085 215 1124 Nullius
248 1086 390 1135 quippe
423 1086 557 1122 vitium
590 1085 640 1122 ita
673 1090 809 1122 contra
841 1090 1019 1122 naturam
1051 1090 1129 1135 cst,
1161 1090 1204 1122 ut
1238 1090 1397 1123 naturae

64 1144 189 1182 deleat
220 1145 335 1181 etiam
368 1148 539 1181 extrema
572 1144 744 1192 vestigia.

180 1202 314 1252 Itaque
346 1213 481 1252 pacem
511 1202 734 1250 iniquorum
767 1202 805 1238 in
823 1203 937 1251 ,pacis
964 1203 1252 1251 comparatione
1278 1203 1398 1240 iusto-

64 1273 151 1299 rum
182 1260 244 1298 ille
277 1259 380 1298 videt
411 1271 482 1297 nec
513 1271 648 1309 pacem
680 1271 766 1296 esse
799 1259 1020 1311 dicendam,
1053 1261 1118 1309 qui
1151 1261 1256 1298 novit
1289 1272 1397 1311 prae-

42 1326 209 1370 'ponere
247 1323 353 1356 recta
396 1319 523 1368 pravis
562 1322 601 1355 et
638 1317 813 1355 ordinata
854 1320 1060 1368 perversis.
1123 1318 1234 1363 Quod
1268 1324 1396 1356 autem

64 1389 291 1428 perversum
323 1381 399 1427 est,
438 1377 553 1414 etiam
586 1376 658 1414 hoc
692 1388 851 1414 necesse
885 1381 944 1414 est
977 1382 1019 1414 ut
1050 1378 1087 1414 in
1121 1376 1248 1426 aliqua
1281 1382 1319 1414 et
1352 1389 1396 1414 ex

64 1436 190 1486 aliqua
222 1440 260 1473 et
292 1447 381 1473 cum
413 1434 538 1485 aliqua
571 1446 703 1472 rerum
735 1440 843 1484 parte
877 1440 1055 1485 pacatum
1089 1436 1149 1485 sit,
1182 1436 1221 1472 in
1255 1434 1398 1484 quibus

64 1500 124 1532 est
164 1494 222 1531 vel
263 1506 310 1532 ex
347 1492 488 1543 quibus
526 1498 694 1543 constat3
733 1493 903 1542 alioquin
945 1493 1041 1530 nihil
1082 1498 1186 1531 esset
1227 1495 1397 1531 omuino.

64 1551 176 1590 Velut
208 1553 240 1590 si
271 1553 474 1602 quisquam
508 1552 631 1601 capite
664 1550 847 1588 deorsum
880 1551 1065 1601 pendeat,
1098 1563 1306 1601 perversus
1339 1557 1399 1589 est

64 1612 198 1660 utique
232 1611 329 1648 situs
362 1611 537 1660 corporis
569 1615 607 1646 et
639 1608 733 1646 ordo
768 1608 1049 1660 membrorum,
1082 1611 1171 1659 quia
1204 1609 1260 1660 id,
1293 1610 1397 1659 quod

64 1668 234 1719 desuper
260 1680 345 1706 esse
372 1673 508 1705 natura
535 1666 716 1717 postulat,
748 1666 883 1705 subter
910 1673 979 1718 est,
1012 1672 1050 1704 et
1077 1667 1179 1717 quod
1211 1667 1274 1705 illa
1306 1667 1396 1715 sub-

64 1733 125 1764 ter
155 1726 237 1764 vult
268 1738 372 1777 esse,
403 1725 571 1776 desuper
604 1726 747 1763 factum
780 1731 855 1776 est3
896 1725 1141 1764 conturbavit
1173 1727 1300 1763 carnis
1333 1738 1396 1776 pa-

63 1797 149 1823 cem
189 1786 262 1822 ista
302 1785 537 1834 perversitas
576 1789 615 1821 et
651 1782 737 1821 ideo
776 1783 936 1822 molesta
976 1789 1052 1822 est:
1094 1796 1228 1822 verum
1267 1789 1396 1822 tamen

64 1844 190 1881 anima
227 1844 383 1893 corpori
421 1854 491 1879 suo
531 1847 663 1892 pacata
704 1847 763 1880 est
802 1847 841 1879 et
872 1854 942 1892 pro
976 1843 1059 1880 eius
1092 1842 1215 1880 salute
1248 1844 1396 1895 satagit,

65 1907 104 1940 et
127 1901 214 1939 ideo
242 1907 301 1939 est
333 1902 398 1950 qui
425 1900 566 1950 doleat3
600 1912 697 1950 quae
729 1901 762 1938 si
794 1900 982 1938 molestiis
1014 1902 1097 1938 eius
1131 1901 1287 1939 exclusa
1319 1901 1395 1939 dis—

65 1961 243 2010 cesserit,
281 1959 463 2009 quadeu
501 1971 685 2008 compago
725 1958 988 1996 membrorum
1032 1965 1176 2010 manet,
1228 1971 1303 1997 non
1337 1965 1396 1998 est

65 2019 147 2055 sine
180 2017 342 2068 quadam
374 2018 542 2067 p'artium
573 2029 666 2067 pace
701 2016 803 2067 quod
836 2022 1022 2068 remanet,
1053 2024 1092 2055 et
1124 2017 1209 2055 ideo
1229 2023 1302 2056 >est
1333 2017 1396 2056 ad-

65 2075 141 2114 huc
181 2077 247 2126 qui
284 2076 459 2127 pendeat.
521 2074 570 2113 Et
607 2074 710 2125 quod
749 2080 950 2113 terrenum
988 2087 1131 2125 corpus
1169 2077 1209 2114 in
1251 2081 1395 2114 terram

66 2135 202 2172 nititur
241 2139 281 2172 et
317 2133 468 2172 vinculo
507 2145 583 2183 quo
621 2145 854 2184 suspensum
893 2139 952 2171 est
989 2135 1189 2183 renititur,
1230 2135 1271 2173 in
1303 2147 1393 2173 suae

161 2285 202 2315 16
228 2280 363 2314 nullius
388 2280 480 2321 RA;
505 2279 657 2314 Nullum
681 2290 701 2314 v

1424 450 1443 480 5

1428 743 1468 773 10

1428 1034 1468 1064 15

1426 1328 1468 1357 2¹0

1425 1618 1467 1647 25

1423 1910 1466 1940 30
