1611 2465
63 761 103 791 10

61 1053 102 1083 15

61 1346 103 1376 20

60 1930 103 1960 30

131 127 215 168 622
677 135 703 162 s.
723 135 942 162 Acotsrim

130 225 340 265 Platonicis
367 224 696 277 disputationibus
722 225 999 275 congruebant.
1062 224 1190 264 Labeo
1224 227 1339 264 etiam
1371 225 1470 264 duos

131 285 225 324 dicit
262 297 339 323 uno
380 284 440 322 die
480 284 600 322 fuisse
639 283 844 322 defunctos
884 289 923 322 et
961 286 1181 322 occurrisse
1219 285 1387 323 invicem
1427 286 1468 322 in

131 343 298 394 quodam
331 344 512 394 compito,
545 342 684 381 deinde
717 341 763 380 ad
797 354 962 393 corpora
994 355 1062 381 sua
1094 344 1222 381 iussos
1254 343 1374 381 fuisse
1406 355 1468 381 re-

130 414 258 440 meare
292 407 331 440 et
363 402 613 439 constituisse
640 402 743 439 inter
775 412 817 439 se
843 403 986 439 amicos
1020 413 1105 439 esse
1138 403 1321 454 victuros,
1353 406 1470 452 atque

132 462 184 499 ita
211 472 297 499 esse
324 461 481 511 factum,
513 459 637 498 donec
662 465 797 510 postea
823 465 1082 498 morerentur.
1147 459 1223 498 Sed
1248 461 1313 498 isti
1338 466 1468 498 aucto·

132 531 194 557 res
237 518 353 557 talem
396 519 730 557 resurrectionem
774 520 950 569 corporis
995 519 1134 557 factam
1176 519 1296 557 fuisse
1338 530 1468 557 narra-

131 583 235 629 runt,
269 577 401 628 quales
429 577 590 615 fuerunt
616 588 764 628 eorum,
797 589 894 627 quos
921 578 1187 615 resurrexisse
1220 578 1398 615 novimus
1430 582 1470 615 et

130 635 221 674 huic
267 635 423 686 quidem
464 635 638 674 redditos
679 637 802 687 vitae,
844 635 911 674 sed
953 647 1031 674 non
1073 647 1118 674 eo
1156 635 1270 673 modo
1309 640 1354 674 ut
1390 647 1468 673 non

130 701 381 733 morerentur
422 694 599 733 ulterius.
660 693 874 732 Mirabilius
916 699 1045 732 autem
1090 693 1273 744 quiddam
1313 692 1468 732 Marcus

131 753 251 791 Varro
295 755 406 804 ponit
442 754 482 791 in
524 752 654 805 libris,
697 765 794 803 quos
835 754 1069 803 conscripsit
1109 752 1155 791 de
1188 757 1303 803 gente
1335 751 1469 803 populi

130 811 311 863 Romani,
349 813 461 850 cuius
500 813 632 862 putavi
664 810 780 850 verba
817 813 900 862 ipsa
939 811 1129 862 ponenda.
1197 810 1468 862 „Genethliaci

130 870 286 921 quidam
313 872 569 922 scripserunt,
601 871 740 921 inquit,
772 882 856 908 esse
889 871 929 908 in
962 869 1213 908 renascendis
1245 868 1468 908 hominibus

131 941 245 979 quam
272 929 465 980 appellant
490 929 785 981 παλιγγενεσίαν
812 928 966 980 Graeci3
998 928 1068 966 hac
1102 929 1346 979 scripserunt
1377 939 1467 966 con-

129 988 193 1026 fici
224 989 262 1025 in
297 989 407 1026 annis
446 999 610 1026 numero
650 987 945 1037 quadringentis
983 986 1253 1039 quadraginta,
1290 991 1334 1024 ut
1365 986 1468 1024 idem

132 1058 274 1097 corpus
302 1052 340 1084 et
366 1046 500 1084 eadem
528 1047 665 1097 anima,
699 1058 796 1096 quae
823 1046 969 1084 fuerint
1001 1047 1207 1084 coniuncta
1239 1047 1278 1083 in
1310 1044 1467 1083 homine

130 1104 348 1155 aliquando,
381 1104 515 1143 eadem
547 1116 686 1143 rursus
718 1104 879 1142 redeant
910 1105 950 1142 in
983 1099 1337 1142 coniunctioneni.“
1390 1102 1467 1142 Iste

131 1162 250 1201 Varro
284 1163 441 1213 quidem
485 1164 564 1200 sive
606 1162 661 1200 illi
705 1162 936 1213 genethliaci
967 1163 1100 1200 nescio
1134 1163 1201 1212 qui
1233 1158 1330 1214 (non
1364 1163 1467 1199 enim

132 1223 286 1260 nomina
313 1233 447 1259 eorum
475 1220 656 1272 prodidit,
684 1233 849 1271 quorum
877 1222 1194 1258 commemoravit
1214 1216 1466 1271 sententiam)

131 1279 274 1330 aliquid
307 1279 507 1331 dixerunt,
546 1278 649 1330 quod
688 1279 779 1317 licet
816 1279 956 1317 salsum
987 1280 1038 1317 sit
1070 1274 1180 1331 (cum
1213 1280 1315 1316 euim
1347 1277 1467 1317 semel

131 1338 178 1376 ad
210 1338 344 1376 eadem
378 1349 542 1388 corpora
575 1349 671 1388 quae
705 1342 913 1388 gesserunt
944 1338 1091 1375 animae
1124 1336 1324 1388 redierint,
1355 1348 1466 1375 num-

131 1409 246 1447 quam
286 1409 328 1434 ea
367 1403 458 1434 sunt
495 1402 630 1446 postea
668 1391 918 1448 relicturae),
963 1402 1091 1434 tamen
1124 1395 1244 1433 multa
1274 1394 1378 1433 illius
1409 1396 1465 1433 in-

131 1454 410 1506 possibilitatis‚
444 1467 518 1505 qua
545 1460 681 1493 contra
707 1466 778 1492 nos
803 1455 868 1492 isti
894 1456 1082 1505 garriunt,
1116 1459 1343 1504 argumenta
1375 1465 1464 1492 con-

131 1513 235 1552 vellit
267 1520 306 1551 et
337 1513 516 1552 destruit.
579 1512 654 1558 Qui
687 1514 789 1551 enim
821 1512 894 1551 hoc
927 1514 1102 1551 sentiunt
1134 1513 1213 1550 sive
1246 1518 1466 1563 senserunt,

131 1584 208 1610 non
241 1573 297 1610 eis
329 1573 455 1610 visum
482 1577 542 1609 est
573 1572 658 1609 fieri
690 1583 767 1609 non
799 1583 926 1623 posse,
958 1577 1002 1610 ut
1033 1570 1178 1621 dilapsa
1210 1570 1394 1608 cadavera
1425 1571 1467 1608 in

87 1638 98 1645 “
130 1642 244 1669 auras
285 1631 326 1668 in
363 1630 580 1681 pulverem,
625 1631 664 1668 in
703 1631 874 1668 cinerem
915 1631 954 1668 in
999 1641 1173 1680 umores,
1216 1630 1256 1667 in
1302 1639 1466 1679 corpora

131 1690 373 1728 vescentium
416 1688 630 1726 bestiarum
674 1688 732 1726 vel
769 1689 945 1739 ipsorum
985 1699 1139 1738 quoque
1177 1687 1377 1726 hominum
1418 1687 1465 1725 ad

131 1747 167 1786 id
208 1759 367 1786 rursum
405 1746 584 1799 redeant,
623 1746 725 1797 quod
764 1747 934 1785 fuerunt.
997 1746 1243 1797 Quapropter
1280 1745 1388 1784 Plato
1427 1751 1466 1784 et

130 1805 389 1858 Porphyrius,
427 1805 486 1843 vel
524 1806 655 1856 potius
688 1807 923 1856 quicumque
956 1804 1042 1843 illos
1075 1804 1239 1855 diligunt
1270 1809 1309 1842 et
1340 1803 1466 1842 adhuc

131 1865 276 1914 vivunt,
309 1865 340 1902 si
369 1863 479 1902 nobis
507 1865 760 1902 consentiunt
792 1865 906 1902 etiam
940 1869 1092 1901 sanctas
1125 1864 1270 1901 animas
1302 1861 1347 1900 ad
1381 1874 1464 1900 cor-

129 1935 224 1973 pora
263 1922 475 1973 redituras,
514 1923 615 1960 sicut
652 1924 703 1959 ait
734 1921 860 1973 Plato,
901 1934 973 1960 nec
1012 1928 1142 1960 tamen
1182 1920 1228 1958 ad
1260 1920 1357 1958 mala
1388 1919 1466 1959 ulla

131 1981 338 2033 redituras,
371 1982 472 2019 sicut
503 1981 555 2018 ait
585 1980 837 2031 Porphyrius,
870 1986 912 2018 ut
943 1992 989 2018 ex
1021 1979 1080 2017 his
1112 1979 1177 2017 fiat
1209 1990 1465 2031 consequens,

132 2039 234 2090 quod
268 2039 362 2077 tides
401 2039 599 2089 praedicat
639 2038 872 2089 Christiana,
911 2038 997 2076 talia
1032 2049 1193 2088 corpora
1226 2042 1465 2087 recepturas,

131 2099 171 2136 in
204 2097 346 2148 quibus
379 2099 461 2135 sine
489 2096 567 2135 ullo
596 2096 693 2135 malo
725 2098 765 2134 in
798 2102 1000 2135 aeternum
1034 2095 1199 2134 feliciter
1231 2096 1369 2147 vivant,
1402 2094 1463 2133 ad-

227 2191 259 2221 n
286 2186 338 2221 Pl.
366 2197 440 2230 rep.
468 2189 546 2229 614,
572 2186 612 2220 B.

227 2308 267 2338 13
295 2303 561 2347 asscripserunt
586 2301 641 2343 R‚-
667 2302 733 2336 has
760 2302 983 2346 scripserunt
1008 2301 1043 2336 A
