1611 2465
152 494 172 524 <51

133 786 173 816 10

135 1078 175 1109 15

131 1371 174 1401 20

130 1955 175 1986 30

200 154 283 195 538
740 162 766 187 s.
787 162 1005 189 AUGUSTnu

199 255 286 303 igne
321 252 518 303 supplieii3
551 253 739 302 primum,
781 253 869 301 quia
903 251 1044 290 debent
1079 251 1309 303 adtendere,
1341 263 1457 302 quam
1490 253 1540 290 sit

199 311 442 350 intolerabile
475 316 590 360 atque
625 322 645 348 a
677 322 767 347 sana
794 309 972 347 doctrina
1004 311 1119 348 nimis
1152 310 1320 361 devium,
1353 315 1395 348 ut
1428 309 1539 348 multi

200 382 243 408 ac
275 382 397 420 paene
431 381 583 419 omnes,
616 370 683 418 qui
715 368 897 406 haereses
930 370 1068 419 impias
1102 368 1363 407 condiderunt
1396 380 1538 407 exeun·

200 435 257 466 tes
284 428 330 465 de
359 427 546 465 catholica
572 427 735 465 ecclesia
763 432 801 464 et
826 427 918 465 facti
950 432 1042 465 sunt
1068 426 1375 478 haeresiarchae,
1406 426 1539 464 melio-

200 499 263 524 res
283 486 450 524 habeant
470 497 618 537 causas,
639 497 753 536 quam
774 485 825 537 111,
845 487 910 535 qui
933 497 1145 536 numquam
1166 486 1327 524 fuerunt
1347 485 1540 536 catholici,

200 557 289 583 cum
326 546 367 583 in
401 556 538 583 eorum
569 543 729 594 laqueos
761 543 1011 595 incidissent,
1057 545 1088 581 si
1121 543 1207 582 illos
1247 543 1538 582 haeresiarchas

200 603 272 641 hoc
299 603 390 641 facit
415 602 573 640 liberari
599 615 619 640 a
646 602 836 653 supplicio
864 603 1116 654 sempiterno,
1149 602 1253 652 quod
1279 603 1318 640 in
1351 601 1539 640 catholica

201 661 364 700 ecclesia
397 661 578 712 baptizati
605 667 697 699 sunt
728 666 767 699 et
799 666 1084 699 sacramentum
1119 662 1295 711 corporis
1323 659 1469 698 Christi
1500 661 1541 698 in

199 732 291 758 vero
325 720 469 758 Christi
507 732 671 770 corpore
710 720 892 770 primitus
933 724 1186 770 acceperunt3
1228 731 1317 757 cum
1349 720 1459 770 peior
1492 719 1541 756 sit

200 780 336 829 utique
364 778 542 817 desertor
569 779 658 816 fidei
683 784 722 816 et
747 790 793 816 ex
820 777 1021 816 desertore
1054 783 1300 828 oppugnator
1331 779 1416 816 eius
1448 778 1539 815 effe-

200 844 286 876 ctus
320 849 435 887 quam
467 836 543 889 ille,
576 839 642 887 qui
675 848 753 874 non
781 836 955 874 deseruit
983 835 1085 886 quod
1113 848 1191 874 non
1223 837 1368 887 tenuit3
1401 835 1540 874 deinde

200 897 289 946 quia
333 902 372 933 et
415 896 474 933 his
522 896 695 934 occurrit
745 895 942 945 apostolus
993 894 1129 932 eadem
1173 893 1291 932 verba
1335 894 1541 945 proferens

200 961 239 993 et
276 956 514 993 enumeratis
554 954 629 992 illis
671 955 799 992 carnis
840 952 1025 1004 operibus
1066 953 1201 991 eadem
1234 954 1397 991 veritate
1429 964 1539 1004 prae-

201 1013 352 1051 dicens:
390 1014 585 1059 Quoniam
611 1015 681 1060 qui
705 1014 804 1050 talia
830 1017 966 1059 ayunt,
998 1023 1166 1059 requam
1200 1012 1278 1050 Dei
1308 1022 1386 1050 non
1414 1013 1540 1060 possi-

203 1072 360 1109 debunt.

318 1129 427 1167 Unde
471 1141 542 1167 nec
581 1129 635 1166 illi
673 1128 835 1179 perditis
874 1133 913 1166 et
950 1127 1234 1166 damnabilibus
1268 1127 1442 1166 moribus
1476 1127 1540 1166 de-

200 1187 294 1226 bent
337 1200 422 1225 esse
462 1188 614 1238 securi,
659 1188 726 1237 qui
765 1198 888 1236 usque
927 1187 967 1224 in
1005 1186 1121 1224 finem
1161 1185 1320 1236 quidem
1359 1186 1463 1224 velut
1502 1187 1541 1224 111

201 1248 475 1284 communione
521 1244 708 1283 ecclesiae
754 1244 964 1283 catholicae
1015 1249 1293 1296 perseverant,
1342 1246 1542 1283 intuentes

202 1304 305 1355 quod
338 1304 486 1343 dictum
518 1309 594 1341 est:
634 1305 711 1350 Oui
729 1305 1055 1352 perseveraverit
1085 1314 1208 1350 usque
1240 1304 1281 1341 in
1309 1304 1443 1350 finem,
1476 1304 1542 1341 hie

200 1366 333 1401 salvus
359 1365 448 1409 erit,
480 1368 519 1401 et
544 1374 614 1413 per
646 1363 744 1400 vitae
777 1363 1022 1411 iniquitatem
1053 1362 1176 1411 ipsam
1208 1362 1307 1399 vitae
1340 1362 1540 1407 iustitiam,

202 1421 305 1471 quod
338 1423 394 1459 eis
421 1420 600 1459 Christus
633 1426 704 1472 est,
735 1421 933 1471 deserunt,
965 1421 1045 1457 sive
1078 1418 1305 1457 fornicando
1338 1420 1417 1457 sive
1450 1419 1542 1457 alias

201 1480 454 1517 inmunditias
480 1479 727 1530 flagitiorum,
760 1490 856 1529 quas
890 1491 961 1516 nec
994 1479 1212 1529 exprimere
1246 1477 1444 1528 apostolus
1477 1490 1540 1515 vo-

201 1538 284 1589 luit,
316 1540 354 1576 in
382 1550 452 1576 suo
479 1549 643 1588 corpore
675 1537 948 1589 perpetrando,
980 1538 1058 1574 sive
1094 1536 1338 1587 turpitudine
1365 1535 1540 1574 luxuriae

201 1596 413 1634 diffluendo
453 1598 532 1634 sive
564 1595 707 1645 aliquid
741 1595 843 1633 aliud
871 1607 1008 1633 eorum
1034 1594 1196 1647 agendo,
1228 1594 1275 1633 de
1303 1594 1446 1645 quibus
1472 1596 1541 1632 ait:

208 1656 403 1701 Quoniam
434 1657 505 1703 qui
535 1657 633 1693 talia
666 1660 808 1702 aqum,
847 1665 1016 1701 reqnum
1048 1654 1126 1692 Dei
1155 1664 1232 1691 non
1260 1654 1542 1702 possidebunt;

202 1725 245 1751 ac
284 1726 354 1763 per
391 1712 489 1764 hoc,
527 1714 763 1763 quicumque
802 1717 922 1763 agunt
958 1711 1064 1763 talia,
1108 1712 1183 1749 nisi
1221 1712 1261 1749 in
1300 1712 1539 1762 sempiterno

201 1772 392 1822 supplicio
419 1783 496 1809 non
524 1776 651 1823 erunt,
684 1772 773 1821 quia
799 1772 837 1808 in
864 1769 933 1808 Dei
960 1782 1080 1820 regno
1114 1781 1199 1808 esse
1233 1781 1310 1807 non
1342 1774 1540 1820 poterunt.

201 1830 244 1868 ln
270 1830 330 1868 his
357 1831 459 1867 enim
486 1829 773 1879 perseverando
807 1841 931 1879 usque
963 1830 1002 1866 in
1033 1828 1149 1866 huius
1182 1829 1280 1866 vitae
1314 1828 1429 1866 finem
1462 1839 1540 1866 non

201 1890 336 1938 utique
381 1887 534 1926 dicendi
585 1893 677 1925 sunt
719 1889 757 1925 in
803 1887 957 1925 Christo
1008 1897 1280 1937 perseverasse
1331 1897 1456 1936 usque
1501 1887 1540 1924 in

201 1947 335 1998 11116111,
374 1948 463 1996 quia
501 1947 540 1984 in
573 1945 726 1983 Christo
765 1956 1015 1996 perseverare
1055 1950 1115 1983 est
1157 1946 1197 1982 in
1230 1945 1314 1981 eius
1347 1943 1420 1981 lide
1452 1956 1540 1994 per·

201 2016 396 2055 severare3
429 2016 526 2054 quae
561 2003 674 2054 fides,
712 2010 756 2041 ut
787 2015 869 2041 eam
903 2003 1037 2040 definit
1069 2002 1172 2040 idem
1205 2001 1425 2053 apostolus,
1461 2014 1539 2051 per

201 2065 449 2102 dilectionem
481 2067 696 2112 operatum
729 2063 886 2100 dilectio
919 2066 1067 2111 autem,
1108 2062 1209 2098 sicut
1241 2061 1323 2111 ipse
1356 2059 1447 2098 alibi
1484 2060 1538 2098 di-

298 2166 352 2207 15)
379 2163 457 2198 Gal.
486 2167 517 2206 5,
544 2167 598 2197 21.
650 2165 708 2206 20)
736 2163 799 2196 Mt.
828 2166 882 2205 10,
909 2166 962 2196 2-2.
1014 2162 1073 2205 32)
1100 2160 1179 2195 Gal.
1207 2165 1239 2204 5,
1267 2165 1297 2195 6.

297 2284 335 2313 11
365 2280 462 2323 quod
494 2290 566 2314 non
598 2279 671 2321 R¹;
703 2279 802 2322 quod
834 2290 1033 2322 numquam
1059 2277 1169 2319 R2A‚·
1201 2289 1310 2321 quam
1337 2287 1540 2322 numquam

198 2328 312 2370 22¹1}ssss
340 2326 529 2370 apostolus
556 2327 757 2370 exprimere
784 2337 803 2359 v
