1548 2562
395 105 447 129 DE
468 104 656 129 clvxTATE
675 105 744 129 Dm
763 105 796 129 L.
816 105 880 129 xx.
900 105 928 130 c.
950 107 992 129 ιε).
1275 96 1359 136 449

33 196 192 242 teritus,
237 195 307 241 qut
343 195 585 231 adversatur
631 198 669 231 et
710 196 1037 241 superextollitm·
1074 206 1199 242 snpra
1240 206 1362 240 omne,

33 254 141 300 quoa
165 254 314 290 dieitur
340 251 447 289 Deus
475 256 543 289 aut
575 253 682 298 qaod
712 254 867 299 colitur,
890 254 957 301 tta
988 256 1032 290 ut
1063 254 1100 290 tn
1135 255 1273 301 templo
1304 264 1361 290 se-

34 313 143 358 deat,
184 314 384 349 ostentans
421 321 463 348 se
501 315 700 357 tamquam
732 312 782 347 stt
814 311 931 348 Deus.
994 311 1079 349 Non
1111 313 1290 349 retinetis
1323 313 1363 349 in

33 370 240 416 memoria,
285 369 392 416 qaod
433 369 567 406 adhue
610 379 699 406 eum
743 381 863 407 essem
905 371 1015 417 apud
1056 381 1121 407 ros
1161 371 1262 408 haee
1306 371 1361 407 ae·-

33 428 229 465 eebantur
260 427 396 465 vobis?
435 432 473 464 et
503 438 609 464 nane
641 428 740 473 quid
769 429 945 465 detineat
974 430 1102 475 settis,
1143 432 1187 466 ut
1216 430 1361 466 revele-

34 492 101 523 tur
144 487 184 523 in
227 496 298 523 suo
343 490 527 532 tempore.
591 485 677 522 Iam
722 488 824 523 enlm
867 488 1098 534 mysteriztm
1143 488 1364 534 iniquitatis

33 547 236 591 operatur.
291 543 457 581 Tantum
483 545 553 590 qm?
575 544 688 581 modo
714 548 818 582 tenet
843 549 985 591 teneat,
1013 546 1137 583 donee
1164 547 1212 583 de
1237 546 1364 583 medio

29 604 127 648 fiat;
168 607 205 639 et
243 606 337 640 tune
375 602 619 640 revelabitur
658 604 832 649 Iniquus,
877 614 990 650 quem
1023 603 1214 641 Dominus
1252 603 1364 642 Iesus

35 662 250 706 tnterfielet
290 661 433 708 spiritu
479 662 560 697 oris
602 663 684 706 sui,
730 665 768 697 et
810 662 1020 699 evacuabit
1064 663 1366 700 inluminatione

28 720 285 767 praesentiae
327 729 425 756 suae
469 729 573 765 eum,
618 721 732 757 cutus
776 724 834 757 est
870 722 1103 767 praesentia
1144 722 1363 758 seeundum

33 778 301 824 operationem
339 782 525 823 satanae,
567 778 607 814 in
649 779 756 815 omni
792 779 937 815 virtute
975 784 1012 816 et
1048 780 1173 825 sionis
1205 783 1242 816 et
1268 790 1362 827 pro-

34 836 153 882 dtqz‘z's
197 836 399 873 mendacii
440 840 477 873 et
521 837 561 873 in
605 837 711 872 omni
751 837 981 874 seductione
1025 838 1248 884 iniquitatis
1291 838 1364 884 his,

32 894 103 940 qui
127 898 317 941 pereunt,
350 905 427 941 pro
459 904 524 939 eo,
565 895 672 939 quod
702 895 950 932 dilectionem
982 897 1162 932 veritatis
1193 906 1269 933 non
1302 907 1364 932 re-

34 956 242 999 ceperant,
292 955 337 989 ut
383 953 485 989 salvi
521 953 677 997 fierent.
740 952 790 989 Et
839 953 926 989 ideo
971 954 1094 991 mittet
1139 955 1214 990 illis
1258 953 1365 990 Dens

33 1011 302 1057 operationem
340 1011 510 1055 erroris,
549 1013 593 1046 ut
622 1011 794 1047 credant
824 1012 1032 1049 mendacio
1065 1016 1102 1048 et
1134 1012 1364 1049 iudicentur

33 1079 180 1113 omnes,
225 1070 296 1115 qut
333 1079 410 1105 non
450 1068 713 1106 erediderunt
749 1070 925 1115 veritati,
970 1071 1042 1107 sed
1078 1074 1367 1107 consenserunt

32 1127 244 1173 iniquitati.

150 1183 252 1221 Nulli
291 1182 450 1221 dubium
499 1188 559 1221 est
603 1196 694 1221 eum
732 1184 779 1221 de
817 1184 1055 1222 Antichristo
1094 1186 1166 1222 ista
1208 1186 1364 1237 dixisse,

33 1241 214 1292 diemque
255 1241 388 1279 iudicii
427 1237 550 1293 (hunc
590 1243 692 1279 enirn
731 1242 896 1292 appellat
934 1242 1037 1280 diem
1076 1240 1247 1295 Domini)
1286 1256 1364 1282 non

33 1311 118 1338 esse
150 1304 369 1351 venturum,
404 1301 477 1337 nisi
510 1299 571 1337 ille
605 1301 712 1350 prior
744 1302 911 1352 venerit,
945 1313 1060 1350 quem
1093 1302 1268 1352 refugam
1300 1314 1363 1339 vo-

34 1363 112 1409 cat,
150 1359 287 1408 utique
326 1369 345 1395 a
384 1357 547 1395 Domino
581 1357 670 1396 Deo.
734 1358 845 1403 Quod
879 1360 910 1396 si
942 1359 989 1397 de
1022 1359 1202 1398 omnihus
1235 1362 1364 1410 impiis

34 1417 173 1454 merito
215 1416 292 1454 diei
329 1421 477 1467 potest,
522 1422 665 1466 quanto
704 1419 824 1466 magis
863 1416 909 1455 de
949 1417 1040 1456 isto!
1093 1417 1169 1456 Sed
1207 1420 1246 1456 in
1287 1431 1364 1469 quo

34 1473 176 1524 templo
204 1473 273 1512 Dei
299 1476 349 1512 sit
375 1486 571 1526 sessurus,
600 1476 793 1513 incertum
820 1480 899 1526 est3
932 1482 1065 1514 utrum
1090 1477 1130 1514 in
1157 1476 1220 1514 illa
1252 1479 1365 1515 ruina

32 1532 182 1583 templi,
215 1532 317 1583 quod
350 1545 371 1570 a
404 1532 606 1571 Salomone
650 1545 739 1583 rege
773 1538 1042 1572 constructum
1076 1540 1154 1586 est,
1193 1547 1238 1573 an
1273 1548 1364 1573 vero

33 1591 73 1628 in
115 1590 290 1629 ecclesia.
352 1590 437 1628 Non
480 1593 583 1629 enim
624 1591 813 1642 templum
851 1591 1016 1630 alicuius
1055 1592 1146 1630 idoli
1178 1599 1244 1631 aut
1276 1593 1363 1631 dae-

34 1649 160 1686 monis
186 1649 374 1699 templum
401 1649 470 1687 Dei
497 1649 694 1699 apostolus
720 1650 879 1688 diceret.
942 1649 1051 1688 Unde
1078 1651 1253 1690 nonnulli
1286 1664 1364 1690 non

32 1707 161 1756 ipsum
201 1708 437 1758 principem,
478 1707 545 1745 sed
587 1709 812 1745 universum
858 1708 1024 1758 quodam
1064 1709 1179 1747 modo
1221 1722 1364 1760 corpus

33 1766 134 1816 eius,
174 1765 212 1802 id
245 1770 304 1803 est
336 1765 381 1803 ad
415 1778 504 1803 eum
536 1767 799 1816 pertinentem
830 1765 1031 1805 hominum
1064 1767 1363 1820 multitudinem,

33 1822 148 1860 simul
192 1835 280 1860 cum
324 1825 408 1874 ipso
461 1836 530 1862 suo
574 1825 750 1874 principe
794 1824 867 1862 hoc
912 1824 996 1863 loco
1041 1825 1213 1876 intellegi
1257 1826 1362 1865 Anti-

32 1879 225 1919 christum
252 1881 402 1933 volunt3
435 1883 660 1933 rectiusque
692 1887 830 1933 putant
863 1884 979 1921 etiam
1004 1883 1138 1921 Latine
1171 1884 1258 1936 dici,
1291 1886 1362 1922 sic-

31 1944 74 1976 ut
110 1940 150 1977 in
191 1939 337 1978 Graeco
376 1945 452 1992 est,
490 1952 568 1978 non
607 1943 648 1979 tn
686 1943 827 1990 templo
859 1942 952 1993 Det,
996 1942 1063 1980 sed
1103 1944 1142 1980 tn
1181 1945 1365 1991 templum

33 1997 110 2034 Dei
138 1999 286 2045 sedeat,
318 2003 513 2049 tamquam
545 2000 628 2049 ipse
661 2000 711 2037 sit
742 1999 930 2050 templum
963 1999 1043 2051 Dei,
1076 2000 1178 2050 quod
1212 2006 1271 2039 est
1302 2014 1363 2039 ec-

33 2054 166 2106 elesia3
212 2057 314 2094 sicut
351 2057 533 2095 dicimus:
571 2056 722 2109 „Sedet
766 2059 805 2096 in
844 2055 1060 2111 amicum“‚
1098 2059 1135 2097 id
1168 2064 1229 2097 est
1260 2059 1364 2099 velut

127 2157 181 2198 17)
209 2160 238 2189 2.
266 2156 390 2191 Thess.
418 2161 449 2200 2,
478 2162 495 2190 1
524 2169 600 2200 sqq.

125 2264 146 2294 4
171 2261 387 2295 dicebantur
412 2261 482 2295 ΒΑ
511 2261 685 2304 Olarom.,·
711 2263 877 2297 dicebam
905 2274 921 2297 υ

102 2331 174 2351 Auo.
195 2332 235 2350 DE
256 2331 314 2351 exv,
335 2333 398 2352 nm.
429 2327 461 2351 Π
1036 2326 1078 2356 ‘29

1390 436 1408 466 5

1392 729 1434 758 10

1393 1020 1433 1049 Ῑῗ)

1392 1311 1435 1341 20

1390 1601 1433 1630 25

1389 1892 1433 1923 30
