1548 2562
453 119 505 144 DE
525 118 714 144 CIVH‘ATE
732 118 803 143 DEI
822 118 856 143 L.
874 117 940 142 xx.
960 117 989 143 c.
1010 119 1034 143 5.
1316 108 1401 149 413

70 208 142 248 Hic
191 209 377 247 discimus
423 219 512 245 cum
563 209 643 246 suis
701 207 903 258 discipulis
951 207 1212 245 iudicaturum
1262 206 1402 245 [esum.

72 267 180 306 Unde
227 273 264 305 et
304 266 391 304 alibi
431 265 583 304 Iudaeis
621 265 735 304 dixit:
778 266 825 304 Se·
860 277 931 317 eqo
973 267 1014 304 in
1046 266 1269 304 Beelzebub
1302 267 1403 304 eicio

73 328 300 377 daemonia,
336 327 415 371 filii
444 326 567 362 vestri
597 326 636 362 in
669 336 744 372 quo
778 325 953 363 eiciunt?
1016 324 1111 362 Ideo
1143 325 1221 373 ipsi
1251 324 1405 362 iudices

71 388 190 424 erunt
232 385 363 422 vestri.
424 382 504 420 Nec
545 384 728 433 quoniam
768 394 885 432 super
927 382 1132 420 duodecim
1174 380 1286 420 sedes
1325 393 1404 419 ses-

72 454 186 481 suros
217 453 303 480 esse
336 442 404 491 ait,
447 440 653 479 duodecim
692 440 793 478 solos
830 440 1008 478 homines
1041 452 1129 478 cum
1160 439 1225 478 illo
1257 439 1401 478 iudica·
1429 447 1449 478 5

72 507 183 539 turos
220 505 358 551 putare
397 499 601 540 debemus.
658 498 904 537 Duodenario
944 500 1086 549 quippe
1126 510 1289 536 numero
1322 499 1406 536 uni—

72 571 184 597 versa
204 557 391 609 quaedam
412 558 624 607 significata
650 562 710 595 est
729 557 984 595 iudicantium
1011 556 1218 595 multitudo
1245 562 1407 607 propter

72 617 167 656 duas
199 622 329 668 partes
355 617 508 654 numeri
540 617 762 667 septenarii,
794 627 870 665 quo
904 616 1144 666 significatur
1175 615 1407 665 plerumque

72 677 324 726 universitas;
368 686 466 725 quae
510 674 608 712 duae
651 679 800 725 partes,
844 673 881 712 id
922 679 983 712 est
1020 675 1094 712 tria
1133 678 1171 711 et
1212 678 1408 724 quattuor,

72 734 192 772 altera
223 745 293 784 per
319 732 479 771 alteram
510 732 785 783 multiplicatae
819 731 1024 770 duodecim
1056 732 1216 783 faciunt,
1248 743 1336 770 nam
1369 737 1408 770 et
1435 740 1479 770 10

74 797 257 843 quattuor
288 796 349 829 ter
375 796 414 829 et
439 792 512 829 tria
545 796 682 841 quater
715 790 921 828 duodecim
954 796 1062 841 sunt,
1095 796 1133 828 et
1166 791 1198 827 si
1229 802 1304 839 qua
1337 789 1408 827 alia

72 850 188 889 huius
215 848 443 888 duodenarii
470 851 635 900 numeri,
668 861 765 899 quae
792 848 838 886 ad
865 849 938 886 hoc
964 848 1100 898 valeat,
1131 849 1229 886 ratio
1262 849 1408 898 reperi-

72 914 149 947 tur.
211 908 402 959 Alioquin,
435 909 617 957 quoniam
648 908 688 944 in
720 907 848 944 locum
875 906 991 944 Iudae
1024 906 1223 944 traditoris
1255 912 1408 956 aposto-

73 967 153 1005 lum
185 966 382 1004 Matthiam
419 965 584 1015 legimus
622 965 864 1014 ordinatum,
905 964 1103 1014 apostolus
1135 963 1299 1016 Paulus,
1342 965 1409 1014 qui

73 1025 160 1076 plus
204 1024 384 1062 omnibus
427 1023 503 1062 illis
540 1023 745 1075 laboravit,
789 1022 856 1061 ubi
898 1023 945 1060 ad
983 1022 1234 1061 iudicandum
1277 1022 1410 1060 sedeat
1438 1031 1480 1061 15

74 1095 151 1121 non
183 1082 357 1133 habebit,
396 1083 462 1131 qui
498 1082 674 1132 profecto
708 1093 796 1119 cum
829 1080 913 1119 aliis
945 1082 1090 1119 sanctis
1122 1080 1168 1118 ad
1201 1092 1409 1119 numerum

74 1141 247 1180 iudicum
274 1152 315 1179 se
342 1142 542 1191 pertinere
569 1140 823 1191 demonstrat,
855 1151 944 1178 cum
971 1139 1081 1177 dicit:
1114 1140 1284 1177 Nescitis
1314 1141 1410 1187 quia

74 1202 235 1247 anqelos
267 1199 563 1237 iudicabimus?
613 1198 667 1236 De
699 1199 794 1249 ipsis
827 1210 983 1248 quoque
1015 1197 1233 1235 iudicandis
1264 1199 1304 1235 iu
1336 1197 1410 1235 hoc

74 1269 238 1296 numero
282 1257 520 1295 duodenario
566 1256 701 1295 similis
747 1268 860 1294 causa
904 1262 974 1294 est.
1042 1255 1128 1293 Non
1173 1257 1277 1293 enim
1321 1257 1410 1305 quia

74 1316 222 1354 dictum
265 1321 341 1354 est:
387 1316 619 1354 Iucle'cantes
660 1316 869 1353 duodecim
917 1315 1046 1353 tribus
1088 1314 1238 1361 Israel,
1282 1313 1409 1352 tribus
1436 1322 1481 1353 20

74 1373 185 1426 Levi,
226 1386 324 1424 quae
362 1375 477 1411 tertia
514 1373 662 1411 decima
696 1378 772 1425 est,
810 1372 856 1410 ab
889 1374 945 1410 eis
977 1372 1182 1410 iudicanda
1214 1383 1292 1410 non
1325 1374 1411 1424 erit,

75 1438 141 1471 aut
172 1431 297 1470 solum
328 1431 435 1470 illum
466 1431 673 1482 populum,
705 1443 782 1469 non
815 1432 930 1469 etiam
962 1436 1098 1481 gentes
1130 1435 1281 1468 ceteras
1312 1430 1410 1469 iudi-

75 1490 230 1529 cabunt.
293 1489 404 1535 Quod
431 1495 560 1528 autem
592 1491 660 1528 ait:
694 1490 742 1528 In
773 1491 1092 1539 reqeneratz'one,
1123 1488 1261 1539 procul
1293 1488 1410 1526 dubio

75 1555 319 1587 mortuorum
360 1550 693 1586 resurrectionem
735 1549 890 1585 nomine
938 1547 1060 1585 voluit
1102 1548 1410 1597 regenerationis

74 1607 257 1657 intellegi.
320 1606 384 1644 Sic
423 1608 527 1644 enim
565 1618 654 1644 caro
688 1612 819 1644 nostra
852 1604 1150 1655 regenerabitur
1181 1616 1252 1655 per
1283 1606 1410 1643 incor-
1437 1613 1481 1643 25

75 1667 315 1716 ruptionem,
353 1676 469 1714 quem
501 1664 546 1702 ad
579 1664 736 1702 modum
770 1670 829 1702 est
861 1665 986 1701 anima
1019 1668 1152 1701 nostra
1184 1668 1413 1713 regenerata

76 1735 146 1774 per
177 1723 303 1761 fidem.

192 1781 311 1819 Multa
342 1786 565 1833 praetereo,
602 1792 700 1831 quae
742 1780 788 1818 de
821 1780 957 1818 ultimo
990 1779 1134 1818 iudicio
1166 1781 1217 1817 ita
1250 1780 1326 1817 (lici
1360 1781 1412 1818 vi·

76 1839 236 1891 dentur,
274 1844 318 1877 ut
349 1839 555 1889 diligenter
588 1839 830 1877 considerata
863 1839 1111 1888 reperiantur
1143 1837 1321 1887 ambigua
1353 1838 1413 1876 vel

77 1899 197 1948 magis
224 1898 270 1935 ad
297 1897 399 1935 aliud
431 1899 679 1949 pertinentia,
713 1898 792 1935 sive
825 1896 975 1935 scilicet
1006 1896 1051 1934 ad
1085 1908 1175 1934 eum
1203 1895 1411 1935 Salvatoris
1438 1904 1482 1934 30

77 1957 308 2003 adventum,
355 1967 431 2006 quo
472 1968 542 2006 per
586 1961 711 1994 totum
753 1955 827 1993 hoc
868 1960 1022 2006 tempus
1063 1956 1102 1992 in
1143 1953 1306 1992 ecclesia
1344 1966 1414 1993 sua

77 2015 206 2065 venit,
260 2013 334 2052 hoc
389 2018 449 2052 est
498 2015 536 2052 in
594 2014 779 2052 membris
837 2015 938 2064 suis,
986 2012 1248 2063 particulatim
1296 2018 1412 2063 atque

77 2072 284 2123 paulatim,
334 2074 515 2122 quoniam
566 2078 647 2110 tota
697 2084 840 2122 corpus
885 2077 944 2109 est
988 2072 1090 2121 eius,
1135 2072 1214 2108 sive
1259 2070 1305 2108 ad
1350 2083 1412 2109 ex-

78 2131 224 2168 cidium
260 2135 439 2168 terrenae
478 2129 742 2181 Hierusalem,
780 2131 869 2180 quia
909 2134 947 2167 et
984 2128 1031 2166 de
1071 2128 1135 2166 illo
1169 2141 1257 2166 cum
1290 2129 1412 2179 loqui-

78 2193 162 2240 tur,
204 2187 434 2238 plerumque
479 2189 534 2226 sic
577 2188 773 2240 loquitur,
817 2193 1013 2238 tamquam
1057 2186 1104 2225 dc
1149 2188 1224 2225 fine
1269 2187 1414 2226 saeculi
1439 2195 1482 2225 35

171 2278 208 2321 4)
233 2276 296 2310 Mt.
326 2280 380 2321 12,
405 2281 460 2311 27.
513 2278 569 2320 14)
596 2277 674 2311 Aet.
704 2280 734 2319 1,
761 2280 814 2310 26.
869 2278 924 2319 15)
954 2280 982 2310 1.
1011 2275 1090 2310 Cor.
1124 2279 1178 2320 15,
1206 2280 1259 2311 10.
