1495 2489
24 714 65 743 10

25 1004 65 1033 15

23 1295 66 1325 20

23 1588 66 1617 25

24 1879 68 1909 30

91 81 146 120 92
632 88 659 114 s.
678 88 894 114 AUGUSTOEI

92 178 193 217 unde
226 179 337 216 fieret
369 184 462 216 tunc
495 189 571 214 non
605 182 698 228 erat,
731 175 885 226 quando
918 178 993 215 nisi
1025 177 1166 216 fratres
1199 182 1238 215 et
1270 189 1428 216 sorores

92 249 137 275 ex
176 236 251 275 illis
290 236 442 274 duobus
480 236 617 285 primis
655 235 750 273 nulli
792 235 968 273 homines
1006 242 1127 274 erant.
1190 235 1293 274 Fieri
1334 248 1427 286 ergo

91 295 226 333 debuit
258 294 412 345 quando
444 294 593 344 potuit,
626 299 669 331 ut
700 295 891 331 existente
925 295 1032 345 copia
1065 294 1155 332 iude
1188 294 1428 333 ducerentur

91 366 253 405 uxores,
292 365 390 403 quae
423 364 500 389 non
533 357 645 389 erant
676 353 751 389 iam
784 364 957 404 sororeS,
996 358 1034 391 et
1066 364 1142 391 non
1176 352 1302 391 solum
1333 352 1427 391 illud

91 418 135 451 ut
161 413 273 450 fieret
293 410 396 449 nulla
417 411 630 448 necessitas
656 416 770 462 esset,
803 423 938 448 verum
965 412 1078 449 etiam
1113 413 1144 449 si
1177 412 1288 450 fieret
1319 412 1430 449 nefas

92 476 206 508 esset.
269 469 365 507 Nam
404 469 436 506 si
469 474 507 506 et
545 474 706 519 nepotes
745 470 961 519 primorum
992 469 1215 521 hominum,
1255 471 1322 520 qui
1353 470 1429 507 iam

92 528 345 567 consobrinas
384 532 565 577 poterant
602 529 777 578 accipere
817 529 1023 578 coniuges,
1065 527 1265 566 sororibus
1298 529 1429 566 matri—

91 588 220 625 monio
262 588 536 635 iungerentur:
581 598 658 623 non
699 587 773 624 iam
815 586 931 637 duae,
975 585 1042 624 sed
1081 591 1162 624 tres
1201 588 1240 624 in
1272 586 1428 624 homine

91 657 169 684 uno
202 643 513 682 necessitudines
545 644 704 695 fierent,
737 656 833 694 quae
867 649 1029 694 propter
1061 646 1263 683 caritatem
1295 657 1427 683 nume-

93 705 241 741 rosiore
279 704 569 753 propinquitate
607 702 836 740 nectendam
878 702 1123 740 disseminari
1153 715 1224 754 per
1256 703 1430 754 singulos

92 761 266 812 singulae
311 761 543 799 debuerunt.
605 760 720 799 Esset
763 762 868 798 enim
909 773 1011 799 unus
1052 761 1167 799 homo
1206 761 1294 800 filiis
1336 763 1430 813 suis,

92 821 204 858 fratri
242 820 390 858 scilicet
428 821 632 869 sororique
671 819 920 870 coniugibus,
960 825 998 857 et
1034 826 1144 869 pater
1177 825 1216 858 et
1247 832 1359 858 socer
1392 826 1432 858 et

92 878 324 929 avunculus3
364 879 416 916 ita
455 883 493 916 et
530 890 628 916 uxor
667 879 750 916 eius
790 877 936 915 eisdem
969 878 1241 916 communibus
1272 878 1360 916 filiis
1392 885 1431 917 et

93 943 216 975 mater
255 942 293 975 et
330 938 445 974 amita
484 942 522 974 et
561 948 714 987 socrus3
753 936 933 986 idemque
972 937 1075 974 inter
1114 949 1154 974 se
1194 936 1262 974 filii
1293 949 1429 975 eorum

93 1008 171 1034 non
213 995 339 1033 solum
383 1000 514 1033 essent
552 995 693 1032 fratres
731 1000 846 1044 atque
889 996 1093 1045 coniuges,
1138 1007 1272 1033 verum
1315 997 1430 1034 etiam

92 1053 334 1105 consobrini,
367 1054 456 1103 quia
490 1059 527 1091 et
559 1053 722 1091 fratrum
756 1053 833 1090 filii.
897 1052 1042 1091 Omnes
1074 1058 1203 1091 autem
1235 1055 1331 1092 istae
1364 1066 1430 1092 ne-

92 1112 368 1163 cessitudines,
407 1123 504 1161 quae
544 1113 611 1149 uni
650 1111 795 1148 homini
835 1116 915 1149 tres
954 1111 1130 1149 homines
1163 1111 1432 1164 conectebant,

92 1182 231 1209 novem
257 1175 520 1221 conecterent,
553 1171 584 1207 si
611 1175 742 1207 essent
767 1171 806 1207 in
839 1169 1002 1219 singulis
1034 1169 1220 1221 singulae,
1252 1175 1296 1208 ut
1327 1183 1429 1209 unus

92 1229 207 1267 homo
246 1228 408 1266 haberet
446 1228 606 1265 alteram
638 1239 831 1275 sororem,
864 1227 1024 1265 alteram
1057 1240 1238 1280 uxorem,
1270 1228 1429 1267 alteram

93 1286 379 1336 consobrinam,
411 1286 576 1325 alterum
601 1293 764 1338 patrem,
796 1286 961 1324 alterum
988 1286 1233 1337 avunculum,
1266 1287 1431 1326 alterum

93 1358 286 1396 socerum,
314 1345 472 1383 alteram
494 1350 669 1395 matrem,
697 1344 856 1382 alteram
877 1346 1043 1396 amitam,
1070 1344 1229 1383 alteram
1257 1357 1432 1397 socrum3

93 1410 208 1454 atque
241 1405 293 1441 ita
326 1416 367 1441 se
400 1415 478 1441 non
510 1405 549 1440 in
576 1405 771 1453 paucitate
805 1408 1034 1453 coartatum,
1067 1403 1134 1441 sed
1167 1403 1282 1442 latius
1314 1409 1431 1455 atque

93 1463 342 1500 numerosius
374 1461 732 1512 propinquitatibus
771 1460 922 1499 crebris
953 1461 1151 1499 vinculum
1185 1462 1327 1500 sociale
1360 1462 1432 1500 dis-

93 1520 286 1558 funderet.

212 1578 323 1623 Quod
350 1578 519 1616 humano
546 1590 689 1628 genere
722 1583 924 1615 crescente
958 1583 997 1615 et
1028 1577 1283 1629 multiplicato
1316 1580 1432 1617 etiam

92 1638 196 1675 inter
234 1638 374 1687 impios
413 1636 576 1674 deorum
616 1636 827 1674 multorum
869 1635 1133 1686 falsorumque
1172 1636 1343 1675 cultores
1376 1639 1432 1676 sic

93 1695 293 1733 observari
331 1697 550 1746 cernimuS,
582 1700 641 1746 ut,
680 1696 831 1732 etiamsi
862 1696 1059 1745 perversis
1090 1694 1241 1745 legibus
1273 1697 1431 1745 permit-

93 1759 225 1792 tantur
258 1754 429 1791 fraterna
462 1754 657 1804 coniugia,
696 1752 832 1790 melior
872 1758 1001 1790 tamen
1034 1753 1276 1791 consuetudo
1308 1755 1432 1804 ipsam

94 1812 201 1850 malit
244 1811 456 1850 exhorrere
500 1811 713 1862 licentiam,
757 1816 796 1848 et
841 1822 928 1848 cuin
973 1823 1129 1849 sorores
1173 1813 1350 1862 accipere
1392 1814 1432 1850 in

95 1871 385 1908 matrimonium
422 1871 558 1920 primis
597 1869 755 1906 humani
799 1870 954 1918 generis
995 1868 1236 1919 temporibus
1275 1872 1432 1908 omnino

95 1928 262 1980 licuerit,
295 1929 350 1966 sic
377 1933 590 1978 aversetur,
623 1928 733 1977 quasi
759 1938 971 1976 numquam
998 1926 1114 1965 licere
1147 1929 1331 1978 potuerit.
1376 1928 1432 1966 Ad

94 1987 308 2025 humanum
347 1988 451 2024 enim
490 1997 649 2024 sensum
681 1984 739 2022 vel
772 1984 1032 2023 adliciendum
1065 1985 1125 2023 vel
1157 1986 1432 2025 offendendum

95 2057 179 2083 mos
217 2044 317 2082 valet
354 2044 584 2095 plurimum3
617 2044 683 2093 qui
715 2055 804 2081 cum
835 2044 875 2081 in
907 2042 978 2080 hac
1012 2055 1126 2081 causa
1158 2043 1430 2082 inmoderatio-

95 2114 185 2141 nem
217 2104 556 2153 concupiscentiae
590 2101 807 2153 coherceat,
839 2112 929 2139 eum
961 2101 1168 2152 dissignari
1200 2107 1314 2153 atque
1347 2114 1432 2141 cor-

188 2253 210 2284 4
235 2249 333 2284 istud
358 2260 378 2284 v
