<?xml version="1.0" encoding="UTF-8"?>
<!DOCTYPE html PUBLIC "-//W3C//DTD XHTML 1.0 Transitional//EN"
    "http://www.w3.org/TR/xhtml1/DTD/xhtml1-transitional.dtd">
<html xmlns="http://www.w3.org/1999/xhtml" xml:lang="en" lang="en">
 <head>
  <title>
</title>
<meta http-equiv="Content-Type" content="text/html;charset=utf-8" />
  <meta name='ocr-system' content='tesseract 3.04.00' />
  <meta name='ocr-capabilities' content='ocr_page ocr_carea ocr_par ocr_line ocrx_word'/>
</head>
<body>
  <div class='ocr_page' id='page_1' title='image "./sanctiaureliiaug02auguuoft_0463.png"; bbox 0 0 1548 2562; ppageno 0'>
   <div class='ocr_carea' id='block_1_1' title="bbox 403 111 1364 152">
    <p class='ocr_par' dir='ltr' id='par_1_1' title="bbox 403 111 1364 152">
     <span class='ocr_line' id='line_1_1' title="bbox 403 111 1364 152; baseline 0 -9"><span class='ocrx_word' id='word_1_1' title='bbox 403 120 454 144; x_wconf 85' lang='lat' dir='ltr'><strong>DE</strong></span> <span class='ocrx_word' id='word_1_2' title='bbox 474 118 661 144; x_wconf 79' lang='lat' dir='ltr'>CIVITATE</span> <span class='ocrx_word' id='word_1_3' title='bbox 680 119 749 144; x_wconf 81' lang='lat' dir='ltr'><strong>DEI</strong></span> <span class='ocrx_word' id='word_1_4' title='bbox 769 120 801 144; x_wconf 85' lang='lat' dir='ltr'><strong>L.</strong></span> <span class='ocrx_word' id='word_1_5' title='bbox 821 119 885 144; x_wconf 76' lang='lat' dir='ltr'><strong>xx.</strong></span> <span class='ocrx_word' id='word_1_6' title='bbox 905 119 934 144; x_wconf 86' lang='lat' dir='ltr'><strong>c.</strong></span> <span class='ocrx_word' id='word_1_7' title='bbox 956 121 997 144; x_wconf 82' lang='lat'><strong>21.</strong></span> <span class='ocrx_word' id='word_1_8' title='bbox 1281 111 1364 152; x_wconf 81' lang='lat'><strong>457</strong></span> 
     </span>
    </p>
   </div>
   <div class='ocr_carea' id='block_1_2' title="bbox 40 208 1373 2118">
    <p class='ocr_par' dir='ltr' id='par_1_2' title="bbox 40 208 1373 2061">
     <span class='ocr_line' id='line_1_2' title="bbox 43 208 1370 256; baseline 0 -9"><span class='ocrx_word' id='word_1_9' title='bbox 43 209 298 253; x_wconf 81' lang='lat' dir='ltr'><strong>consolabor;</strong></span> <span class='ocrx_word' id='word_1_10' title='bbox 330 212 368 246; x_wconf 83' lang='lat' dir='ltr'><strong>et</strong></span> <span class='ocrx_word' id='word_1_11' title='bbox 397 209 437 245; x_wconf 76' lang='lat' dir='ltr'><strong>in</strong></span> <span class='ocrx_word' id='word_1_12' title='bbox 470 208 718 246; x_wconf 72' lang='lat' dir='ltr'><em>Hierusalem</em></span> <span class='ocrx_word' id='word_1_13' title='bbox 756 209 1070 255; x_wconf 72' lang='lat' dir='ltr'><em>consolabimini,</em></span> <span class='ocrx_word' id='word_1_14' title='bbox 1109 213 1146 247; x_wconf 80' lang='lat' dir='ltr'><strong>et</strong></span> <span class='ocrx_word' id='word_1_15' title='bbox 1178 210 1370 256; x_wconf 72' lang='lat' dir='ltr'><strong>videbitis,</strong></span> 
     </span>
     <span class='ocr_line' id='line_1_3' title="bbox 44 267 1367 315; baseline 0 -10"><span class='ocrx_word' id='word_1_16' title='bbox 44 273 80 305; x_wconf 79' lang='lat' dir='ltr'><strong>et</strong></span> <span class='ocrx_word' id='word_1_17' title='bbox 101 267 295 315; x_wconf 68' lang='lat' dir='ltr'><strong>qaudebit</strong></span> <span class='ocrx_word' id='word_1_18' title='bbox 319 277 390 304; x_wconf 80' lang='lat' dir='ltr'><strong>eor</strong></span> <span class='ocrx_word' id='word_1_19' title='bbox 416 270 586 303; x_wconf 74' lang='lat' dir='ltr'><strong>vestrum</strong></span> <span class='ocrx_word' id='word_1_20' title='bbox 613 272 651 303; x_wconf 82' lang='lat' dir='ltr'><strong>et</strong></span> <span class='ocrx_word' id='word_1_21' title='bbox 675 277 763 304; x_wconf 81' lang='lat' dir='ltr'><strong>ossa</strong></span> <span class='ocrx_word' id='word_1_22' title='bbox 790 271 920 307; x_wconf 75' lang='lat' dir='ltr'><strong>vestra</strong></span> <span class='ocrx_word' id='word_1_23' title='bbox 952 271 996 304; x_wconf 75' lang='lat' dir='ltr'><strong>ut</strong></span> <span class='ocrx_word' id='word_1_24' title='bbox 1026 267 1150 305; x_wconf 75' lang='lat' dir='ltr'><strong>herba</strong></span> <span class='ocrx_word' id='word_1_25' title='bbox 1183 269 1367 306; x_wconf 73' lang='lat' dir='ltr'><strong>exorien-</strong></span> 
     </span>
     <span class='ocr_line' id='line_1_4' title="bbox 43 325 1372 372; baseline 0 -9"><span class='ocrx_word' id='word_1_26' title='bbox 43 331 119 363; x_wconf 78' lang='lat' dir='ltr'><strong>tur.</strong></span> <span class='ocrx_word' id='word_1_27' title='bbox 181 325 233 362; x_wconf 84' lang='lat' dir='ltr'><strong>Et</strong></span> <span class='ocrx_word' id='word_1_28' title='bbox 268 329 531 372; x_wconf 63' lang='lat' dir='ltr'><strong>eoqnoseetm’</strong></span> <span class='ocrx_word' id='word_1_29' title='bbox 568 335 708 361; x_wconf 77' lang='lat' dir='ltr'><strong>manus</strong></span> <span class='ocrx_word' id='word_1_30' title='bbox 747 325 906 362; x_wconf 73' lang='lat' dir='ltr'><strong>Domini</strong></span> <span class='ocrx_word' id='word_1_31' title='bbox 941 326 1159 363; x_wconf 69' lang='lat' dir='ltr'><strong>colentibus</strong></span> <span class='ocrx_word' id='word_1_32' title='bbox 1190 337 1295 372; x_wconf 76' lang='lat' dir='ltr'><strong>eum,</strong></span> <span class='ocrx_word' id='word_1_33' title='bbox 1334 331 1372 364; x_wconf 82' lang='lat' dir='ltr'><strong>et</strong></span> 
     </span>
     <span class='ocr_line' id='line_1_5' title="bbox 42 383 1371 422; baseline 0 0"><span class='ocrx_word' id='word_1_34' title='bbox 42 383 346 422; x_wconf 76' lang='lat' dir='ltr'><strong>comminabilur</strong></span> <span class='ocrx_word' id='word_1_35' title='bbox 395 383 704 421; x_wconf 72' lang='lat' dir='ltr'><em>contumacibus.</em></span> <span class='ocrx_word' id='word_1_36' title='bbox 779 383 886 420; x_wconf 77' lang='lat' dir='ltr'><strong>Ecce</strong></span> <span class='ocrx_word' id='word_1_37' title='bbox 935 385 1036 421; x_wconf 73' lang='lat' dir='ltr'><strong>enim</strong></span> <span class='ocrx_word' id='word_1_38' title='bbox 1087 384 1278 422; x_wconf 73' lang='lat' dir='ltr'><strong>Dominus</strong></span> <span class='ocrx_word' id='word_1_39' title='bbox 1327 388 1371 422; x_wconf 81' lang='lat' dir='ltr'><strong>ut</strong></span> 
     </span>
     <span class='ocr_line' id='line_1_6' title="bbox 42 443 1368 489; baseline 0.001 -10"><span class='ocrx_word' id='word_1_40' title='bbox 42 444 145 489; x_wconf 59' lang='lat' dir='ltr'><strong>ionis</strong></span> <span class='ocrx_word' id='word_1_41' title='bbox 176 443 313 487; x_wconf 77' lang='lat' dir='ltr'><strong>veniet,</strong></span> <span class='ocrx_word' id='word_1_42' title='bbox 347 444 386 478; x_wconf 76' lang='lat' dir='ltr'><strong>et</strong></span> <span class='ocrx_word' id='word_1_43' title='bbox 414 446 459 478; x_wconf 79' lang='lat' dir='ltr'><strong>ut</strong></span> <span class='ocrx_word' id='word_1_44' title='bbox 490 445 697 488; x_wconf 69' lang='lat' dir='ltr'><strong>tempestas</strong></span> <span class='ocrx_word' id='word_1_45' title='bbox 729 452 877 478; x_wconf 75' lang='lat' dir='ltr'><strong>currus</strong></span> <span class='ocrx_word' id='word_1_46' title='bbox 908 443 1003 487; x_wconf 71' lang='lat' dir='ltr'><strong>eius,</strong></span> <span class='ocrx_word' id='word_1_47' title='bbox 1035 443 1207 480; x_wconf 76' lang='lat' dir='ltr'><strong>reddere</strong></span> <span class='ocrx_word' id='word_1_48' title='bbox 1239 444 1278 480; x_wconf 73' lang='lat' dir='ltr'><strong>in</strong></span> <span class='ocrx_word' id='word_1_49' title='bbox 1312 444 1368 480; x_wconf 75' lang='lat' dir='ltr'><strong>in-</strong></span> 
     </span>
     <span class='ocr_line' id='line_1_7' title="bbox 43 500 1369 547; baseline 0.001 -10"><span class='ocrx_word' id='word_1_50' title='bbox 43 501 274 547; x_wconf 71' lang='lat' dir='ltr'><strong>diynatione</strong></span> <span class='ocrx_word' id='word_1_51' title='bbox 307 500 521 536; x_wconf 73' lang='lat' dir='ltr'><strong>vindictam</strong></span> <span class='ocrx_word' id='word_1_52' title='bbox 547 503 585 536; x_wconf 80' lang='lat' dir='ltr'><strong>et</strong></span> <span class='ocrx_word' id='word_1_53' title='bbox 610 500 866 537; x_wconf 73' lang='lat' dir='ltr'><strong>vastcctz&#39;onem</strong></span> <span class='ocrx_word' id='word_1_54' title='bbox 894 501 931 537; x_wconf 72' lang='lat'><strong>2⁴72</strong></span> <span class='ocrx_word' id='word_1_55' title='bbox 961 501 1124 546; x_wconf 78' lang='lat' dir='ltr'><strong>flamma</strong></span> <span class='ocrx_word' id='word_1_56' title='bbox 1157 502 1269 547; x_wconf 70' lang='lat' dir='ltr'><strong>iqnis.</strong></span> <span class='ocrx_word' id='word_1_57' title='bbox 1322 501 1369 538; x_wconf 79' lang='lat' dir='ltr'><strong>In</strong></span> 
     </span>
     <span class='ocr_line' id='line_1_8' title="bbox 42 557 1370 606; baseline 0 -10"><span class='ocrx_word' id='word_1_58' title='bbox 42 560 133 606; x_wconf 59' lang='lat' dir='ltr'><strong>iane</strong></span> <span class='ocrx_word' id='word_1_59' title='bbox 165 559 266 596; x_wconf 74' lang='lat' dir='ltr'><strong>enim</strong></span> <span class='ocrx_word' id='word_1_60' title='bbox 306 557 465 595; x_wconf 70' lang='lat' dir='ltr'><strong>Domine?</strong></span> <span class='ocrx_word' id='word_1_61' title='bbox 503 558 749 594; x_wconf 71' lang='lat' dir='ltr'><strong>iudicabitur</strong></span> <span class='ocrx_word' id='word_1_62' title='bbox 787 559 909 595; x_wconf 73' lang='lat' dir='ltr'><strong>omnis</strong></span> <span class='ocrx_word' id='word_1_63' title='bbox 951 562 1063 595; x_wconf 78' lang='lat' dir='ltr'><strong>terra</strong></span> <span class='ocrx_word' id='word_1_64' title='bbox 1096 564 1133 596; x_wconf 77' lang='lat' dir='ltr'><strong>et</strong></span> <span class='ocrx_word' id='word_1_65' title='bbox 1165 561 1203 596; x_wconf 75' lang='lat'><strong>2&#39;71</strong></span> <span class='ocrx_word' id='word_1_66' title='bbox 1233 560 1370 606; x_wconf 69' lang='lat' dir='ltr'><strong>qlade&#39;o</strong></span> 
     </span>
     <span class='ocr_line' id='line_1_9' title="bbox 41 616 1371 659; baseline 0 -5"><span class='ocrx_word' id='word_1_67' title='bbox 41 619 126 654; x_wconf 68' lang='lat' dir='ltr'><strong>eius</strong></span> <span class='ocrx_word' id='word_1_68' title='bbox 162 617 287 654; x_wconf 75' lang='lat' dir='ltr'><strong>omnis</strong></span> <span class='ocrx_word' id='word_1_69' title='bbox 325 626 445 659; x_wconf 76' lang='lat' dir='ltr'><strong>cam,-</strong></span> <span class='ocrx_word' id='word_1_70' title='bbox 485 617 598 652; x_wconf 71' lang='lat' dir='ltr'><strong>multi</strong></span> <span class='ocrx_word' id='word_1_71' title='bbox 633 617 835 653; x_wconf 70' lang='lat' dir='ltr'><strong>vulnerati</strong></span> <span class='ocrx_word' id='word_1_72' title='bbox 870 620 988 653; x_wconf 72' lang='lat' dir='ltr'><strong>erunt</strong></span> <span class='ocrx_word' id='word_1_73' title='bbox 1026 628 1050 653; x_wconf 79' lang='lat' dir='ltr'><strong>a</strong></span> <span class='ocrx_word' id='word_1_74' title='bbox 1089 617 1266 654; x_wconf 74' lang='lat' dir='ltr'><strong>Domino.</strong></span> <span class='ocrx_word' id='word_1_75' title='bbox 1327 616 1371 654; x_wconf 91' lang='lat' dir='ltr'><strong>In</strong></span> 
     </span>
     <span class='ocr_line' id='line_1_10' title="bbox 41 672 1371 723; baseline 0.001 -12"><span class='ocrx_word' id='word_1_76' title='bbox 41 673 230 711; x_wconf 83' lang='lat' dir='ltr'><strong>bonorum</strong></span> <span class='ocrx_word' id='word_1_77' title='bbox 269 674 525 723; x_wconf 76' lang='lat' dir='ltr'>promissione</span> <span class='ocrx_word' id='word_1_78' title='bbox 564 672 707 711; x_wconf 86' lang='lat' dir='ltr'><strong>flumen</strong></span> <span class='ocrx_word' id='word_1_79' title='bbox 753 675 857 723; x_wconf 82' lang='lat' dir='ltr'>pacis</span> <span class='ocrx_word' id='word_1_80' title='bbox 890 674 1064 723; x_wconf 84' lang='lat' dir='ltr'><strong>profecto</strong></span> <span class='ocrx_word' id='word_1_81' title='bbox 1097 674 1371 712; x_wconf 78' lang='lat' dir='ltr'><strong>abundantiam</strong></span> 
     </span>
     <span class='ocr_line' id='line_1_11' title="bbox 40 731 1370 783; baseline 0 -13"><span class='ocrx_word' id='word_1_82' title='bbox 40 733 145 782; x_wconf 86' lang='lat' dir='ltr'><strong>pacis</strong></span> <span class='ocrx_word' id='word_1_83' title='bbox 176 731 278 769; x_wconf 88' lang='lat' dir='ltr'><strong>illius</strong></span> <span class='ocrx_word' id='word_1_84' title='bbox 311 731 497 769; x_wconf 86' lang='lat' dir='ltr'><strong>debemus</strong></span> <span class='ocrx_word' id='word_1_85' title='bbox 530 733 717 782; x_wconf 72' lang='lat' dir='ltr'><strong>accipere,</strong></span> <span class='ocrx_word' id='word_1_86' title='bbox 750 744 823 781; x_wconf 90' lang='lat' dir='ltr'><strong>qua</strong></span> <span class='ocrx_word' id='word_1_87' title='bbox 857 733 977 769; x_wconf 87' lang='lat' dir='ltr'><strong>maior</strong></span> <span class='ocrx_word' id='word_1_88' title='bbox 1010 744 1094 770; x_wconf 84' lang='lat' dir='ltr'><strong>esse</strong></span> <span class='ocrx_word' id='word_1_89' title='bbox 1128 745 1204 770; x_wconf 87' lang='lat' dir='ltr'><strong>non</strong></span> <span class='ocrx_word' id='word_1_90' title='bbox 1236 735 1370 783; x_wconf 86' lang='lat' dir='ltr'><strong>possit.</strong></span> 
     </span>
     <span class='ocr_line' id='line_1_12' title="bbox 40 789 1370 840; baseline 0 -12"><span class='ocrx_word' id='word_1_91' title='bbox 40 790 119 828; x_wconf 88' lang='lat' dir='ltr'><strong>Hac</strong></span> <span class='ocrx_word' id='word_1_92' title='bbox 146 791 278 840; x_wconf 86' lang='lat' dir='ltr'><strong>utique</strong></span> <span class='ocrx_word' id='word_1_93' title='bbox 305 791 343 827; x_wconf 92' lang='lat' dir='ltr'><strong>in</strong></span> <span class='ocrx_word' id='word_1_94' title='bbox 371 790 444 827; x_wconf 87' lang='lat' dir='ltr'><strong>fine</strong></span> <span class='ocrx_word' id='word_1_95' title='bbox 473 789 703 840; x_wconf 80' lang='lat' dir='ltr'><strong>rigabimur3</strong></span> <span class='ocrx_word' id='word_1_96' title='bbox 735 789 781 826; x_wconf 86' lang='lat' dir='ltr'><strong>de</strong></span> <span class='ocrx_word' id='word_1_97' title='bbox 815 802 889 839; x_wconf 90' lang='lat' dir='ltr'><strong>qua</strong></span> <span class='ocrx_word' id='word_1_98' title='bbox 920 791 958 827; x_wconf 93' lang='lat' dir='ltr'><strong>in</strong></span> <span class='ocrx_word' id='word_1_99' title='bbox 992 791 1239 840; x_wconf 76' lang='lat' dir='ltr'><strong>praecedenti</strong></span> <span class='ocrx_word' id='word_1_100' title='bbox 1272 791 1370 828; x_wconf 91' lang='lat' dir='ltr'><strong>libro</strong></span> 
     </span>
     <span class='ocr_line' id='line_1_13' title="bbox 41 847 1369 887; baseline 0 -1"><span class='ocrx_word' id='word_1_101' title='bbox 41 848 281 886; x_wconf 79' lang='lat' dir='ltr'><strong>abundanter</strong></span> <span class='ocrx_word' id='word_1_102' title='bbox 308 847 426 885; x_wconf 90' lang='lat' dir='ltr'><strong>locuti</strong></span> <span class='ocrx_word' id='word_1_103' title='bbox 452 860 597 885; x_wconf 87' lang='lat' dir='ltr'><strong>sumus.</strong></span> <span class='ocrx_word' id='word_1_104' title='bbox 659 847 739 885; x_wconf 87' lang='lat' dir='ltr'><strong>Hoc</strong></span> <span class='ocrx_word' id='word_1_105' title='bbox 767 848 910 885; x_wconf 81' lang='lat' dir='ltr'><strong>flumen</strong></span> <span class='ocrx_word' id='word_1_106' title='bbox 939 860 978 885; x_wconf 90' lang='lat' dir='ltr'><strong>se</strong></span> <span class='ocrx_word' id='word_1_107' title='bbox 1006 850 1044 886; x_wconf 92' lang='lat' dir='ltr'><strong>in</strong></span> <span class='ocrx_word' id='word_1_108' title='bbox 1078 861 1143 886; x_wconf 92' lang='lat' dir='ltr'><strong>eos</strong></span> <span class='ocrx_word' id='word_1_109' title='bbox 1176 849 1369 887; x_wconf 88' lang='lat' dir='ltr'><strong>declinare</strong></span> 
     </span>
     <span class='ocr_line' id='line_1_14' title="bbox 41 905 1368 958; baseline 0 -14"><span class='ocrx_word' id='word_1_110' title='bbox 41 906 151 958; x_wconf 81' lang='lat' dir='ltr'><strong>dicit,</strong></span> <span class='ocrx_word' id='word_1_111' title='bbox 184 905 325 956; x_wconf 91' lang='lat' dir='ltr'><strong>quibus</strong></span> <span class='ocrx_word' id='word_1_112' title='bbox 358 911 501 943; x_wconf 87' lang='lat' dir='ltr'><strong>tantam</strong></span> <span class='ocrx_word' id='word_1_113' title='bbox 534 905 811 943; x_wconf 78' lang='lat' dir='ltr'><strong>beatitudinem</strong></span> <span class='ocrx_word' id='word_1_114' title='bbox 844 906 1067 956; x_wconf 87' lang='lat' dir='ltr'><strong>pollicetur,</strong></span> <span class='ocrx_word' id='word_1_115' title='bbox 1099 913 1142 945; x_wconf 91' lang='lat' dir='ltr'><strong>ut</strong></span> <span class='ocrx_word' id='word_1_116' title='bbox 1173 907 1368 957; x_wconf 84' lang='lat' dir='ltr'><strong>intellega-</strong></span> 
     </span>
     <span class='ocr_line' id='line_1_15' title="bbox 41 964 1369 1015; baseline 0 -13"><span class='ocrx_word' id='word_1_117' title='bbox 41 977 127 1003; x_wconf 88' lang='lat' dir='ltr'><strong>mus</strong></span> <span class='ocrx_word' id='word_1_118' title='bbox 165 966 203 1002; x_wconf 91' lang='lat' dir='ltr'><strong>in</strong></span> <span class='ocrx_word' id='word_1_119' title='bbox 242 964 343 1002; x_wconf 86' lang='lat' dir='ltr'><strong>illius</strong></span> <span class='ocrx_word' id='word_1_120' title='bbox 382 964 576 1002; x_wconf 82' lang='lat' dir='ltr'><strong>felicitatis</strong></span> <span class='ocrx_word' id='word_1_121' title='bbox 615 966 791 1015; x_wconf 80' lang='lat' dir='ltr'><strong>regione,</strong></span> <span class='ocrx_word' id='word_1_122' title='bbox 831 976 928 1013; x_wconf 89' lang='lat' dir='ltr'><strong>quae</strong></span> <span class='ocrx_word' id='word_1_123' title='bbox 961 966 1000 1001; x_wconf 90' lang='grc'><strong>111</strong></span> <span class='ocrx_word' id='word_1_124' title='bbox 1034 965 1149 1002; x_wconf 87' lang='lat' dir='ltr'><strong>caelis</strong></span> <span class='ocrx_word' id='word_1_125' title='bbox 1183 971 1258 1015; x_wconf 85' lang='lat' dir='ltr'><strong>est,</strong></span> <span class='ocrx_word' id='word_1_126' title='bbox 1298 965 1369 1002; x_wconf 87' lang='lat' dir='ltr'><strong>boc</strong></span> 
     </span>
     <span class='ocr_line' id='line_1_16' title="bbox 41 1022 1371 1073; baseline 0 -13"><span class='ocrx_word' id='word_1_127' title='bbox 41 1023 199 1061; x_wconf 84' lang='lat' dir='ltr'><strong>flumine</strong></span> <span class='ocrx_word' id='word_1_128' title='bbox 243 1023 369 1059; x_wconf 86' lang='lat' dir='ltr'><strong>onmia</strong></span> <span class='ocrx_word' id='word_1_129' title='bbox 414 1023 561 1072; x_wconf 82' lang='lat' dir='ltr'><strong>satiari3</strong></span> <span class='ocrx_word' id='word_1_130' title='bbox 606 1022 671 1059; x_wconf 85' lang='lat' dir='ltr'><strong>sed</strong></span> <span class='ocrx_word' id='word_1_131' title='bbox 718 1023 806 1072; x_wconf 89' lang='lat' dir='ltr'><strong>quia</strong></span> <span class='ocrx_word' id='word_1_132' title='bbox 851 1027 888 1059; x_wconf 90' lang='lat' dir='ltr'><strong>et</strong></span> <span class='ocrx_word' id='word_1_133' title='bbox 930 1025 1097 1060; x_wconf 86' lang='lat' dir='ltr'><strong>terrenis</strong></span> <span class='ocrx_word' id='word_1_134' title='bbox 1140 1023 1371 1073; x_wconf 82' lang='lat' dir='ltr'><strong>corporibus</strong></span> 
     </span>
     <span class='ocr_line' id='line_1_17' title="bbox 40 1080 1369 1132; baseline 0.001 -14"><span class='ocrx_word' id='word_1_135' title='bbox 40 1093 112 1132; x_wconf 89' lang='lat' dir='ltr'><strong>pax</strong></span> <span class='ocrx_word' id='word_1_136' title='bbox 151 1082 455 1130; x_wconf 80' lang='lat' dir='ltr'><strong>incorruptionis</strong></span> <span class='ocrx_word' id='word_1_137' title='bbox 495 1087 609 1129; x_wconf 88' lang='lat' dir='ltr'><strong>atque</strong></span> <span class='ocrx_word' id='word_1_138' title='bbox 647 1080 934 1118; x_wconf 89' lang='lat' dir='ltr'><strong>inmortalitatis</strong></span> <span class='ocrx_word' id='word_1_139' title='bbox 966 1080 1054 1117; x_wconf 89' lang='lat' dir='ltr'><strong>inde</strong></span> <span class='ocrx_word' id='word_1_140' title='bbox 1088 1082 1241 1132; x_wconf 72' lang='lat' dir='ltr'><strong>influet,</strong></span> <span class='ocrx_word' id='word_1_141' title='bbox 1283 1081 1369 1119; x_wconf 88' lang='lat' dir='ltr'><strong>ideo</strong></span> 
     </span>
     <span class='ocr_line' id='line_1_18' title="bbox 40 1138 1368 1189; baseline -0.001 -12"><span class='ocrx_word' id='word_1_142' title='bbox 40 1138 233 1177; x_wconf 86' lang='lat' dir='ltr'><strong>declinare</strong></span> <span class='ocrx_word' id='word_1_143' title='bbox 279 1150 319 1176; x_wconf 88' lang='lat' dir='ltr'><strong>se</strong></span> <span class='ocrx_word' id='word_1_144' title='bbox 361 1138 454 1176; x_wconf 86' lang='lat' dir='ltr'><strong>dicit</strong></span> <span class='ocrx_word' id='word_1_145' title='bbox 490 1138 563 1175; x_wconf 86' lang='lat' dir='ltr'><strong>hoc</strong></span> <span class='ocrx_word' id='word_1_146' title='bbox 607 1138 768 1189; x_wconf 82' lang='lat' dir='ltr'><strong>flumen,</strong></span> <span class='ocrx_word' id='word_1_147' title='bbox 812 1144 854 1176; x_wconf 90' lang='lat' dir='ltr'><strong>ut</strong></span> <span class='ocrx_word' id='word_1_148' title='bbox 892 1138 938 1176; x_wconf 89' lang='lat' dir='ltr'><strong>de</strong></span> <span class='ocrx_word' id='word_1_149' title='bbox 983 1141 1163 1189; x_wconf 85' lang='lat' dir='ltr'><strong>supernis</strong></span> <span class='ocrx_word' id='word_1_150' title='bbox 1203 1139 1368 1189; x_wconf 88' lang='lat' dir='ltr'><strong>quodam</strong></span> 
     </span>
     <span class='ocr_line' id='line_1_19' title="bbox 41 1196 1370 1247; baseline 0 -12"><span class='ocrx_word' id='word_1_151' title='bbox 41 1197 153 1235; x_wconf 89' lang='lat' dir='ltr'><strong>modo</strong></span> <span class='ocrx_word' id='word_1_152' title='bbox 195 1198 308 1235; x_wconf 90' lang='lat' dir='ltr'><strong>etiam</strong></span> <span class='ocrx_word' id='word_1_153' title='bbox 348 1197 530 1234; x_wconf 80' lang='lat' dir='ltr'><strong>inferiora</strong></span> <span class='ocrx_word' id='word_1_154' title='bbox 571 1196 776 1246; x_wconf 82' lang='lat' dir='ltr'><strong>perfundat</strong></span> <span class='ocrx_word' id='word_1_155' title='bbox 817 1202 855 1234; x_wconf 88' lang='lat' dir='ltr'><strong>et</strong></span> <span class='ocrx_word' id='word_1_156' title='bbox 886 1196 1062 1234; x_wconf 89' lang='lat' dir='ltr'><strong>homines</strong></span> <span class='ocrx_word' id='word_1_157' title='bbox 1095 1197 1273 1247; x_wconf 82' lang='lat' dir='ltr'><strong>aequales</strong></span> <span class='ocrx_word' id='word_1_158' title='bbox 1307 1209 1370 1235; x_wconf 89' lang='lat' dir='ltr'><strong>an-</strong></span> 
     </span>
     <span class='ocr_line' id='line_1_20' title="bbox 40 1254 1373 1306; baseline 0 -13"><span class='ocrx_word' id='word_1_159' title='bbox 40 1255 134 1306; x_wconf 87' lang='lat' dir='ltr'><strong>gelis</strong></span> <span class='ocrx_word' id='word_1_160' title='bbox 173 1254 318 1293; x_wconf 87' lang='lat' dir='ltr'><strong>reddat.</strong></span> <span class='ocrx_word' id='word_1_161' title='bbox 379 1254 620 1292; x_wconf 85' lang='lat' dir='ltr'><strong>Hierusalem</strong></span> <span class='ocrx_word' id='word_1_162' title='bbox 660 1266 833 1306; x_wconf 84' lang='lat' dir='ltr'><strong>quoque,</strong></span> <span class='ocrx_word' id='word_1_163' title='bbox 871 1266 947 1291; x_wconf 92' lang='lat' dir='ltr'><strong>non</strong></span> <span class='ocrx_word' id='word_1_164' title='bbox 991 1255 1092 1292; x_wconf 89' lang='lat' dir='ltr'><strong>illam</strong></span> <span class='ocrx_word' id='word_1_165' title='bbox 1124 1267 1221 1305; x_wconf 90' lang='lat' dir='ltr'><strong>quae</strong></span> <span class='ocrx_word' id='word_1_166' title='bbox 1255 1257 1373 1294; x_wconf 85' lang='lat' dir='ltr'><strong>servit</strong></span> 
     </span>
     <span class='ocr_line' id='line_1_21' title="bbox 41 1312 1372 1363; baseline 0 -12"><span class='ocrx_word' id='word_1_167' title='bbox 41 1325 129 1351; x_wconf 91' lang='lat' dir='ltr'><strong>cum</strong></span> <span class='ocrx_word' id='word_1_168' title='bbox 162 1313 250 1351; x_wconf 86' lang='lat' dir='ltr'><strong>filiis</strong></span> <span class='ocrx_word' id='word_1_169' title='bbox 282 1314 382 1363; x_wconf 82' lang='lat' dir='ltr'><strong>suis,</strong></span> <span class='ocrx_word' id='word_1_170' title='bbox 415 1312 481 1350; x_wconf 85' lang='lat' dir='ltr'><strong>sed</strong></span> <span class='ocrx_word' id='word_1_171' title='bbox 515 1312 674 1350; x_wconf 86' lang='lat' dir='ltr'><strong>liberam</strong></span> <span class='ocrx_word' id='word_1_172' title='bbox 708 1318 868 1350; x_wconf 91' lang='lat' dir='ltr'><strong>matrem</strong></span> <span class='ocrx_word' id='word_1_173' title='bbox 901 1318 1072 1351; x_wconf 90' lang='lat' dir='ltr'><strong>nostram</strong></span> <span class='ocrx_word' id='word_1_174' title='bbox 1104 1313 1372 1363; x_wconf 80' lang='lat' dir='ltr'><strong>intellegamus</strong></span> 
     </span>
     <span class='ocr_line' id='line_1_22' title="bbox 42 1370 1372 1421; baseline 0 -12"><span class='ocrx_word' id='word_1_175' title='bbox 42 1371 256 1409; x_wconf 90' lang='lat' dir='ltr'><strong>secundum</strong></span> <span class='ocrx_word' id='word_1_176' title='bbox 283 1370 499 1421; x_wconf 90' lang='lat' dir='ltr'><strong>apostolum</strong></span> <span class='ocrx_word' id='word_1_177' title='bbox 526 1377 722 1408; x_wconf 87' lang='lat' dir='ltr'><strong>aeternam</strong></span> <span class='ocrx_word' id='word_1_178' title='bbox 754 1372 793 1408; x_wconf 88' lang='lat' dir='ltr'><strong>iu</strong></span> <span class='ocrx_word' id='word_1_179' title='bbox 826 1370 952 1408; x_wconf 88' lang='lat' dir='ltr'><strong>caelis.</strong></span> <span class='ocrx_word' id='word_1_180' title='bbox 1015 1370 1070 1408; x_wconf 88' lang='lat' dir='ltr'><strong>lbi</strong></span> <span class='ocrx_word' id='word_1_181' title='bbox 1102 1378 1189 1421; x_wconf 88' lang='lat' dir='ltr'><strong>post</strong></span> <span class='ocrx_word' id='word_1_182' title='bbox 1221 1371 1372 1409; x_wconf 86' lang='lat' dir='ltr'><strong>labores</strong></span> 
     </span>
     <span class='ocr_line' id='line_1_23' title="bbox 42 1429 1370 1481; baseline 0 -14"><span class='ocrx_word' id='word_1_183' title='bbox 42 1441 316 1467; x_wconf 85' lang='lat' dir='ltr'><strong>aerumnarum</strong></span> <span class='ocrx_word' id='word_1_184' title='bbox 361 1440 621 1478; x_wconf 87' lang='lat' dir='ltr'><strong>curarumque</strong></span> <span class='ocrx_word' id='word_1_185' title='bbox 667 1429 886 1466; x_wconf 87' lang='lat' dir='ltr'><strong>mortalium</strong></span> <span class='ocrx_word' id='word_1_186' title='bbox 931 1429 1235 1481; x_wconf 78' lang='lat' dir='ltr'><strong>consolabimur,</strong></span> <span class='ocrx_word' id='word_1_187' title='bbox 1278 1436 1370 1468; x_wconf 87' lang='lat' dir='ltr'><strong>tam-</strong></span> 
     </span>
     <span class='ocr_line' id='line_1_24' title="bbox 42 1486 1372 1538; baseline 0 -13"><span class='ocrx_word' id='word_1_188' title='bbox 42 1499 156 1538; x_wconf 90' lang='lat' dir='ltr'><strong>quam</strong></span> <span class='ocrx_word' id='word_1_189' title='bbox 187 1487 338 1538; x_wconf 87' lang='lat' dir='ltr'><strong>parvuli</strong></span> <span class='ocrx_word' id='word_1_190' title='bbox 376 1488 459 1525; x_wconf 88' lang='lat' dir='ltr'><strong>eius</strong></span> <span class='ocrx_word' id='word_1_191' title='bbox 497 1488 535 1524; x_wconf 91' lang='lat' dir='ltr'><strong>in</strong></span> <span class='ocrx_word' id='word_1_192' title='bbox 577 1489 722 1525; x_wconf 87' lang='lat' dir='ltr'><strong>umeris</strong></span> <span class='ocrx_word' id='word_1_193' title='bbox 754 1486 995 1537; x_wconf 85' lang='lat' dir='ltr'><strong>genibusque</strong></span> <span class='ocrx_word' id='word_1_194' title='bbox 1027 1489 1179 1538; x_wconf 87' lang='lat' dir='ltr'><strong>portati.</strong></span> <span class='ocrx_word' id='word_1_195' title='bbox 1241 1487 1372 1525; x_wconf 87' lang='lat' dir='ltr'><strong>Rudes</strong></span> 
     </span>
     <span class='ocr_line' id='line_1_25' title="bbox 42 1544 1372 1584; baseline -0.001 0"><span class='ocrx_word' id='word_1_196' title='bbox 42 1547 144 1584; x_wconf 90' lang='lat' dir='ltr'><strong>enim</strong></span> <span class='ocrx_word' id='word_1_197' title='bbox 186 1557 256 1583; x_wconf 90' lang='lat' dir='ltr'><strong>nos</strong></span> <span class='ocrx_word' id='word_1_198' title='bbox 295 1551 334 1583; x_wconf 84' lang='lat' dir='ltr'><strong>et</strong></span> <span class='ocrx_word' id='word_1_199' title='bbox 372 1557 490 1583; x_wconf 89' lang='lat' dir='ltr'><strong>novos</strong></span> <span class='ocrx_word' id='word_1_200' title='bbox 530 1544 790 1583; x_wconf 85' lang='lat' dir='ltr'><strong>blandissimis</strong></span> <span class='ocrx_word' id='word_1_201' title='bbox 828 1545 1029 1583; x_wconf 88' lang='lat' dir='ltr'><strong>adiutoriis</strong></span> <span class='ocrx_word' id='word_1_202' title='bbox 1068 1545 1221 1584; x_wconf 89' lang='lat' dir='ltr'><strong>insolita</strong></span> <span class='ocrx_word' id='word_1_203' title='bbox 1260 1545 1372 1583; x_wconf 90' lang='lat' dir='ltr'><strong>nobis</strong></span> 
     </span>
     <span class='ocr_line' id='line_1_26' title="bbox 42 1603 1371 1654; baseline 0 -12"><span class='ocrx_word' id='word_1_204' title='bbox 42 1603 239 1642; x_wconf 81' lang='lat' dir='ltr'><strong>beatitudo</strong></span> <span class='ocrx_word' id='word_1_205' title='bbox 276 1603 338 1641; x_wconf 87' lang='lat' dir='ltr'><strong>illa</strong></span> <span class='ocrx_word' id='word_1_206' title='bbox 380 1605 576 1654; x_wconf 89' lang='lat' dir='ltr'><strong>suscipiet.</strong></span> <span class='ocrx_word' id='word_1_207' title='bbox 638 1603 693 1640; x_wconf 87' lang='lat' dir='ltr'><strong>lbi</strong></span> <span class='ocrx_word' id='word_1_208' title='bbox 733 1603 965 1654; x_wconf 77' lang='lat' dir='ltr'><strong>videbimus,</strong></span> <span class='ocrx_word' id='word_1_209' title='bbox 1009 1609 1046 1641; x_wconf 88' lang='lat' dir='ltr'><strong>et</strong></span> <span class='ocrx_word' id='word_1_210' title='bbox 1084 1603 1267 1653; x_wconf 86' lang='lat' dir='ltr'><strong>gaudebit</strong></span> <span class='ocrx_word' id='word_1_211' title='bbox 1305 1616 1371 1642; x_wconf 86' lang='lat' dir='ltr'><strong>cor</strong></span> 
     </span>
     <span class='ocr_line' id='line_1_27' title="bbox 43 1661 1373 1712; baseline 0.001 -13"><span class='ocrx_word' id='word_1_212' title='bbox 43 1668 232 1700; x_wconf 89' lang='lat' dir='ltr'><strong>nostrum.</strong></span> <span class='ocrx_word' id='word_1_213' title='bbox 294 1661 373 1699; x_wconf 86' lang='lat' dir='ltr'><strong>Nec</strong></span> <span class='ocrx_word' id='word_1_214' title='bbox 415 1663 606 1712; x_wconf 85' lang='lat' dir='ltr'><strong>expressit</strong></span> <span class='ocrx_word' id='word_1_215' title='bbox 647 1661 738 1711; x_wconf 88' lang='lat' dir='ltr'><strong>quid</strong></span> <span class='ocrx_word' id='word_1_216' title='bbox 782 1661 1013 1712; x_wconf 86' lang='lat' dir='ltr'><strong>videbimus;</strong></span> <span class='ocrx_word' id='word_1_217' title='bbox 1055 1661 1121 1699; x_wconf 88' lang='lat' dir='ltr'><strong>sed</strong></span> <span class='ocrx_word' id='word_1_218' title='bbox 1165 1661 1257 1711; x_wconf 91' lang='lat' dir='ltr'><strong>quid</strong></span> <span class='ocrx_word' id='word_1_219' title='bbox 1298 1664 1373 1700; x_wconf 88' lang='lat' dir='ltr'><strong>nisi</strong></span> 
     </span>
     <span class='ocr_line' id='line_1_28' title="bbox 42 1717 1372 1770; baseline 0.001 -13"><span class='ocrx_word' id='word_1_220' title='bbox 42 1717 194 1758; x_wconf 78' lang='lat' dir='ltr'><strong>Deum?</strong></span> <span class='ocrx_word' id='word_1_221' title='bbox 236 1725 280 1757; x_wconf 89' lang='lat' dir='ltr'><strong>ut</strong></span> <span class='ocrx_word' id='word_1_222' title='bbox 324 1719 529 1769; x_wconf 88' lang='lat' dir='ltr'><strong>impleatur</strong></span> <span class='ocrx_word' id='word_1_223' title='bbox 572 1721 611 1757; x_wconf 93' lang='lat' dir='ltr'><strong>in</strong></span> <span class='ocrx_word' id='word_1_224' title='bbox 656 1719 767 1757; x_wconf 87' lang='lat' dir='ltr'><strong>nobis</strong></span> <span class='ocrx_word' id='word_1_225' title='bbox 812 1720 1046 1770; x_wconf 87' lang='lat' dir='ltr'><strong>promissum</strong></span> <span class='ocrx_word' id='word_1_226' title='bbox 1091 1720 1372 1770; x_wconf 74' lang='lat' dir='ltr'><strong>evangelicum:</strong></span> 
     </span>
     <span class='ocr_line' id='line_1_29' title="bbox 42 1778 1373 1829; baseline 0 -14"><span class='ocrx_word' id='word_1_227' title='bbox 42 1779 159 1816; x_wconf 68' lang='lat' dir='ltr'><strong>Beati</strong></span> <span class='ocrx_word' id='word_1_228' title='bbox 199 1780 345 1816; x_wconf 78' lang='lat' dir='ltr'><strong>mundo</strong></span> <span class='ocrx_word' id='word_1_229' title='bbox 389 1780 533 1825; x_wconf 80' lang='lat' dir='ltr'><strong>corde,</strong></span> <span class='ocrx_word' id='word_1_230' title='bbox 577 1780 763 1825; x_wconf 70' lang='lat' dir='ltr'><strong>quoniam</strong></span> <span class='ocrx_word' id='word_1_231' title='bbox 809 1780 884 1826; x_wconf 73' lang='lat' dir='ltr'><strong>ipsi</strong></span> <span class='ocrx_word' id='word_1_232' title='bbox 922 1778 1047 1816; x_wconf 75' lang='lat' dir='ltr'><strong>Deum</strong></span> <span class='ocrx_word' id='word_1_233' title='bbox 1089 1780 1294 1829; x_wconf 73' lang='lat' dir='ltr'><strong>videbunt,</strong></span> <span class='ocrx_word' id='word_1_234' title='bbox 1334 1784 1373 1816; x_wconf 87' lang='lat' dir='ltr'><strong>et</strong></span> 
     </span>
     <span class='ocr_line' id='line_1_30' title="bbox 44 1835 1372 1887; baseline 0.001 -14"><span class='ocrx_word' id='word_1_235' title='bbox 44 1838 169 1874; x_wconf 86' lang='lat' dir='ltr'><strong>onmia</strong></span> <span class='ocrx_word' id='word_1_236' title='bbox 203 1835 276 1887; x_wconf 80' lang='lat' dir='ltr'><strong>illa,</strong></span> <span class='ocrx_word' id='word_1_237' title='bbox 309 1848 406 1885; x_wconf 86' lang='lat' dir='ltr'><strong>quae</strong></span> <span class='ocrx_word' id='word_1_238' title='bbox 440 1848 542 1873; x_wconf 86' lang='lat' dir='ltr'><strong>nunc</strong></span> <span class='ocrx_word' id='word_1_239' title='bbox 576 1848 651 1873; x_wconf 90' lang='lat' dir='ltr'><strong>non</strong></span> <span class='ocrx_word' id='word_1_240' title='bbox 686 1836 871 1887; x_wconf 81' lang='lat' dir='ltr'><strong>videmus,</strong></span> <span class='ocrx_word' id='word_1_241' title='bbox 903 1835 1108 1874; x_wconf 85' lang='lat' dir='ltr'><strong>credentes</strong></span> <span class='ocrx_word' id='word_1_242' title='bbox 1141 1842 1268 1874; x_wconf 87' lang='lat' dir='ltr'><strong>autem</strong></span> <span class='ocrx_word' id='word_1_243' title='bbox 1301 1848 1372 1887; x_wconf 90' lang='lat' dir='ltr'><strong>pro</strong></span> 
     </span>
     <span class='ocr_line' id='line_1_31' title="bbox 42 1893 1370 1944; baseline 0.001 -13"><span class='ocrx_word' id='word_1_244' title='bbox 42 1894 197 1932; x_wconf 90' lang='lat' dir='ltr'><strong>modulo</strong></span> <span class='ocrx_word' id='word_1_245' title='bbox 224 1895 446 1944; x_wconf 87' lang='lat' dir='ltr'><strong>capacitatis</strong></span> <span class='ocrx_word' id='word_1_246' title='bbox 473 1894 661 1932; x_wconf 84' lang='lat' dir='ltr'><strong>humanae</strong></span> <span class='ocrx_word' id='word_1_247' title='bbox 687 1893 799 1944; x_wconf 84' lang='lat' dir='ltr'><strong>longe</strong></span> <span class='ocrx_word' id='word_1_248' title='bbox 832 1895 959 1932; x_wconf 91' lang='lat' dir='ltr'><strong>minus</strong></span> <span class='ocrx_word' id='word_1_249' title='bbox 987 1907 1100 1944; x_wconf 88' lang='lat' dir='ltr'><strong>quam</strong></span> <span class='ocrx_word' id='word_1_250' title='bbox 1134 1900 1225 1932; x_wconf 83' lang='lat' dir='ltr'><strong>sunt</strong></span> <span class='ocrx_word' id='word_1_251' title='bbox 1257 1901 1370 1944; x_wconf 87' lang='lat' dir='ltr'><strong>atque</strong></span> 
     </span>
     <span class='ocr_line' id='line_1_32' title="bbox 42 1952 1370 2003; baseline 0.002 -14"><span class='ocrx_word' id='word_1_252' title='bbox 42 1952 395 2002; x_wconf 85' lang='lat' dir='ltr'><strong>incomparabiliter</strong></span> <span class='ocrx_word' id='word_1_253' title='bbox 427 1954 652 2002; x_wconf 83' lang='lat' dir='ltr'><strong>cogitamus.</strong></span> <span class='ocrx_word' id='word_1_254' title='bbox 714 1953 766 1990; x_wconf 82' lang='lat' dir='ltr'><strong>Et</strong></span> <span class='ocrx_word' id='word_1_255' title='bbox 796 1953 994 1999; x_wconf 73' lang='lat' dir='ltr'><strong>videbitis,</strong></span> <span class='ocrx_word' id='word_1_256' title='bbox 1027 1954 1172 2003; x_wconf 80' lang='lat' dir='ltr'><strong>inquit,</strong></span> <span class='ocrx_word' id='word_1_257' title='bbox 1205 1958 1243 1991; x_wconf 82' lang='lat' dir='ltr'><strong>et</strong></span> <span class='ocrx_word' id='word_1_258' title='bbox 1270 1965 1370 2000; x_wconf 69' lang='lat' dir='ltr'><strong>qau-</strong></span> 
     </span>
     <span class='ocr_line' id='line_1_33' title="bbox 43 2010 1102 2061; baseline -0.001 -13"><span class='ocrx_word' id='word_1_259' title='bbox 43 2011 149 2048; x_wconf 78' lang='lat' dir='ltr'><strong>debz&#39;t</strong></span> <span class='ocrx_word' id='word_1_260' title='bbox 180 2022 250 2048; x_wconf 80' lang='lat' dir='ltr'><strong>cor</strong></span> <span class='ocrx_word' id='word_1_261' title='bbox 281 2015 462 2049; x_wconf 79' lang='lat' dir='ltr'><strong>vestrum.</strong></span> <span class='ocrx_word' id='word_1_262' title='bbox 525 2010 595 2048; x_wconf 90' lang='lat' dir='ltr'><strong>Hic</strong></span> <span class='ocrx_word' id='word_1_263' title='bbox 627 2011 797 2061; x_wconf 84' lang='lat' dir='ltr'><strong>creditis⁷</strong></span> <span class='ocrx_word' id='word_1_264' title='bbox 830 2010 882 2048; x_wconf 85' lang='lat' dir='ltr'><strong>ibi</strong></span> <span class='ocrx_word' id='word_1_265' title='bbox 914 2010 1102 2049; x_wconf 83' lang='lat' dir='ltr'><strong>videbitis.</strong></span> 
     </span>
    </p>

    <p class='ocr_par' dir='ltr' id='par_1_3' title="bbox 161 2068 1371 2118">
     <span class='ocr_line' id='line_1_34' title="bbox 161 2068 1371 2118; baseline 0.002 -13"><span class='ocrx_word' id='word_1_266' title='bbox 161 2068 235 2105; x_wconf 87' lang='lat' dir='ltr'><strong>Sed</strong></span> <span class='ocrx_word' id='word_1_267' title='bbox 281 2070 461 2117; x_wconf 88' lang='lat' dir='ltr'><strong>quoniam</strong></span> <span class='ocrx_word' id='word_1_268' title='bbox 501 2068 612 2106; x_wconf 83' lang='lat' dir='ltr'><strong>dixit:</strong></span> <span class='ocrx_word' id='word_1_269' title='bbox 657 2069 708 2106; x_wconf 77' lang='lat' dir='ltr'><strong>Et</strong></span> <span class='ocrx_word' id='word_1_270' title='bbox 742 2070 936 2116; x_wconf 65' lang='lat' dir='ltr'><strong>gsaztclebit</strong></span> <span class='ocrx_word' id='word_1_271' title='bbox 978 2081 1049 2107; x_wconf 81' lang='lat' dir='ltr'><strong>cor</strong></span> <span class='ocrx_word' id='word_1_272' title='bbox 1087 2074 1278 2118; x_wconf 68' lang='lat' dir='ltr'><strong>vestrum,</strong></span> <span class='ocrx_word' id='word_1_273' title='bbox 1324 2082 1371 2107; x_wconf 90' lang='lat' dir='ltr'><strong>ne</strong></span> 
     </span>
    </p>
   </div>
   <div class='ocr_carea' id='block_1_3' title="bbox 136 2168 1217 2213">
    <p class='ocr_par' dir='ltr' id='par_1_4' title="bbox 136 2168 1217 2213">
     <span class='ocr_line' id='line_1_35' title="bbox 136 2168 1217 2213; baseline 0.002 -11"><span class='ocrx_word' id='word_1_274' title='bbox 136 2170 170 2209; x_wconf 85' lang='lat'><strong>8)</strong></span> <span class='ocrx_word' id='word_1_275' title='bbox 197 2168 292 2202; x_wconf 74' lang='lat' dir='ltr'><strong>Esai.</strong></span> <span class='ocrx_word' id='word_1_276' title='bbox 322 2173 375 2210; x_wconf 83' lang='grc'><strong>66,</strong></span> <span class='ocrx_word' id='word_1_277' title='bbox 404 2172 444 2202; x_wconf 81' lang='grc'><strong>12</strong></span> <span class='ocrx_word' id='word_1_278' title='bbox 473 2180 547 2212; x_wconf 86' lang='lat' dir='ltr'><strong>sqq.</strong></span> <span class='ocrx_word' id='word_1_279' title='bbox 599 2172 656 2212; x_wconf 79' lang='lat'><strong>21)</strong></span> <span class='ocrx_word' id='word_1_280' title='bbox 683 2169 762 2203; x_wconf 78' lang='lat' dir='ltr'><strong>Gal.</strong></span> <span class='ocrx_word' id='word_1_281' title='bbox 789 2174 821 2212; x_wconf 80' lang='lat'><strong>4,</strong></span> <span class='ocrx_word' id='word_1_282' title='bbox 848 2173 902 2203; x_wconf 82' lang='lat'><strong>26.</strong></span> <span class='ocrx_word' id='word_1_283' title='bbox 952 2170 1011 2213; x_wconf 78' lang='lat'><strong>28)</strong></span> <span class='ocrx_word' id='word_1_284' title='bbox 1037 2169 1100 2204; x_wconf 81' lang='lat' dir='ltr'><strong>Mt.</strong></span> <span class='ocrx_word' id='word_1_285' title='bbox 1128 2174 1160 2212; x_wconf 85' lang='lat'><strong>5,</strong></span> <span class='ocrx_word' id='word_1_286' title='bbox 1186 2173 1217 2205; x_wconf 84' lang='lat'><strong>8.</strong></span> 
     </span>
    </p>
   </div>
   <div class='ocr_carea' id='block_1_4' title="bbox 135 2273 881 2317">
    <p class='ocr_par' dir='ltr' id='par_1_5' title="bbox 135 2273 881 2317">
     <span class='ocr_line' id='line_1_36' title="bbox 135 2273 881 2317; baseline 0.003 -11"><span class='ocrx_word' id='word_1_287' title='bbox 135 2276 178 2306; x_wconf 79' lang='lat'><strong>28</strong></span> <span class='ocrx_word' id='word_1_288' title='bbox 205 2273 339 2307; x_wconf 85' lang='lat' dir='ltr'><strong>mundo</strong></span> <span class='ocrx_word' id='word_1_289' title='bbox 366 2273 492 2307; x_wconf 87' lang='lat' dir='ltr'><strong>cordes</strong></span> <span class='ocrx_word' id='word_1_290' title='bbox 517 2273 589 2307; x_wconf 58' lang='lat' dir='ltr'><strong>Ra</strong></span> <span class='ocrx_word' id='word_1_291' title='bbox 614 2274 654 2314; x_wconf 86' lang='lat' dir='ltr'><strong>(Z.</strong></span> <span class='ocrx_word' id='word_1_292' title='bbox 681 2277 733 2308; x_wconf 61' lang='lat'><strong>„⁴22</strong></span> <span class='ocrx_word' id='word_1_293' title='bbox 761 2284 787 2308; x_wconf 83' lang='lat' dir='ltr'><strong>e.</strong></span> <span class='ocrx_word' id='word_1_294' title='bbox 815 2277 881 2317; x_wconf 70' lang='lat'><strong>29)</strong></span> 
     </span>
    </p>
   </div>
   <div class='ocr_carea' id='block_1_5' title="bbox 1398 741 1441 772">
    <p class='ocr_par' dir='ltr' id='par_1_6' title="bbox 1398 741 1441 772">
     <span class='ocr_line' id='line_1_37' title="bbox 1398 741 1441 772; baseline 0.023 -1"><span class='ocrx_word' id='word_1_295' title='bbox 1398 741 1441 772; x_wconf 90' lang='lat'><strong>10</strong></span> 
     </span>
    </p>
   </div>
   <div class='ocr_carea' id='block_1_6' title="bbox 1400 1032 1441 1062">
    <p class='ocr_par' dir='ltr' id='par_1_7' title="bbox 1400 1032 1441 1062">
     <span class='ocr_line' id='line_1_38' title="bbox 1400 1032 1441 1062; baseline 0 0"><span class='ocrx_word' id='word_1_296' title='bbox 1400 1032 1441 1062; x_wconf 85' lang='lat'><strong>15</strong></span> 
     </span>
    </p>
   </div>
   <div class='ocr_carea' id='block_1_7' title="bbox 1399 1323 1443 1353">
    <p class='ocr_par' dir='ltr' id='par_1_8' title="bbox 1399 1323 1443 1353">
     <span class='ocr_line' id='line_1_39' title="bbox 1399 1323 1443 1353; baseline 0.023 -1"><span class='ocrx_word' id='word_1_297' title='bbox 1399 1323 1443 1353; x_wconf 74' lang='lat'><strong>20</strong></span> 
     </span>
    </p>
   </div>
   <div class='ocr_carea' id='block_1_8' title="bbox 1399 1614 1442 1643">
    <p class='ocr_par' dir='ltr' id='par_1_9' title="bbox 1399 1614 1442 1643">
     <span class='ocr_line' id='line_1_40' title="bbox 1399 1614 1442 1643; baseline 0.023 -1"><span class='ocrx_word' id='word_1_298' title='bbox 1399 1614 1442 1643; x_wconf 79' lang='lat'><strong>25</strong></span> 
     </span>
    </p>
   </div>
   <div class='ocr_carea' id='block_1_9' title="bbox 1398 1904 1442 1935">
    <p class='ocr_par' dir='ltr' id='par_1_10' title="bbox 1398 1904 1442 1935">
     <span class='ocr_line' id='line_1_41' title="bbox 1398 1904 1442 1935; baseline 0.023 -1"><span class='ocrx_word' id='word_1_299' title='bbox 1398 1904 1442 1935; x_wconf 89' lang='lat'><strong>30</strong></span> 
     </span>
    </p>
   </div>
  </div>
 </body>
</html>
