1495 2489
148 76 204 116 20
684 84 711 110 s.
730 83 947 110 AUGUSTIM

149 174 285 213 beatus
330 174 550 225 videretur,
595 173 752 212 Socrate
791 173 1011 223 disputante
1053 178 1092 211 et
1131 174 1165 211 ei
1204 185 1318 224 quam
1358 175 1476 212 miser

150 239 264 285 esset,
299 235 479 283 quoniam
512 232 652 270 stultus
685 237 799 278 esset,
831 231 1120 270 demonstrante
1152 231 1316 270 flevisse.
1377 231 1477 270 Huic

151 304 242 342 crgo
282 292 443 330 stultitia
489 292 561 328 suit
601 302 715 328 causa
754 291 869 328 etiam
910 289 1025 327 huius
1062 290 1168 328 utilis
1209 290 1476 341 optandaeque

150 352 349 402 tristitiae,
387 361 460 399 qua
493 349 606 386 homo
640 361 724 386 esse
757 360 797 386 se
831 348 949 399 dolet,
988 348 1091 398 quod
1124 348 1209 387 ess'e
1241 361 1320 387 non
1351 348 1476 387 debet.

104 415 123 446 5
151 408 271 446 Stoici
310 414 437 446 autem
476 420 551 445 non
591 407 772 458 stultum,
817 406 884 445 sed
922 408 1136 457 sapientem
1177 408 1285 446 aiunt
1323 408 1476 446 tristem

151 479 235 505 esse
270 479 346 504 non
379 477 504 517 posse.

687 567 839 609 CAPUT
871 567 941 608 IX.

151 643 210 680 Be
237 642 607 690 perlurbatiom'bus
633 643 765 687 animi,
798 652 969 688 quarum
1001 641 1170 688 affectus
1201 645 1331 680 rectos
1361 641 1481 680 habet

657 702 738 737 vila
770 701 972 737 iustorum.

84 779 124 808 10
269 769 411 808 Verum
448 769 508 808 his
545 768 801 821 philosophis,
839 769 943 819 quod
981 769 1027 807 ad
1064 771 1175 808 istam
1213 771 1479 820 quaestionem

152 829 199 867 de
241 830 357 866 animi
404 827 762 879 perturbationibus
804 826 971 879 adtinet,
1011 829 1087 865 iam
1127 828 1398 879 respondimus
1439 830 1479 866 in

152 900 254 926 nono
287 887 403 926 huius
436 889 564 937 operis
598 886 708 937 libro,
741 886 990 924 ostendentes
1023 898 1089 924 eos
1122 899 1199 924 non
1230 893 1308 925 tam
1340 886 1387 925 de
1419 899 1479 925 re-

152 946 243 997 bus,
281 943 394 996 quam
433 945 479 983 de
517 944 645 983 verbis
688 945 908 995 cupidiores
949 957 1034 983 esse
1073 947 1333 984 contentionis
1366 957 1480 996 quam

152 1006 336 1042 veritatis.
398 1004 507 1055 Apud
549 1016 619 1041 nos
660 1009 789 1042 autem
831 1005 936 1041 iuxta
976 1005 1188 1054 scripturas
1230 1009 1381 1042 sanctas
1422 1016 1478 1042 sa-

76 1072 126 1104 ,15
154 1075 320 1113 namque
364 1063 580 1100 doctrinam
624 1063 726 1100 cives
771 1067 924 1100 sanctae
969 1063 1134 1100 civitatis
1174 1062 1242 1100 Dei
1282 1064 1322 1100 in
1363 1062 1480 1101 huius

154 1123 252 1159 vitae
299 1123 612 1172 peregrinatione
663 1120 877 1159 secundum
920 1119 1041 1159 Deum
1086 1122 1258 1159 viventes
1301 1126 1481 1159 metuunt

154 1182 413 1231 cupiuntque,
457 1179 587 1217 dolent
625 1179 888 1230 gaudentque,
929 1185 968 1217 et
999 1181 1087 1230 quia
1120 1185 1252 1217 rectus
1283 1185 1342 1217 est
1373 1191 1480 1218 amor

155 1251 308 1290 eorum,
342 1240 435 1276 istas
474 1250 607 1275 omnes
647 1238 869 1276 affectiones
907 1243 1033 1276 rectas
1077 1237 1229 1276 habent.
1302 1237 1481 1276 Metuunt

154 1309 318 1348 poenam
349 1303 562 1347 aeternam,
601 1298 762 1347 cupiunt
793 1297 908 1334 vitam
940 1303 1153 1347 aeternam3
1194 1295 1326 1334 dolent
1355 1297 1395 1334 in
1426 1308 1481 1348 re,

85 1365 128 1395 20
156 1357 244 1406 quia
282 1357 355 1406 ipsi
393 1356 433 1393 in
473 1361 595 1392 semet
631 1356 725 1405 ipsis
765 1354 890 1392 adhue
921 1356 1192 1405 ingemescunt
1223 1354 1481 1408 adoptionem,

155 1419 403 1465 expectantes
441 1413 747 1463 redemptionem
785 1415 961 1463 corporis
999 1415 1076 1464 sui3
1117 1413 1286 1463 gaudent
1322 1414 1362 1451 in
1400 1425 1481 1465 spe,

155 1474 243 1524 quia
275 1474 340 1511 fiet
376 1484 521 1519 sermo,
560 1474 629 1519 qui
663 1474 836 1520 scriptus
867 1477 942 1510 est:
987 1473 1184 1520 Absorpta
1216 1476 1275 1510 est
1303 1483 1409 1510 mors
1440 1474 1481 1510 in

154 1533 374 1571 victoriam.
435 1530 531 1568 Item
570 1535 747 1568 metuunt
784 1541 964 1582 peccare,
1008 1532 1171 1580 eupiunt
1210 1541 1480 1581 perseverare3

155 1590 285 1628 dolent
322 1591 360 1627 in
394 1590 579 1639 peccatis,
617 1588 785 1638 gaudent
825 1590 863 1625 in
897 1588 1080 1638 operibus
1113 1587 1235 1626 honis.
1296 1587 1347 1626 Ut
1378 1589 1480 1626 enim

85 1658 128 1688 25
156 1653 330 1687 metuant
360 1659 540 1699 peccaro,
579 1646 756 1685 audiunt:
803 1647 995 1693 Quoniam
1028 1648 1250 1685 abundabit
1279 1649 1481 1695 iniquitas,

155 1707 393 1755 refriqescet
441 1708 594 1744 caritas
643 1707 875 1749 mullorum;
925 1710 968 1743 ut
1019 1706 1176 1755 cupiant
1217 1716 1481 1760 perseverare,

155 1765 317 1803 audiunt
349 1763 451 1814 quod
484 1765 672 1814 scriptum
705 1769 779 1801 est:
831 1765 908 1809 Qui
932 1765 1255 1812 perseveraverit
1284 1775 1409 1811 usque
1440 1765 1481 1801 in

151 1827 287 1870 finem,
331 1824 396 1861 hic
434 1824 566 1860 salvus
604 1824 701 1867 θήῃ
745 1827 787 1859 ut
818 1820 972 1859 doleant
1002 1823 1041 1859 in
1072 1823 1258 1872 peccam,
1302 1821 1481 1860 audiunt:

155 1884 200 1920 δι’
231 1883 449 1919 dixerimus
481 1883 575 1928 quia
601 1885 812 1928 peccalum
844 1891 921 1918 non
952 1881 1155 1926 habemus,
1188 1891 1258 1918 nos
1290 1882 1392 1929 ipsos
1422 1891 1480 1919 se-

84 1950 128 1981 30
156 1942 348 1991 ducimus,
380 1945 416 1978 et
436 1941 583 1977 veritas
604 1941 643 1976 in.
663 1939 774 1977 nobis
793 1949 871 1976 non
892 1943 970 1983 est;
1001 1943 1043 1976 ut
1068 1938 1259 1988 gaudeant
1284 1939 1324 1975 in
1355 1939 1480 1988 operi-

250 2031 306 2072 12)
333 2028 369 2063 C.
397 2033 434 2071 43
462 2032 491 2062 5.
542 2029 600 2071 23)
630 2032 658 2061 1.
680 2028 757 2062 Cor.
787 2030 839 2069 15,
866 2030 921 2060 54.
972 2028 1029 2069 26)
1056 2026 1118 2060 Mt.
1146 2030 1201 2069 24,
1231 2030 1283 2060 12.
1333 2028 1391 2070 28)
1416 2027 1480 2061 Mt.

156 2081 210 2119 10,
237 2080 292 2110 22.
343 2078 399 2117 30)
429 2079 458 2108 1.
485 2074 534 2109 10.
564 2079 593 2118 1,
622 2078 652 2108 8.

261 2208 304 2238 14
330 2215 450 2238 sacras
475 2214 494 2236 v
522 2204 603 2244 (14,
629 2204 664 2245 7)
701 2203 713 2245 ΙΙ
746 2206 786 2236 19
813 2202 849 2235 in
875 2212 912 2236 se
939 2201 973 2235 A
1001 2201 1108 2235 Parr.
1141 2202 1153 2244 ΙΙ
1183 2204 1226 2235 23
1259 2201 1296 2234 in
1327 2201 1481 2236 uictoria

162 2252 193 2284 V
211 2253 222 2295 ΙΙ
241 2256 284 2286 26
311 2250 513 2294 refrigescit
546 2249 579 2282 V
