1611 2465
126 763 166 792 10

124 1099 165 1129 15

122 1972 165 2002 30

195 62 215 101 1
227 62 279 101 72
734 70 760 95 s.
780 70 996 97 ,aceus'rixi

194 159 239 197 ad
272 161 412 211 omnia,
444 172 521 198 non
555 161 629 197 iarn
663 165 845 198 senectus
877 160 963 211 vivi,
996 159 1063 198 sed
1097 159 1259 198 cadaver
1286 166 1346 199 est
1372 162 1529 199 mortui.

194 217 376 263 Quamvis
419 219 533 256 etiam
576 219 631 256 sic
673 217 768 255 solvi
810 217 931 256 soleat
975 219 1048 255 ista
1093 220 1289 270 quaestio,
1334 219 1438 269 quod
1482 219 1530 258 de

194 275 353 315 Cettura
398 282 532 327 postea
577 278 713 326 genuit
756 275 964 326 Abraham,
1010 277 1100 326 quia
1143 276 1289 315 donum
1335 277 1531 329 gignendi,

194 334 295 385 quod
330 347 349 372 a
376 334 539 372 Domino
573 336 733 386 accepit,
766 335 882 372 etiam
913 340 1001 386 post
1034 334 1181 374 obitum
1216 337 1357 374 mansit
1384 337 1530 374 uxoris.

195 392 270 431 Sed
298 399 505 443 propterea
532 392 626 431 mihi
651 392 805 431 videtur
831 392 905 443 illa,
938 404 1053 443 quam
1080 395 1206 432 secuti
1233 406 1379 446 sumus,
1412 393 1530 432 huius

193 452 433 501 quaestionis
465 450 606 489 solutio
644 451 916 502 praeferenda,
956 453 1045 501 quia
1084 453 1334 490 centenarius
1373 451 1531 503 quidem

193 521 324 560 senex,
356 509 424 547 sed
458 511 645 560 temporis
672 510 806 560 nostri,
841 509 886 547 de
915 509 1017 547 nulla
1038 515 1168 560 potest
1188 510 1330 548 semina
1351 511 1531 561 gignere3

194 579 270 605 non
304 573 408 618 tunc,
442 568 594 618 quando
628 567 752 606 adhuc
786 567 932 606 tamdiu
965 567 1156 620 vivebant,
1189 574 1232 607 ut
1255 574 1414 608 centum
1441 570 1531 607 anni

193 625 367 664 nondum
399 626 574 664 facerent
604 626 803 664 hominem
836 625 1058 676 decrepitae
1091 628 1317 666 senectutis.

695 750 849 794 CAPUT
883 751 1036 794 XXIX.

193 835 253 874 De
279 837 408 874 tribus
435 838 532 874 viris
554 839 614 875 vel
632 839 795 885 anqele's,
830 839 869 875 in
890 838 1034 884 qulbus
1060 838 1116 875 ad
1133 848 1326 885 quercum
1346 836 1534 876 Mambre

394 896 631 943 apparuisse
663 896 854 933 Abrahae
887 895 1078 933 Dominus
1111 897 1328 934 indicatur.

309 974 406 1014 Item
439 975 543 1014 Deus
575 978 751 1026 apparuit
785 976 960 1015 Abrahae
994 977 1039 1015 ad
1071 989 1260 1028 quercum
1286 976 1458 1015 Mambre
1490 978 1530 1015 in

192 1032 319 1072 tribus
363 1035 473 1084 viris,
518 1046 616 1084 quos
661 1034 916 1073 dubitandum
962 1046 1040 1073 non
1087 1041 1146 1073 est
1190 1035 1347 1085 angelos
1393 1036 1531 1086 fuisse3

193 1093 367 1142 quamvis
400 1091 556 1142 quidam
596 1094 819 1131 existiment
851 1105 972 1132 unum
1004 1094 1044 1131 in
1078 1095 1133 1131 eis
1166 1094 1287 1132 fuisse
1320 1092 1530 1132 Dominum

193 1150 408 1201 Christum,
441 1149 668 1189 adserentes
701 1163 790 1189 eum
824 1153 939 1189 etiam
973 1157 1060 1190 ante
1093 1151 1367 1190 indumentum
1401 1153 1530 1190 carnis

193 1210 311 1246 fuisse
345 1207 546 1246 visibilem.
611 1208 679 1247 Est
712 1209 869 1260 quidem
902 1210 1052 1248 divinae
1084 1211 1289 1260 potestatis
1330 1215 1369 1248 et
1399 1211 1530 1248 invisi-

192 1266 297 1317 bilis,
340 1266 597 1317 incorporalis
635 1267 953 1318 inmutabilisque
996 1274 1176 1319 naturae,
1220 1269 1302 1307 sine
1348 1267 1425 1306 ulla
1470 1269 1531 1306 sui

193 1327 405 1363 mutatione
439 1326 555 1363 etiam
586 1325 816 1364 mortalibus
849 1325 1071 1377 aspectibus
1105 1337 1311 1378 apparere,
1350 1337 1428 1364 non
1460 1337 1532 1377 per

191 1382 229 1421 id
263 1382 366 1433 quod
400 1388 470 1434 est,
502 1383 569 1421 sed
602 1396 672 1434 per
699 1384 843 1434 aliquid
870 1384 972 1435 quod
1000 1384 1073 1422 sihi
1101 1384 1300 1423 subditum
1327 1390 1404 1435 est3
1437 1384 1530 1435 quid

192 1447 323 1479 autem
354 1440 408 1479 illi
441 1440 642 1480 subditum
675 1454 751 1480 non
785 1440 872 1481 est?
924 1442 1064 1481 Verum
1098 1448 1226 1481 tamen
1260 1445 1290 1480 si
1323 1448 1531 1493 propterea

192 1500 424 1537 confirmant
460 1499 601 1538 horum
639 1502 758 1539 trium
797 1500 966 1551 aliquem
1006 1501 1127 1539 fuisse
1166 1500 1384 1552 Christum,
1429 1502 1530 1553 quia,

193 1569 282 1596 cum
321 1563 400 1596 tres
440 1557 615 1610 vidisset,
657 1558 703 1597 ad
742 1558 949 1598 Dominum
988 1559 1238 1610 singulariter
1279 1565 1338 1597 est
1375 1558 1530 1598 locutus

193 1612 269 1668 (sic
302 1617 405 1654 enim
439 1618 629 1667 scriptum
662 1622 738 1655 est:
783 1617 835 1655 Et
867 1629 960 1657 ecce
993 1623 1073 1656 tres
1105 1620 1185 1656 viri
1214 1618 1377 1656 stabant
1406 1629 1529 1666 super

149 1682 159 1688 ·
193 1686 291 1721 eum,
324 1680 363 1712 et
393 1676 530 1713 videns
556 1678 826 1723 procucurrit
857 1678 896 1714 in
929 1677 1083 1715 obviam
1111 1678 1186 1714 illis
1207 1676 1257 1714 ab
1277 1677 1377 1714 ostio
1397 1676 1528 1714 taber-

192 1734 330 1771 naculi
358 1734 437 1779 sui,
477 1738 516 1771 et
546 1734 735 1771 (adoravit
770 1745 891 1783 super
930 1740 1082 1773 terram
1114 1740 1153 1773 et
1184 1736 1307 1772 dixit:
1351 1733 1529 1781 Domine,

191 1793 227 1828 se·
256 1792 391 1829 inveni
418 1792 597 1839 qratiam
630 1796 724 1830 ante
755 1797 808 1839 te,
854 1798 892 1830 et
925 1789 1094 1844 cetera):
1139 1804 1210 1830 cur
1247 1804 1324 1830 non
1364 1796 1402 1829 et
1433 1791 1527 1829 illud

192 1848 414 1899 advertunt,
453 1848 550 1886 duos
583 1861 629 1887 ex
663 1850 718 1887 eis
750 1851 920 1900 venisse,
959 1856 1003 1888 ut
1036 1849 1256 1888 Sodomitae
1290 1848 1529 1901 delerentur,

192 1918 281 1944 cum
313 1906 438 1945 adhuc
470 1906 661 1945 Abraham
695 1907 739 1945 ad
773 1919 894 1946 unum
934 1907 1178 1960 loqueretur,
1218 1907 1424 1946 Dominum
1464 1918 1527 1958 ap—

192 1963 339 2014 pellans
378 1970 417 2003 et
452 1965 719 2017 intercedens,
764 1977 810 2003 ne
852 1966 965 2004 simul
1011 1968 1157 2004 iustum
1197 1977 1285 2004 cum
1323 1967 1442 2017 impio
1488 1966 1528 2003 in

287 2066 347 2108 27)
374 2064 461 2100 Gen.
492 2068 545 2108 18,
574 2071 589 2099 1
619 2077 696 2109 sqq.

289 2182 330 2214 18
355 2179 566 2215 ineommut.
594 2192 614 2215 v
634 2183 646 2225 n
665 2185 707 2215 25
734 2181 771 2215 in
793 2181 874 2215 obu.
910 2180 1131 2224 VRAFbef‚-
1155 2181 1194 2216 in
1219 2192 1283 2217 om.
1310 2192 1329 2216 v
1352 2183 1364 2226 ΙΙ
1390 2185 1432 2216 27
1460 2181 1528 2216 eti-

193 2237 252 2260 am
272 2237 291 2260 υ
