1548 2562
416 121 468 145 DE
488 120 677 146 CIVITATE
697 121 766 145 Dm
786 121 817 146 L.
837 120 902 145 xx.
922 119 952 145 c.
971 120 995 145 5.
1015 121 1040 145 o.
1308 109 1395 149 415

63 210 191 247 tribus
228 211 324 248 meis
360 211 550 255 minimis,
587 211 686 247 mihi
716 208 882 257 feciste's.
949 209 1057 248 Tune
1096 210 1217 254 dicet,
1257 208 1395 258 inquit,

63 272 101 306 et
130 269 191 305 his
222 269 293 315 qui
315 279 341 305 α
365 269 538 306 sinistris
564 272 701 306 erunt:
734 268 935 321 Discedz'te
962 279 986 306 a
1012 279 1082 315 me,
1114 268 1327 313 maledieti,
1355 267 1395 303 in

63 328 193 373 iqnem
226 330 451 376 aeternum,
481 327 552 373 quz'
576 330 750 374 paratus
782 331 840 364 est
868 327 1014 364 zabulo
1047 331 1086 364 et
1115 326 1267 373 anqelz's
1299 326 1395 362 eius.

63 382 210 421 Deinde
242 383 421 421 similiter
454 386 568 421 etiam
600 383 661 421 his
693 389 913 432 enumerat,
956 384 1058 434 quod
1090 383 1153 421 illa
1184 395 1262 421 non
1294 382 1394 420 feee-

64 442 153 492 rint,
186 453 283 491 quae
316 441 474 480 dextros
506 442 646 480 fecisse
678 444 916 480 memoravit.
980 441 1242 491 Similiterque
1275 442 1394 478 inter·
1422 448 1441 478 5

62 499 313 551 rogantibus,
359 500 513 550 quando
564 512 653 538 eum
702 500 870 538 viderint
919 502 958 538 in
1002 500 1142 538 horum
1186 499 1397 549 indigentia

63 559 337 596 constitutum:
374 557 478 608 quod
519 560 688 596 minimis
720 560 802 596 suis
834 571 911 596 non
945 559 1089 596 sactum
1122 564 1200 609 est,
1239 557 1312 595 sibi
1344 556 1396 594 fa-

64 620 171 654 ctum
203 629 280 654 non
313 617 433 654 fuisse
466 617 694 667 respondet3
727 629 1026 667 sermonemque
1059 616 1314 655 concludens:
1348 615 1399 652 Et

64 675 186 721 ibunt,
218 676 363 725 inquit,
395 676 438 713 kz·
470 677 508 713 in
541 677 778 724 supplicium
811 680 1034 722 aeternum,
1068 677 1164 713 iusti
1193 679 1323 712 autem
1357 675 1396 711 in

62 735 184 771 vitam
224 738 442 772 aeternam.
510 732 701 771 Iohannes
745 746 834 771 vero
876 733 1109 783 evangelista
1153 733 1396 783 apertissime
1426 741 1467 771 10

63 796 195 829 narrat
235 803 325 829 eum
365 793 405 829 in
446 793 737 830 resurreetione
779 797 1025 829 mortuorum
1067 792 1242 829 futurum
1287 801 1396 840 prae-

63 849 205 887 dixisse
237 850 435 887 iudicium.
498 849 594 888 Cum
626 851 729 888 enim
762 850 939 887 dixisset:
972 851 1107 897 Neque
1138 852 1240 887 enim
1274 849 1397 886 Pater

64 909 220 946 iudicat
257 920 509 956 quemquam,
549 910 622 946 sed
660 910 852 946 iudicium
893 920 1005 946 omne
1042 909 1152 945 dedit
1188 908 1308 954 Filio,
1352 910 1395 943 ut

64 977 196 1004 omnes
241 968 507 1013 honorificent
545 968 708 1014 Filium,
753 969 856 1004 sieut
902 968 1173 1012 honorificant
1214 966 1399 1008 Patrem;

63 1026 135 1072 qui
163 1036 242 1063 non
272 1026 515 1071 honorificat
545 1026 705 1071 Filium,
739 1036 816 1063 non
848 1026 1091 1070 honorificat
1123 1025 1297 1069 Putrem,
1329 1024 1400 1070 qui
1427 1032 1468 1061 15

63 1084 170 1120 misit
211 1085 338 1121 illum:
378 1084 559 1133 protinus
604 1083 765 1121 addidit:
809 1083 951 1130 Amen,
991 1094 1105 1121 amen
1148 1083 1237 1120 dieo
1279 1082 1398 1127 vobis,

64 1143 170 1188 quia,
203 1143 273 1189 qui
301 1142 463 1179 verbum
490 1153 616 1180 meum
649 1143 764 1180 audit
794 1147 832 1179 et
863 1143 994 1179 credit
1025 1143 1064 1179 ei
1093 1143 1163 1188 que'
1192 1142 1299 1178 misit
1328 1151 1399 1185 me,

63 1200 184 1238 habet
225 1201 345 1237 vitam
382 1204 612 1248 aeternam,
656 1205 694 1238 et
735 1202 774 1238 in
816 1201 1009 1238 iudicium
1047 1211 1124 1237 non
1163 1201 1287 1245 venit,
1331 1200 1402 1236 secl

65 1260 229 1296 transiit
267 1270 291 1296 a
332 1263 458 1296 morte
498 1261 539 1296 in
581 1261 711 1296 vitam.
773 1257 874 1295 Ecce
913 1257 975 1295 hic
1014 1257 1111 1295 dixit
1142 1256 1275 1294 fideles
1308 1268 1399 1294 suos

64 1316 105 1353 in
143 1315 330 1354 iudicium
367 1328 445 1354 non
488 1318 632 1355 venire.
696 1316 780 1361 Quo
821 1315 934 1353 modo
973 1327 1065 1365 ergo
1103 1327 1174 1365 per
1213 1314 1400 1352 iudicium
1427 1324 1470 1354 20

66 1374 352 1424 separabuntur
390 1386 410 1412 a
449 1375 559 1413 malis
597 1381 636 1413 et
673 1375 719 1412 ad
758 1376 842 1412 eius
875 1374 1073 1412 dexteram
1106 1373 1285 1424 stabunt,
1327 1374 1401 1410 nisi

67 1434 155 1482 quia
188 1432 261 1471 hoc
299 1433 384 1471 loco
422 1433 609 1471 iudicium
648 1446 718 1484 pro
752 1433 996 1471 danmatione
1029 1429 1188 1482 posuit?
1250 1431 1293 1469 In
1326 1430 1399 1469 tale

66 1492 209 1542 quippe
247 1490 435 1529 iudicium
472 1503 550 1529 non
588 1494 764 1544 venient,
805 1493 873 1541 qui
911 1490 1074 1529 audiunt
1112 1489 1275 1528 verbum
1318 1491 1401 1527 eius

67 1554 105 1587 et
137 1549 303 1588 credunt
335 1551 387 1602 ei,
419 1551 485 1600 qui
518 1552 622 1589 misit
651 1550 772 1588 illum.

601 1698 756 1740 CAPUT
789 1698 861 1739 VI.
1430 1709 1472 1739 25

239 1784 349 1830 Quae
379 1785 430 1821 sil
457 1786 590 1832 prima
623 1785 879 1829 resurreetio,
911 1795 1015 1830 quae
1045 1783 1234 1821 secunda.

186 1864 332 1902 Deinde
375 1865 549 1915 adiungit
590 1870 627 1902 et
668 1864 776 1902 dicit:
822 1864 962 1912 Amen,
1002 1876 1116 1902 amen
1155 1865 1244 1901 dieo
1284 1864 1402 1910 vobis,

68 1925 164 1971 quia
195 1925 301 1962 venit
330 1925 433 1962 hora
465 1929 502 1962 et
533 1935 641 1961 nune
673 1928 740 1970 est,
772 1924 933 1970 quando
965 1924 1114 1961 morluz‘
1144 1923 1309 1960 audient
1339 1933 1401 1959 vo-

164 2027 220 2067 10)
246 2022 311 2058 Mt.
340 2027 394 2067 25,
421 2028 463 2057 31
493 2035 571 2067 sqq.
624 2025 680 2067 19)
707 2023 756 2057 Io.
785 2026 816 2066 5,
843 2027 886 2057 22
914 2034 990 2066 sqqv

163 2146 182 2175 2
209 2140 329 2185 erunt]
356 2141 440 2174 sunt
465 2140 499 2173 A
518 2141 530 2184 Η
550 2144 569 2174 3
596 2140 727 2174 zabulo
753 2139 789 2174 R
816 2140 914 2182 (108,
941 2142 1007 2180 3();
1038 2142 1122 2180 136,
1148 2140 1228 2182 19),·
1255 2138 1402 2173 diabolo

67 2198 87 2221 v
107 2189 118 2232 ΙΙ
139 2191 158 2222 8
184 2187 374 2231 respondit
397 2186 469 2221 ΒΑ
500 2188 512 2230 ΙΙ
544 2188 581 2221 et
604 2187 710 2221 ibunt
735 2186 856 2230 inquit
881 2186 919 2219 hi
944 2185 1001 2227 R;
1027 2187 1064 2219 et
1089 2185 1195 2220 ibunt
1219 2186 1259 2219 hi
1283 2185 1403 2229 inquit

67 2235 191 2315 z‘lessliezss
203 2234 254 2314 ξιξ,
279 2233 409 2278 inquit,
435 2234 474 2267 in
494 2234 612 2277 suppl.
634 2235 703 2268 aet.
724 2233 830 2267 ibunt
849 2244 869 2267 v
888 2234 900 2277 ΙΙ
922 2236 963 2267 18
989 2232 1093 2266 uenit
1110 2232 1182 2266 RA
1209 2231 1402 2277 (ἐ’ρχεται);
