1611 2465
197 55 283 97 202
726 65 754 92 s,
775 66 990 92 AUGUSTRH

197 155 294 206 illic,
334 156 435 205 quod
470 155 514 193 ad
548 155 790 194 Hierusalem
831 161 1026 193 terrenam
1060 161 1210 194 tantum
1242 157 1452 207 pertineat,
1491 157 1535 208 si,

199 214 386 264 quidquid
420 214 472 252 ibi
505 214 551 251 de
583 214 646 252 illa
687 213 747 252 vel
778 220 940 264 propter
971 213 1074 252 illam
1106 214 1249 252 dicitur
1282 220 1398 264 atque
1429 226 1532 253 com-

134 305 137 308 .
197 273 344 323 pletur,
384 274 574 323 significat
612 272 774 323 aliquid,
812 272 914 322 quod
949 274 1062 311 etiam
1096 273 1141 311 ad
1174 272 1417 324 Hierusalem
1451 285 1534 312 cae-

197 331 334 369 lestem
367 331 572 381 allegorica
604 332 931 382 praefiguratione
963 332 1174 382 reseratur3
1207 331 1274 370 sed
1307 337 1424 370 erunt
1455 331 1535 370 sola

152 398 171 428 5
198 389 274 427 duo
307 402 466 441 genera,
508 402 630 428 unum
663 390 766 440 quod
799 389 843 428 ad
877 389 1120 428 Hierusalem
1152 389 1331 437 liberam,
1370 390 1535 429 alterum

199 448 302 499 quod
342 448 389 486 ad
427 454 635 499 utramque
674 450 879 499 pertineat.
940 449 1033 487 Mihi
1074 455 1204 487 autem
1237 451 1338 487 sicut
1370 449 1535 488 multum

199 507 378 545 videntur
417 519 567 558 errare,
607 509 674 558 qui
712 507 835 546 nullas
874 520 937 546 res
976 513 1104 558 gestas
1142 509 1182 546 in
1221 520 1266 546 eo
1299 520 1443 558 genere
1474 508 1534 546 lit-

198 571 370 604 terarum
414 566 558 616 aliquid
600 566 702 604 aliud
741 572 896 617 praeter
934 566 992 618 id,
1037 566 1139 617 quod
1179 579 1225 605 eo
1258 566 1372 605 modo
1404 572 1534 617 gestae

198 629 300 676 sunt,
333 625 551 675 significare
579 624 830 676 arbitrantur,
863 627 913 663 ita
941 625 1106 672 multum
1139 626 1294 676 audere,
1327 627 1394 675 qui
1425 637 1534 676 pror-

131 692 171 723 10
199 695 266 721 sus
311 682 364 721 ibi
408 685 536 721 omnia
580 683 928 734 significationibus
973 683 1189 734 allegoricis
1233 684 1403 722 involuta
1448 696 1534 723 esse

200 742 452 780 contendunt.
503 741 593 780 Ideo
626 744 832 793 tripertita,
866 754 942 780 non
974 741 1158 793 bipertita
1190 755 1275 781 esse
1308 743 1397 780 dixi.
1453 742 1535 781 Hoc

200 802 305 838 enim
332 802 523 852 existimO,
555 814 631 839 non
660 807 789 839 tamen
823 801 984 851 culpans
1016 797 1095 853 eos,
1127 803 1194 851 qui
1225 803 1426 852 potuerint
1457 801 1535 840 illic

198 859 245 898 de
289 871 535 910 quacumque
580 872 623 898 re
667 866 775 910 gesta
819 872 978 898 sensum
1023 859 1310 910 intellegentiae
1351 859 1536 911 spiritalis

198 918 444 969 exsculpere,
489 924 637 957 servata
680 918 878 957 dumtaxat
915 920 1096 970 primitus
1134 918 1319 957 historiae
1359 920 1535 957 veritate.

130 987 170 1018 15
198 976 382 1015 Ceterum
414 989 511 1027 quae
544 979 596 1016 ita
630 978 825 1029 dicuntur,
857 983 900 1016 ut
932 977 1051 1016 rebus
1082 977 1307 1016 humanitus
1339 989 1409 1016 seu
1441 977 1534 1016 divi-

200 1037 305 1074 nitus
349 1038 468 1086 gestis
513 1037 592 1074 sive
636 1036 818 1087 gerendis
863 1038 1071 1074 convenire
1114 1048 1191 1074 non
1235 1037 1404 1088 possint,
1447 1038 1535 1087 quis

198 1094 320 1132 fidelis
354 1094 505 1133 dubitet
544 1107 621 1132 non
660 1107 746 1133 esse
778 1096 946 1133 inaniter
979 1092 1108 1133 dicta?
1176 1095 1270 1140 Quis
1303 1106 1347 1132 ea
1379 1106 1458 1133 non
1489 1094 1534 1133 ad

196 1153 501 1203 intellegentiam
534 1153 745 1204 spiritalem
779 1159 948 1206 revocet,
980 1155 1012 1192 si
1044 1154 1179 1206 possit,
1211 1160 1277 1192 aut
1308 1152 1355 1191 ab
1387 1165 1434 1192 eo
1467 1154 1536 1204 qui

196 1217 328 1262 potest
359 1212 575 1250 revocanda
609 1224 694 1251 esse
727 1209 921 1251 fateatur?

128 1387 171 1418 20
739 1372 889 1433 CAPUr
921 1374 995 1416 IV.

199 1459 258 1497 De
285 1461 570 1507 praesiqurata
603 1461 907 1497 commutatione
935 1460 1152 1498 Israelile'ci
1184 1462 1303 1507 reqnz'
1332 1464 1371 1498 et
1399 1471 1534 1498 sacer-

223 1519 321 1556 dotii
352 1523 390 1556 et
421 1520 470 1556 de
501 1519 572 1564 leis,
605 1529 708 1565 quae
739 1519 868 1565 Anna,
901 1523 1029 1556 mater
1061 1519 1267 1566 Samuelis,
1294 1529 1512 1567 personam

357 1590 359 1593 ⁴
535 1587 682 1624 gerens
713 1578 908 1615 ecclesiae
934 1578 1199 1626 prophetavit.

319 1671 539 1709 Procursus
572 1671 690 1720 igitur
723 1671 888 1708 civitatis
915 1670 983 1708 Dei
1015 1669 1082 1708 ubi
1113 1672 1291 1721 pervenit
1321 1670 1368 1709 ad
1400 1682 1537 1721 regum

128 1738 171 1769 25
200 1736 392 1781 tempora,
431 1728 584 1779 quando
623 1728 739 1766 David
775 1728 889 1766 Saule
928 1728 1135 1779 reprobato
1173 1731 1226 1767 ita
1264 1741 1426 1779 regnum
1458 1730 1535 1779 pri-

199 1801 286 1827 mus
313 1787 492 1839 obtinuit,
526 1794 568 1825 ut
595 1788 679 1825 eius
705 1786 844 1825 deinde
871 1789 1018 1837 posteri
1044 1789 1083 1825 in
1110 1794 1266 1826 terrena
1294 1787 1536 1826 Hierusalem

200 1847 383 1885 diuturna
425 1847 672 1884 successione
715 1851 945 1897 regnarent,
986 1845 1092 1883 dedit
1128 1846 1308 1898 figuram,
1346 1857 1388 1884 re
1429 1852 1536 1896 gesta

201 1906 423 1956 significans
455 1910 570 1955 atque
603 1905 900 1954 praenuntians,
942 1904 1044 1954 quod
1079 1916 1155 1942 non
1187 1910 1247 1942 est
1284 1909 1535 1955 praetereun-

200 1964 292 2002 dum
325 1964 497 2014 silentio,
536 1962 583 2000 de
616 1974 749 2000 rerum
782 1963 994 2000 mutatione
1028 1963 1266 2014 suturarum,
1305 1963 1408 2013 quod
1441 1963 1535 2001 adti-

130 2032 174 2062 30
201 2028 267 2060 net
298 2022 343 2060 ad
377 2022 452 2060 duo
487 2027 735 2071 testamenta,
768 2026 878 2059 vetus
910 2027 949 2058 ct
980 2032 1143 2073 novum,
1177 2021 1242 2059 ubi
1275 2021 1536 2060 sacerdotium

201 2093 442 2131 regnumque
464 2085 656 2118 mutatum
677 2084 736 2118 est
764 2091 834 2130 per
862 2078 1104 2118 sacerdotem
1131 2080 1376 2131 eundemque
1403 2091 1536 2131 regem

294 2244 337 2274 29
364 2240 409 2274 de
435 2251 499 2274 om.
527 2239 561 2273 R
