1611 2465
123 122 207 164 606
660 131 686 157 s.
706 132 925 158 AUGUSTINI

122 220 355 273 bestiarum,
396 235 417 260 a
449 222 621 260 ferarum
653 221 713 260 vel
746 222 1013 260 tantummodo
1047 222 1221 261 molestis
1253 222 1313 261 vel
1346 224 1462 261 etiam

123 280 334 319 mortiferis
381 280 598 332 morsibus,
642 292 661 318 a
706 279 811 319 rabie
858 293 955 332 quae
1001 282 1192 332 contingit
1235 293 1282 319 ex
1326 281 1462 319 rabido

122 351 234 391 cane,
272 344 316 377 ut
352 341 467 377 etiam
505 338 644 377 blanda
682 344 722 378 et
762 341 883 378 amica
916 352 986 378 suo
1019 339 1177 378 domino
1210 339 1335 378 bestia
1366 352 1461 378 non-

123 409 335 448 numquam
367 397 637 436 vehementius
670 403 709 437 et
740 399 909 437 amarius
942 410 1057 449 quam
1089 398 1223 436 leones
1256 398 1462 437 dracones-

77 465 94 494 3
123 468 197 506 que
237 462 435 495 metuatur
477 456 669 507 faciatque
707 455 923 508 hominem,
962 469 1078 508 quem
1120 457 1220 495 forte
1253 457 1462 496 adtamina-

52 758 93 788 10

54 1051 93 1080 15

51 1343 94 1374 20

50 1637 92 1667 25

51 1930 92 1959 30

122 516 238 566 verit,
280 516 510 566 contagione
543 516 729 566 pestifera
760 517 813 554 ita
850 515 1066 567 rabiosum,
1104 521 1148 554 ut
1180 527 1201 553 a
1231 515 1463 566 parentibus

122 575 286 623 coniuge
326 573 414 612 filiis
452 575 564 625 peius
609 575 715 612 omni
754 574 878 613 bestia
924 573 1174 612 formidetur!
1227 574 1333 620 Quae
1365 574 1463 612 mala

122 633 324 682 patiuntur
373 631 614 683 navigantes!
672 645 769 683 quae
826 638 983 671 terrena
1032 634 1173 671 itinera
1222 631 1463 684 gradientes!

122 691 218 736 Quis
245 690 415 730 ambulat
441 690 679 742 ubicumque
706 703 783 729 non
810 693 1020 742 inopinatis
1047 691 1253 730 subiacens
1281 689 1464 730 casibus?

121 749 174 787 De
208 750 292 787 soro
331 750 488 800 quidam
527 750 683 788 rediens
725 750 884 789 domum
916 751 1019 788 sanis
1051 750 1217 801 pedibus
1250 751 1331 788 suis
1363 751 1462 788 ceci-

122 808 197 859 dit,
236 809 375 859 pedem
415 809 532 859 fregit
569 814 608 847 et
646 821 691 847 ex
730 808 794 847 illo
832 808 994 847 vulnere
1037 809 1159 847 finivit
1195 809 1295 847 hanc
1333 810 1462 847 vitam.

122 866 222 911 Quid
255 867 409 905 videtur
437 867 597 906 sedente
631 865 838 906 securius?
887 866 942 905 De
975 867 1079 919 sella,
1110 868 1151 905 in
1184 879 1259 918 qua
1291 866 1462 919 sedebat,

122 925 262 963 cecidit
302 925 389 964 Heli
429 926 612 964 sacerdos
651 932 690 965 et
729 931 909 965 mortuus
948 931 1018 964 est.
1080 925 1302 977 Agricolae,
1343 927 1461 964 immo

122 996 212 1022 vero
252 996 387 1022 omnes
426 984 621 1037 homines,
659 991 755 1035 quot
793 990 832 1023 et
870 990 1035 1035 quantos
1077 997 1097 1023 a
1136 984 1241 1022 caelo
1280 990 1319 1023 et
1358 990 1462 1023 terra

122 1042 180 1080 vel
212 1054 232 1080 a
265 1044 497 1093 perniciosis
535 1043 766 1082 animalibus
808 1055 920 1082 casus
953 1048 1135 1082 metuunt
1166 1055 1350 1094 agrorum
1381 1043 1461 1082 sru-

121 1100 267 1139 ctibus!
320 1101 454 1140 Solent
497 1108 624 1140 tamen
666 1102 713 1140 de
755 1103 962 1141 frumentis
1006 1101 1163 1140 tandem
1206 1101 1378 1140 collectis
1424 1107 1463 1140 et

121 1160 333 1198 reconditis
375 1172 460 1198 esse
507 1162 646 1199 securi.
716 1160 792 1198 Sed
835 1160 1088 1212 quibusdam,
1126 1160 1229 1210 quod
1270 1161 1461 1211 novimus,

118 1225 353 1269 proventum
391 1220 581 1269 optimum
623 1220 911 1257 frumentorum
954 1218 1096 1257 fluvius
1136 1219 1357 1269 inprovisus
1399 1219 1457 1257 fu-

120 1276 317 1327 gientibus
344 1277 568 1316 hominibus
596 1277 642 1315 de
670 1277 823 1316 horreis
851 1278 967 1315 eiecit
992 1284 1107 1327 atque
1142 1276 1310 1315 abstulit.
1363 1276 1460 1315 Con-

122 1341 180 1373 tra
220 1335 472 1374 milleformes
515 1336 748 1374 daemonum
785 1337 969 1374 incursus
1009 1337 1095 1386 quis
1136 1336 1359 1374 innocentia
1392 1347 1461 1374 sua

123 1391 231 1432 fidit?
258 1394 412 1444 quando
433 1395 602 1446 quidem,
630 1407 677 1433 ne
705 1396 792 1445 quis
819 1394 969 1444 fideret,
995 1395 1111 1432 etiam
1135 1393 1317 1445 parvulos
1338 1393 1460 1444 bapti-

120 1458 245 1504 zatos,
287 1452 430 1503 quibus
473 1460 579 1492 certe
619 1453 714 1491 nihil
753 1458 813 1491 est
849 1454 1121 1504 innocentius,
1159 1452 1364 1502 aliquando
1404 1453 1460 1490 sic

120 1516 280 1563 vexant,
323 1517 368 1549 ut
410 1513 450 1549 in
489 1514 545 1550 eis
583 1513 748 1550 maxime
790 1510 870 1549 Deo
910 1513 983 1550 ista
1025 1512 1178 1549 sinente
1219 1516 1461 1549 monstretur

122 1569 237 1608 huius
270 1571 369 1608 vitae
403 1569 530 1608 flenda
561 1570 757 1609 calamitas
790 1576 828 1608 et
860 1570 1020 1609 alterius
1054 1569 1309 1608 desideranda
1340 1569 1459 1608 felici-

123 1635 189 1667 tas.
255 1627 330 1666 lam
372 1640 465 1666 vero
508 1629 554 1667 de
596 1631 680 1680 ipso
723 1641 887 1679 corpore
926 1634 984 1667 tot
1022 1629 1194 1666 existunt
1231 1626 1459 1666 morborum

121 1687 235 1738 mala,
273 1693 317 1725 ut
349 1699 421 1725 nec
454 1687 563 1726 libris
596 1688 838 1726 medicorum
876 1693 1016 1726 cuneta
1058 1686 1327 1737 conprehensa
1365 1688 1460 1738 sint3

120 1747 159 1784 111
198 1757 366 1796 quorum
406 1745 586 1797 pluribus
625 1758 667 1785 ac
705 1758 828 1797 paene
867 1745 1049 1784 omnibus
1091 1747 1206 1783 etiam
1238 1746 1321 1796 ipsa
1353 1744 1458 1783 adiu-

120 1810 249 1842 menta
282 1809 321 1842 et
353 1804 633 1843 medicamenta
665 1810 859 1844 tormenta
892 1810 1000 1852 sunt,
1033 1809 1076 1843 ut
1107 1803 1284 1842 homines
1317 1815 1337 1841 a
1368 1815 1458 1854 poe-

120 1875 259 1901 narum
303 1864 420 1901 exitio
465 1863 617 1913 poenali
662 1868 851 1902 eruantur
895 1863 1047 1901 auxilio.
1115 1862 1250 1900 Nonne
1295 1861 1341 1900 ad
1386 1860 1459 1899 1106

120 1921 303 1972 perduxit
329 1922 507 1959 sitientes
533 1921 711 1959 homiues
747 1922 863 1960 ardor
894 1923 1072 1972 inmanis,
1105 1926 1149 1959 ut
1180 1921 1330 1958 urinam
1364 1931 1458 1970 quo-

120 1992 195 2030 que
234 1980 441 2018 humanam
479 1980 538 2018 vel
578 1982 693 2018 etiam
732 1992 841 2018 suam
882 1977 1091 2018 biberent?
1129 1990 1258 2017 nonne
1297 1977 1343 2016 ad
1385 1978 1458 2016 hoc

120 2039 258 2090 sames,
298 2044 342 2076 ut
373 2050 393 2075 a
426 2038 609 2077 carnibus
648 2039 848 2076 hominum
887 2050 927 2076 se
961 2037 1157 2076 abstinere
1190 2048 1267 2074 non
1299 2041 1460 2087 possent

120 2108 191 2133 neo
223 2098 402 2134 inventos
435 2097 611 2135 homines
644 2102 839 2147 mortuos,
872 2096 938 2134 sed
970 2102 1132 2147 propter
1164 2095 1237 2133 hoc
1270 2107 1290 2132 a
1323 2107 1363 2132 se
1395 2106 1458 2132 oc-

119 2156 232 2206 cisos,
265 2167 337 2192 1166
365 2155 559 2205 quoslibet
591 2155 749 2207 alienos,
781 2167 915 2193 verum
949 2156 1064 2193 etiam
1097 2153 1194 2191 111105
1227 2159 1370 2191 matres
1402 2154 1457 2190 in-

214 2305 234 2336 2
263 2303 321 2347 ex]
350 2314 371 2336 a
396 2302 432 2336 R
451 2304 462 2346 ΙΙ
483 2307 526 2336 23
553 2302 704 2345 sinente,
731 2302 803 2336 ista
826 2312 848 2336 v

1560 327 1575 463 <wag-,4
1563 298 1570 305 A
1564 280 1569 286 1
1563 236 1570 254 ,1
