1495 2489
0 709 40 740 10

0 1001 39 1032 15

0 1295 40 1325 20

0 1588 39 1619 :25

0 1880 40 1910 30

68 77 150 117 100
603 84 868 112 S.AUGUST1N1

65 177 168 213 enim
214 175 286 213 hoe
328 175 494 225 bonum,
538 176 613 212 nisi
654 186 742 212 cum
781 174 823 212 fit
864 174 1080 212 seeundum
1113 175 1227 213 fidem
1260 177 1402 214 summi

65 233 175 286 honi,
217 235 283 284 qui
316 233 419 271 Deus
459 238 527 271 est.
590 231 671 270 Hoc
703 238 833 270 tamen
866 244 978 271 nemo
1011 234 1150 272 secisse
1184 239 1271 272 ante
1303 233 1400 272 dilu-

65 294 169 331 vium
208 294 423 343 repe1·itur;
462 290 615 341 quando
654 290 810 341 quidem
849 292 965 329 etiam
1002 293 1084 342 ipse
1117 291 1250 330 Enoch
1284 294 1400 343 septi-

65 364 152 389 mus
184 350 230 389 ab
263 351 394 398 Adam,
427 351 493 400 qui
526 349 735 387 translatus
767 350 939 388 refertur
972 362 1069 402 esse,
1101 362 1178 388 non
1211 356 1401 402 mortuus,

65 412 201 459 genuit
239 409 338 447 filios
376 414 415 446 et
452 407 548 445 filias
593 413 799 458 antequam
839 408 1139 459 transferretur3
1180 410 1220 446 in
1259 408 1401 459 quibus

66 469 139 506 suit
170 467 441 517 Mathusalam,
482 478 552 517 per
585 478 701 516 quem
732 468 1029 517 generationum
1063 467 1402 506 memorandarum

65 526 161 564 ordo
195 526 439 564 transcurrit.

184 584 262 623 Cur
300 596 393 634 ergo
431 589 537 622 tanta
573 585 747 634 paucitas
793 585 1086 622 successionum
1125 596 1401 622 commemora-

66 649 130 682 tur
161 644 200 681 in
232 641 550 694 generationibus
589 654 635 680 ex
667 640 778 693 Cain,
819 643 852 680 si
885 653 948 680 eas
980 654 1104 693 usque
1138 642 1183 680 ad
1217 642 1401 681 diluvium

66 701 229 753 perduoi
273 700 498 752 oportebat,
542 712 613 739 nec
658 705 741 738 erat
778 700 962 738 diuturna
1006 706 1110 739 aetas
1148 702 1403 752 praeveniens

65 759 333 812 pubertatem,
378 771 476 810 quae
521 764 677 797 centnm
722 758 781 796 vel
826 758 989 809 amplius
1034 771 1155 797 annos
1192 765 1346 798 vacaret
1383 772 1403 798 a

65 816 239 857 fetibus?
299 817 395 856 Nam
435 819 468 856 si
505 829 582 856 non
621 816 847 855 intendebat
884 823 1019 856 auctor
1056 817 1145 856 libri
1183 818 1299 856 huius
1338 818 1402 856 ali-

67 889 200 929 quem,
240 876 285 915 ad
325 889 441 928 quem
480 877 700 914 necessario
739 875 975 926 perduceret
1013 877 1156 914 seriem
1187 878 1402 927 generatio-

66 948 179 987 num,
212 937 313 974 sicut
344 937 383 973 in
416 935 509 987 illis,
551 946 648 985 quae
680 936 842 972 veniunt
874 934 920 972 de
954 936 1101 973 semine
1135 934 1247 986 Seth,
1278 936 1402 974 inten-

67 994 183 1032 debat
220 995 425 1045 pervenire
464 993 509 1031 ad
542 993 641 1045 Noe,
681 1005 700 1030 a
739 1006 815 1043 quo
854 1005 993 1031 rursus
1031 993 1125 1031 ordo
1158 995 1404 1032 necessarius

67 1059 316 1103 sequeretur:
362 1052 453 1103 quid
493 1064 591 1102 opus
641 1057 723 1090 erat
766 1053 1080 1102 praetermittere
1123 1053 1404 1103 primogenitos

67 1111 183 1163 filios,
221 1117 265 1150 ut
302 1112 577 1162 perveniretur
615 1110 660 1148 ad
698 1108 884 1162 Lamech,
923 1112 962 1148 in
1004 1112 1115 1149 euius
1148 1110 1236 1149 filiis
1268 1111 1403 1149 finitur

66 1170 129 1208 illa
161 1171 376 1221 contextio,
408 1175 541 1208 octava
573 1171 824 1220 generatione
857 1169 1006 1208 scilieet
1037 1182 1081 1208 ex
1115 1169 1252 1217 Adam,
1285 1171 1402 1220 septi-

67 1241 127 1266 ma
165 1241 211 1267 ex
244 1228 355 1280 Cain,
394 1230 504 1279 quasi
543 1234 647 1266 esset
680 1228 769 1266 inde
802 1227 946 1278 aliquid
979 1227 1164 1280 deinceps
1196 1234 1402 1267 conecten—

71 1287 180 1339 dum,
219 1287 320 1325 unde
359 1288 632 1338 perveniretur
669 1286 728 1324 vel
761 1287 806 1324 ad
838 1285 1093 1325 israeliticum
1125 1286 1333 1339 populum,
1364 1288 1403 1325 in

69 1358 146 1396 quo
192 1345 349 1384 caelesti
399 1346 545 1383 civitati
598 1346 713 1383 etiam
757 1350 913 1383 terrena
958 1344 1200 1383 Hierusalem
1241 1345 1404 1396 figuram

65 1404 333 1455 propheticam
359 1402 551 1455 praebuit,
584 1403 642 1441 vel
675 1403 720 1441 ad
748 1402 947 1441 Christum
978 1405 1195 1442 secundum
1228 1415 1403 1452 carnem,

65 1465 136 1511 qui
166 1468 222 1501 est
252 1475 373 1512 super
404 1465 537 1501 omnia
569 1463 676 1500 Deus
709 1463 941 1500 benedictus
974 1464 1014 1500 in
1046 1465 1227 1509 saecula,
1268 1474 1402 1513 super-

66 1533 137 1559 nae
170 1520 414 1559 Hierusalem
454 1520 662 1559 l'abrieator
701 1525 816 1570 atque
849 1525 1050 1572 regnator,
1083 1532 1173 1558 eum
1204 1525 1284 1559 tota
1314 1532 1402 1571 pro·

66 1580 200 1630 genies
242 1578 336 1617 Cain
380 1578 524 1617 diluvio
569 1580 618 1617 sit
661 1578 812 1617 deleta?
872 1578 981 1616 Unde
1026 1578 1148 1617 videri
1192 1583 1322 1630 potest
1363 1580 1403 1617 in

67 1638 203 1676 eodem
242 1637 378 1676 ordine
417 1638 712 1688 generationum
755 1638 1037 1687 primogenitos
1077 1637 1197 1675 fuisse
1236 1648 1403 1675 comme-

66 1701 247 1734 moratos.
310 1695 389 1734 Cur
427 1708 519 1746 ergo
558 1702 635 1734 tam
678 1697 792 1746 pauci
837 1693 959 1733 sunt?
1007 1695 1093 1734 Non
1133 1697 1235 1734 enim
1278 1707 1403 1746 usque

65 1754 112 1793 ad
145 1754 331 1792 diluvium
364 1759 422 1792 tot
453 1766 539 1792 esse
571 1760 796 1806 potuerunt,
828 1765 905 1792 non
940 1753 1165 1792 vacantibus
1197 1766 1322 1804 usque
1357 1753 1404 1793 ad

66 1814 329 1851 centenariam
367 1811 612 1863 pubertatem
650 1811 826 1863 patribus
858 1811 904 1849 ab
937 1812 1063 1850 officio
1095 1812 1324 1864 generandi,
1371 1813 1404 1850 si

67 1884 143 1909 non
183 1876 266 1909 erat
304 1876 398 1909 tune
438 1871 691 1921 proportione
728 1870 995 1920 longaevitatis
1034 1869 1136 1908 illius
1170 1872 1285 1909 etiam
1317 1882 1404 1909 sera

65 1929 263 1981 pubertas.
337 1928 388 1967 Ut
425 1930 527 1967 enim
571 1940 766 1979 peraeque
808 1929 966 1978 triginta
1010 1940 1200 1967 annorum
1245 1929 1404 1981 fuerint,

67 2000 156 2026 eum
200 1987 298 2025 filios
338 1999 526 2038 generare
568 1992 800 2038 coeperunt,
838 1988 988 2024 octiens
1028 1988 1170 2025 triceni
1203 1983 1404 2039 (quoniam

66 2051 154 2085 octo
183 2051 273 2084 sunt
299 2047 571 2095 generationes
597 2056 686 2083 eum
712 2044 832 2082 Adam
859 2050 898 2083 et
929 2056 1018 2083 eum
1050 2046 1107 2083 eis
1140 2057 1238 2096 quos
1269 2047 1404 2096 genuit

161 2137 219 2178 533)
246 2135 349 2170 Rom.
377 2138 409 2178 9,
435 2137 467 2169 5.

163 2255 180 2286 1
209 2249 305 2284 enim
331 2259 395 2286 om.
430 2251 463 2284 V
479 2251 491 2295 ΙΙ
510 2254 530 2285 8
557 2251 779 2285 memoratur
804 2249 846 2284 ·V
