1548 2562
448 153 499 177 DE
519 152 707 177 cm'rATE
726 152 797 177 DEI
815 152 848 176 L.
868 151 1000 190 mro.
1020 152 1045 177 5.
1330 141 1414 182 363

83 241 129 280 de
175 253 249 292 qua
291 241 409 279 huius
449 242 578 291 operis
619 253 709 279 ecce
750 242 824 279 iam
868 240 1230 279 undevicensimum
1271 238 1415 277 librum

84 311 281 338 versamus
312 301 352 337 in
384 298 580 350 manibus,
618 299 676 336 vel
709 299 959 337 inchoaretur
991 303 1130 336 exortu
1162 297 1222 335 vel
1254 309 1412 348 progre-

82 357 242 396 deretur
280 369 448 396 excursu
485 357 545 395 vel
582 357 892 407 adprehenderet
931 356 1082 395 debitos
1114 357 1230 407 fines,
1272 357 1304 393 si
1336 367 1414 393 non

83 421 187 454 esset
218 415 370 454 socialis
408 417 483 453 vita
525 413 777 453 sanctorum?
840 414 914 453 Sed
947 417 986 453 in
1019 415 1135 453 huius
1168 413 1413 452 mortalitatis

82 485 267 512 aerumna
304 479 399 524 quot
436 478 475 512 et
512 475 666 524 quantis
698 473 868 524 abundet
900 473 1008 511 malis
1040 473 1206 511 humana
1239 474 1416 523 societas,
1442 480 1462 509 5

82 533 170 583 quis
202 543 432 570 enumerare
465 529 632 570 valeat?
651 533 739 582 quis
771 533 974 570 aestimare
1008 528 1203 570 sufficiat?
1245 531 1414 570 Audiant

82 590 183 641 apud
221 591 390 629 comicos
429 602 520 628 suos
557 590 755 628 hominem
793 602 882 628 cum
922 601 1039 628 sensu
1072 595 1187 640 atque
1220 600 1415 627 consensu

82 650 255 687 omnium
286 648 486 687 hominum
519 647 668 687 dicere:

199 730 303 768 Duxi
333 744 511 780 uxorem3
543 743 661 780 quam
691 730 746 767 ibi
777 730 976 768 miseriam
1007 731 1105 769 vidi!
1137 730 1233 767 Nati
1263 729 1346 777 filii,

198 789 290 826 Alia
321 787 424 828 cura.
1446 794 1487 825 10

84 870 185 915 Quid
223 870 358 908 itidem
395 870 473 921 illa,
515 881 612 920 quae
645 871 685 908 in
717 881 848 908 amore
880 871 970 908 vitia
1004 874 1282 907 commemorat
1313 868 1417 907 idem

83 928 309 980 Terentius,
351 930 545 981 „iniuriae
585 929 846 979 suspiciones,
884 929 1109 966 inimicitiae
1142 927 1304 979 bellum,
1341 939 1415 977 pax

84 984 283 1025 rursum“:
315 999 443 1025 nonne
475 999 538 1024 res
570 986 757 1024 humanas
790 985 935 1036 ubique
967 983 1256 1036 impleverunt?
1287 997 1416 1023 nonne

84 1051 122 1083 et
152 1047 192 1083 in
215 1046 432 1083 amicorum
457 1044 631 1082 honestis
663 1043 861 1082 amoribus
893 1044 1123 1095 plerumque
1156 1040 1418 1094 contingunt?

84 1115 212 1141 nonne
257 1103 316 1143 his
357 1114 636 1153 usquequaque
681 1102 817 1153 plenae
855 1108 946 1141 sunt
994 1114 1058 1141 res
1099 1102 1307 1153 humanae,
1351 1100 1417 1139 ubi
1446 1108 1487 1139 15

85 1163 247 1200 iniurias
284 1162 543 1212 suspiciones,
581 1162 802 1199 inimicitias
841 1160 985 1199 bellum
1024 1160 1121 1198 mala
1159 1165 1265 1198 certa
1298 1161 1414 1198 senti-

85 1232 188 1271 mus,
219 1231 354 1270 pacem
386 1231 478 1258 vero
504 1220 698 1257 incertum
724 1218 880 1270 bonum,
913 1220 1096 1269 quoniam
1122 1218 1239 1257 corda
1265 1230 1415 1268 eorum,

85 1290 173 1317 cum
205 1277 346 1328 quibus
379 1289 463 1316 eam
493 1282 628 1316 tenere
660 1277 855 1329 volumus,
887 1279 1128 1328 ignoramus,
1167 1282 1206 1315 et
1237 1278 1269 1315 si
1301 1276 1415 1314 hodie

84 1348 199 1375 nosse
231 1348 447 1387 possemus,
479 1335 603 1386 qualia
636 1347 721 1373 cras
753 1336 883 1374 sutura
916 1341 1047 1373 essent
1079 1336 1214 1385 utique
1246 1336 1417 1372 nescire-

84 1407 181 1434 mus.
233 1395 308 1440 Qui
332 1406 449 1445 porro
476 1395 577 1432 inter
603 1406 644 1432 se
671 1395 874 1432 amiciores
900 1393 1026 1432 solent
1051 1405 1138 1432 esse
1169 1393 1229 1431 vel
1261 1392 1416 1444 debent,
1442 1400 1487 1431 20

85 1465 199 1504 quam
232 1454 299 1503 qui
335 1464 412 1490 una
448 1454 563 1490 etiam
600 1454 852 1490 continentur
883 1449 1027 1490 domo?
1088 1451 1137 1489 Et
1167 1457 1297 1490 tamen
1330 1452 1418 1501 quis

85 1512 174 1550 inde
206 1523 370 1550 securus
402 1516 472 1562 est,
504 1522 593 1549 cum
624 1516 731 1549 tanta
763 1522 878 1561 saepe
910 1510 1008 1548 mala
1040 1522 1087 1548 ex
1119 1522 1256 1548 eorum
1288 1509 1416 1548 occul-

85 1572 135 1609 tis
166 1569 317 1608 insidiis
349 1570 565 1620 extiterint,
596 1574 703 1607 tanto
736 1570 945 1620 amariora,
985 1574 1129 1618 quanto
1162 1580 1235 1619 pax
1267 1567 1418 1606 dulcior

85 1629 176 1675 fuit,
220 1639 318 1678 quae
356 1639 445 1665 vera
483 1632 615 1678 putata
654 1632 729 1678 est,
767 1639 856 1665 cum
900 1628 1136 1664 astutissime
1176 1623 1420 1676 fingeretur?

86 1686 251 1737 Propter
289 1685 392 1736 quod
430 1686 603 1723 omnium
641 1690 800 1735 pectora
838 1686 894 1723 sic
931 1685 1112 1735 adtingit,
1156 1690 1198 1722 ut
1238 1689 1350 1735 cogat
1379 1685 1419 1722 in
1446 1693 1489 1723 25

86 1746 291 1795 gemitum,
324 1743 426 1794 quod
459 1744 511 1781 ait
542 1743 710 1781 Tullius:
741 1743 905 1795 „Nullae
938 1748 1030 1781 sunt
1060 1742 1296 1781 occultiores
1327 1743 1419 1781 insi-

87 1802 172 1841 diae
210 1814 325 1852 quam
357 1802 445 1853 hae,
485 1814 582 1851 quae
621 1801 742 1840 latent
779 1802 818 1840 in
857 1801 1101 1840 simulatione
1134 1802 1251 1839 officii
1283 1806 1349 1839 aut
1379 1802 1420 1839 in

87 1861 214 1911 aliquo
253 1859 553 1898 necessitudinis
591 1861 758 1898 nomine.
820 1859 916 1898 Nam
954 1871 1060 1911 eum,
1099 1861 1165 1910 qui
1204 1859 1329 1910 palam
1361 1864 1421 1897 est

87 1919 349 1970 adversarius,
387 1918 497 1956 facile
531 1918 700 1956 cavendo
732 1919 852 1956 vitare
885 1919 1030 1969 possis3
1062 1918 1134 1955 hoc
1168 1930 1258 1955 vero
1292 1917 1419 1955 occul—

86 1982 170 2016 tum
207 1978 435 2015 intestinum
466 1988 509 2015 ac
547 1976 804 2014 domesticum
836 1976 978 2015 malum
1010 1988 1087 2014 non
1120 1975 1245 2014 solum
1277 1977 1420 2027 existit,
1446 1984 1490 2015 30

88 2047 223 2074 verum
255 2036 370 2073 etiam
402 2036 606 2086 opprimit,
647 2039 853 2085 antequam
885 2036 1110 2085 prospicere
1143 2039 1258 2084 atque
1292 2033 1420 2084 explo-

88 2105 174 2131 rare
214 2090 425 2144 potueris.“
485 2092 651 2144 Propter
688 2092 791 2143 quod
831 2095 946 2131 etiam
984 2093 1110 2131 divina
1148 2104 1221 2130 vox
1252 2092 1332 2131 illa:
1371 2093 1421 2130 Et

88 2153 242 2191 inimici
270 2153 438 2190 hominis
477 2153 682 2190 domestici
718 2154 802 2189 eius
834 2163 922 2190 cum
955 2163 1093 2201 magno
1126 2150 1259 2188 dolore
1292 2151 1420 2188 cordis

185 2265 240 2307 10)
268 2263 348 2297 Ter.
369 2260 436 2297 Ad.
464 2264 495 2306 5,
515 2265 548 2306 4,
570 2266 613 2297 13
633 2274 685 2307 sq.
738 2265 793 2306 13)
819 2263 909 2298 Eun.
939 2267 969 2306 1,
999 2267 1029 2306 1,
1059 2266 1100 2296 14
1127 2274 1178 2306 sq.
1230 2264 1289 2307 32)
1315 2263 1417 2298 Verr.

87 2311 156 2346 act.
183 2313 215 2354 2,
243 2314 274 2353 1,
302 2314 355 2346 15.
406 2312 463 2353 33)
489 2309 552 2344 Mt.
583 2313 635 2352 10⁷
662 2314 717 2344 36.
