1611 2465
71 848 110 877 10

67 1139 108 1170 15

67 1725 109 1756 25

139 73 225 115 392
683 81 709 106 s,
730 80 944 107 AUGUS'HNI

137 171 463 223 inpudentissime
497 167 795 209 contentiosus?
857 170 933 207 Sed
966 175 1010 208 nt
1041 176 1189 208 taceam
1222 170 1355 221 quales
1388 172 1477 222 sint,

138 242 236 280 quos
277 231 477 267 sacrificiis
516 228 713 267 colebant:
754 230 794 266 in
833 228 916 279 lege
956 230 1037 266 veri
1070 228 1138 267 Dei
1178 230 1368 279 scriptum
1401 234 1478 268 est:

137 290 390 335 Sam-means
429 290 506 326 diis
547 288 830 326 eradicabitur
862 289 942 325 nisi
971 288 1138 326 Domino
1170 293 1333 326 tantum.
1395 287 1476 325 Nec

137 347 250 385 honis
283 348 401 397 igilur
429 358 500 384 nec
528 345 637 384 malis
670 345 744 383 diis
777 346 988 384 sacrificari
1020 345 1151 398 voluit,
1184 347 1250 396 qui
1282 346 1355 384 hoc
1388 358 1477 384 cum

138 412 242 444 tanta
276 406 575 443 comminatione
608 406 818 455 praecepit.

643 552 799 595 CAPUT
831 553 966 595 XXII.

197 641 258 678 An
290 651 408 678 verus
438 641 490 677 sit
522 640 640 685 Deus,
673 641 742 677 cuz·
776 640 998 678 Christiani
1026 642 1216 687 serviunt,
1249 642 1318 678 cui
1345 643 1421 678 soli

598 698 742 737 debeat
770 700 1015 744 sacrificari.

258 779 333 817 Sed
361 779 591 830 responderi
617 784 766 830 potest:
797 779 919 832 „Quis
950 781 1023 817 i'ste
1050 779 1154 818 Deus
1186 786 1246 818 est
1277 785 1343 818 aut
1373 781 1476 819 unde

138 839 280 889 dignus
322 838 532 890 probatur,
573 839 636 876 cui
678 837 868 876 deberent.
905 837 1175 889 obtemperare
1213 838 1397 891 Romani,
1434 844 1479 878 ut

136 897 286 935 nullum
307 896 471 935 deorum
497 902 654 947 praeter
680 898 808 947 ipsum
835 896 1012 935 colerent
1032 894 1286 935 sacrificiis?“
1317 897 1477 947 Magnae

136 957 334 994 caecitatis
375 961 455 1007 est,
498 955 624 993 adhuc
656 956 993 1006 quae1·e1·e‚1quis
1025 957 1098 993 iste
1132 957 1181 993 sit
1212 954 1327 994 Deus.
1389 955 1476 1006 Ipse

136 1020 196 1052 est
228 1013 349 1065 Deus,
389 1015 501 1052 cuius
539 1013 752 1064 prophetae
794 1014 1075 1065 praedixerunt
1113 1015 1185 1052 ista
1219 1026 1316 1064 quae
1350 1016 1475 1052 cerni-

136 1085 235 1112 mus.
297 1072 383 1123 Ipse
416 1077 477 1110 est
507 1072 624 1123 Deus,
656 1084 676 1110 a
709 1084 786 1122 quo
818 1083 1052 1123 responsum
1084 1074 1234 1123 accepit
1265 1072 1476 1112 Abraham:

136 1132 185 1169 In
234 1133 383 1169 semine
429 1136 496 1169 tao
547 1132 836 1169 benedicentur
885 1142 1017 1169 omnes
1063 1136 1212 1178 aemes.
1275 1130 1386 1176 Quod
1436 1133 1476 1170 in

136 1190 291 1228 Christo
325 1190 429 1240 fieri,
468 1191 533 1239 qui
567 1188 784 1227 secundum
816 1200 974 1227 carnem
1007 1189 1053 1227 de
1086 1189 1151 1227 illo
1184 1191 1332 1228 semine
1366 1202 1475 1228 exor-

136 1254 199 1286 tus
227 1253 298 1299 est,
331 1248 434 1285 idem
460 1249 534 1298 ipsi
561 1249 627 1297 qui
659 1253 935 1285 remanserunt
967 1247 1084 1285 huius
1117 1250 1285 1286 nominis
1317 1249 1476 1297 inimici,

136 1306 255 1344 velint
287 1306 471 1357 nolintve,
504 1311 756 1356 cognoscunt.
819 1305 905 1356 Ipse
939 1311 998 1344 est
1030 1305 1146 1357 Deus,
1179 1308 1290 1344 cuius
1323 1306 1476 1345 divinus

139 1365 310 1416 Spiritus
354 1376 425 1415 per
467 1376 534 1402 eos
577 1364 733 1402 locutus
777 1370 859 1415 est,
905 1376 1074 1414 quorum
1116 1364 1316 1415 praedicta
1359 1371 1475 1415 atque

137 1423 329 1474 completa
354 1434 425 1474 per
452 1423 669 1474 ecelesiam,
701 1435 814 1473 quam
836 1422 1012 1461 videmus
1043 1428 1126 1461 toto
1159 1422 1253 1461 orbe
1286 1423 1477 1475 diffusam,

137 1483 177 1520 in
210 1481 319 1519 libris
352 1481 622 1531 superioribus
654 1482 779 1532 posui.
841 1480 927 1531 Ipse
961 1487 1020 1519 est
1052 1481 1174 1532 Deus,
1207 1493 1324 1532 quem
1354 1481 1475 1520 Varro

137 1541 387 1578 doctissimus
428 1540 693 1578 Romanorum
734 1539 863 1577 Iovem
905 1545 1036 1591 putat,
1078 1542 1252 1590 quamvis
1295 1542 1475 1579 nesciens

137 1599 230 1650 quid
263 1599 464 1650 loquatur3
498 1598 601 1649 quod
635 1604 763 1636 tamen
795 1598 882 1636 ideo
915 1598 1300 1637 commemorandum
1331 1600 1476 1650 putavi,

137 1659 321 1708 quoniam
365 1659 423 1694 vir
466 1663 595 1695 tantae
646 1658 831 1695 scientiae
881 1668 953 1694 nee
998 1656 1147 1695 nullum
1190 1658 1309 1695 istum
1352 1656 1476 1695 Deum

137 1717 265 1767 potuit
297 1716 520 1753 existimare
562 1727 633 1754 nee
678 1715 802 1753 vilem.
865 1714 977 1753 Hune
1016 1717 1119 1753 enim
1151 1727 1240 1753 eum
1273 1727 1358 1753 esse
1392 1727 1474 1754 cre-

137 1775 254 1825 didit,
296 1785 412 1824 quem
452 1785 647 1812 summum
685 1775 834 1824 putavit
875 1773 1001 1811 deum.
1064 1773 1267 1812 Postremo
1300 1775 1381 1824 ipse
1416 1779 1476 1812 est

136 1832 251 1883 Deus,
285 1844 401 1882 quem
434 1831 684 1871 doctissimus
716 1831 1050 1883 philosophorum,
1083 1833 1257 1881 quamvis
1291 1830 1472 1870 Christia-

138 1903 276 1929 norum
304 1891 518 1929 acerrimus
545 1892 737 1941 inimicus,
770 1892 886 1928 etiam
913 1901 983 1939 per
1009 1901 1145 1927 eorum
1177 1889 1344 1942 oracula,
1376 1902 1474 1940 quos

136 1949 229 1987 deos
261 1954 389 2000 putat,
422 1949 537 1987 deum
570 1960 751 1999 magnum
783 1948 1022 1998 Porphyrius
1054 1948 1272 1986 confitetur.

231 2065 265 2105 3)
294 2061 406 2096 Exod.
435 2065 490 2103 22,
517 2065 571 2095 20.
625 2062 681 2103 15)
708 2060 796 2096 Gen.
824 2064 879 2103 22,
909 2062 961 2095 18.
