1611 2465
39 846 79 876 10

41 1138 81 1167 15

41 1430 85 1460 20

43 1721 86 1751 25

102 96 186 137 328
637 104 663 128 S.
684 102 901 129 AUGcs'rnu

101 201 205 233 esset
249 195 466 244 expectatio
511 193 697 243 gentium.
759 191 864 230 Fieri
908 198 1038 231 autem
1083 204 1160 231 non
1205 199 1354 243 posset,
1399 200 1442 232 ut

101 257 354 304 expectarent
395 263 483 289 eum
529 256 664 301 gentes
706 256 933 302 venturum,
978 252 1078 289 sicut
1117 263 1206 289 eum
1245 253 1441 291 cernimus

101 312 323 362 expectari,
367 315 411 348 ut
454 311 582 347 veniat
625 309 671 347 ad
716 309 936 347 faciendum
977 309 1163 347 iudicium
1196 312 1235 348 in
1269 310 1441 349 claritate

101 371 319 422 potentiae,
364 369 438 406 nisi
482 369 592 418 prius
636 369 675 405 in
714 379 805 405 eum
849 367 1078 418 crederent,
1122 380 1210 406 cum
1250 371 1356 407 venit
1397 369 1443 407 ad

101 427 327 480 patiendum
359 426 547 465 iudicium
579 427 618 464 in
651 425 869 464 humilitate
902 427 1123 477 patientiae.

610 563 764 605 CAPUT
787 563 935 604 XLVI.

104 640 164 677 De
196 644 286 676 ortu
319 638 543 675 Salvatoris
575 639 713 685 nostri,
745 638 965 675 secundum
998 638 1106 684 quod
1145 637 1315 676 Verbum
1347 650 1447 677 caro

160 696 317 745 factum
350 701 418 743 est,
450 700 489 734 et
520 696 568 734 de
601 697 848 743 de‘spersione
875 696 1121 734 Iudaeorum
1148 707 1225 744 per
1257 708 1389 736 omnes

385 758 540 802 (sentes,
572 755 678 792 sicut
704 753 846 801 fuerat
870 755 1165 803 prophetatum.

226 836 425 887 Regnante
459 847 551 885 ergo
578 834 732 873 Herode
765 837 804 873 in
838 834 990 886 Iudaea,
1023 835 1124 885 apud
1156 835 1350 874 Romanos
1383 848 1446 875 au-

107 902 185 934 tem
218 897 293 933 iam
327 899 474 933 mutato
501 895 559 931 rei
590 893 769 944 publicae
802 899 905 932 statu
937 895 1153 944 imperante
1181 893 1344 932 Caesare
1372 895 1447 933 Au-

107 960 221 1004 gusto
264 959 303 991 et
343 965 413 1003 per
446 964 533 990 eum
568 951 662 989 orbe
694 958 830 1003 pacato
863 958 977 990 natus
1011 957 1069 990 est
1101 951 1279 990 Christus
1311 965 1447 992 secun-

109 1013 201 1050 dum
239 1011 540 1062 praecedentem
578 1010 822 1061 prophetiam
854 1013 893 1048 in
927 1010 1126 1048 Bethleem
1159 1010 1292 1062 Iudae,
1333 1011 1449 1050 homo

110 1071 338 1108 manifestus
366 1082 412 1107 ex
438 1069 593 1106 homine
621 1070 781 1120 virgine,
814 1068 918 1106 Deus
945 1068 1122 1106 occultus
1149 1081 1195 1107 ex
1223 1068 1302 1107 Deo
1323 1069 1449 1109 Patre.

111 1130 174 1167 Sic
216 1130 320 1167 enim
362 1127 551 1178 propheta
588 1128 852 1177 praedixerat:
896 1128 1004 1166 Ecce
1042 1129 1154 1174 vit-90
1193 1130 1367 1177 accipiet
1409 1131 1449 1167 in

108 1193 223 1226 utero
266 1192 304 1225 et
337 1188 475 1235 pariet
507 1188 651 1232 filium,
691 1191 728 1224 et
766 1187 965 1224 vocabunt
1002 1197 1142 1224 nomen
1175 1188 1260 1224 elus
1292 1187 1448 1226 Emma-

109 1249 217 1293 nuel,
256 1246 364 1293 quod
400 1249 458 1282 est
498 1246 823 1292 interpretatum:
867 1245 1080 1282 Nobiscum
1121 1245 1238 1283 Deus.
1302 1244 1377 1290 Qui
1408 1253 1452 1285 ut

110 1306 149 1342 in
188 1316 229 1342 se
269 1302 560 1341 commendaret
593 1302 733 1354 Deum,
774 1302 959 1340 miracula
992 1301 1112 1340 multa
1146 1303 1255 1354 fecit,
1288 1315 1333 1340 ex
1367 1306 1450 1355 qui-

110 1362 184 1400 hus
225 1361 429 1412 quaedam,
468 1366 656 1411 quantum
695 1360 740 1398 ad
780 1373 870 1399 enm
901 1360 1207 1411 praedicandum
1239 1362 1332 1399 satis
1365 1374 1451 1401 esse

114 1423 237 1459 visum
277 1426 356 1471 est,
401 1421 596 1469 scriptura
637 1419 857 1469 evangelica
899 1420 1084 1457 continet.
1156 1418 1331 1464 Quorum
1373 1423 1451 1472 pri-

112 1491 218 1518 mum
245 1484 317 1529 est,
350 1477 453 1528 quod
481 1484 557 1515 tam
586 1477 818 1516 mirabiliter
843 1483 958 1515 natus
990 1483 1066 1528 est3
1099 1477 1279 1516 ultimum
1311 1485 1452 1532 autem,

113 1537 216 1588 quod
251 1549 339 1602 einp
379 1549 449 1574 sno
492 1537 725 1574 resuscitato
758 1548 778 1573 a
810 1537 975 1574 mortuis
1008 1547 1172 1585 corpore
1206 1536 1381 1576 ascendit
1411 1540 1451 1576 in

113 1596 275 1634 caelum.
336 1594 468 1633 Iudaei
508 1600 659 1646 autem,
703 1596 770 1644 qui
810 1606 900 1632 eum
942 1593 1172 1632 occiderunt
1209 1600 1247 1632 et
1284 1596 1323 1632 in
1364 1608 1452 1635 eum

114 1654 276 1693 eredere
303 1653 526 1704 noluerunt,
561 1655 649 1703 quia
676 1652 881 1703 oportebat
907 1664 997 1690 eum
1031 1654 1130 1690 mori
1162 1658 1201 1691 et
1233 1664 1454 1706 resurgere,

114 1713 250 1750 vastati
282 1712 477 1749 infelicius
510 1724 529 1748 a
557 1711 741 1749 Romanis
774 1711 1030 1761 funditusque
1063 1722 1082 1748 a
1116 1723 1186 1758 suo
1219 1723 1353 1763 regnO,
1386 1712 1454 1751 ubi

114 1774 189 1809 iam
211 1772 266 1808 eis
292 1770 530 1819 alienigenae
558 1769 868 1821 dominabantur,
902 1769 1086 1807 eradicati
1113 1769 1357 1819 dispersique
1384 1783 1455 1822 per

115 1836 240 1868 terras
267 1824 442 1881 (qnando
469 1827 626 1877 quidem
653 1827 797 1878 ubique
832 1839 908 1865 non
941 1823 1103 1878 desunt)
1135 1839 1206 1877 per
1238 1829 1454 1878 scripturas

115 1900 205 1925 suas
233 1887 454 1925 testimonio
481 1885 593 1923 nobis
626 1892 716 1924 sunt
747 1885 972 1936 prophetias
1005 1897 1076 1922 nos
1107 1897 1184 1922 non
1218 1885 1374 1925 finxisse
1407 1887 1455 1925 de

116 1946 289 1996 Christo,
328 1956 423 1995 quas
461 1944 618 1994 plurimi
661 1955 798 1981 eorum
836 1943 1132 1981 considerantes
1171 1948 1210 1981 et
1248 1950 1336 1983 ante
1368 1957 1453 1996 pas-

47 2013 89 2042 30
118 2006 267 2041 sionem
307 2008 345 2041 et
383 2004 546 2040 maxime
585 2007 673 2052 post.
711 2003 795 2039 eins
834 2002 1165 2039 resurrectionem
1204 2002 1457 2042 crediderunt

117 2064 154 2099 in
194 2073 329 2119 eumff
348 2061 395 2099 de
437 2060 579 2110 quibus
617 2060 858 2110 praedictum
898 2065 972 2097 est:
1024 2060 1068 2097 Se·
1100 2059 1231 2107 fuerit
1267 2072 1458 2100 numerus

112 2122 290 2167 liliorum
318 2120 451 2157 Israel
473 2121 578 2157 sicut
603 2120 760 2157 harena
787 2120 922 2164 maris,
956 2119 1153 2165 reliquiae
1183 2120 1319 2158 salvae
1346 2122 1456 2167 fient.

215 2221 269 2261 13)
296 2219 405 2254 Mieh.
437 2223 478 2262 5,
509 2223 539 2253 2.
593 2221 648 2262 17)
682 2218 775 2252 Esai.
815 2223 852 2262 7,
890 2222 949 2260 143
982 2218 1045 2252 Mt.
1086 2223 1122 2261 1,
1162 2222 1217 2252 23.
1273 2221 1332 2264 32)
1362 2219 1456 2256 Esai.

120 2271 174 2310 lo,
202 2270 256 2300 22.
