1548 2562
453 144 506 167 DE
526 142 714 169 CIVITATE
732 143 802 168 DEI
820 143 854 169 L.
875 143 956 168 xlx.
977 143 1006 168 c.
1026 144 1050 168 3.
1329 133 1414 174 355

84 233 318 283 doctrinam,
356 233 438 270 sine
476 231 537 269 his
569 237 699 270 autem
730 244 809 270 non
840 238 969 283 potest
1001 243 1086 270 esse
1118 231 1195 270 ulla
1226 230 1414 283 doctrina,

83 303 127 329 ac
159 302 230 341 per
260 290 333 328 hoc
360 302 432 328 nec
458 291 594 341 virum,
626 301 724 340 quae
756 291 892 340 utique
924 290 1098 328 discitur.
1146 289 1251 328 Bene
1284 295 1415 328 autem

83 360 261 400 currere,
293 347 500 399 pulchrum
539 360 625 386 esse
657 360 839 399 corpore,
870 348 1018 386 viribus
1048 347 1272 398 ingentibus
1304 360 1413 398 prae-

82 407 208 445 valere
241 412 280 445 et
311 411 441 445 cetera
471 406 588 444 huius
620 406 725 444 modi
755 406 845 444 talia
877 412 986 459 sunt,
1029 412 1072 445 ut
1103 411 1142 444 et
1172 408 1296 444 virtus
1328 408 1412 445 sine

81 465 142 503 his
179 476 265 503 esse
303 466 426 515 possit
466 468 505 503 et
541 466 625 515 ipsa
668 465 752 502 sine
791 464 953 516 virtute,
1003 464 1105 503 bona
1142 470 1234 503 sunt
1273 470 1414 517 tamen,

82 528 120 562 et
152 523 368 561 secundum
403 524 500 561 istos
537 524 653 561 etiam
690 523 773 573 ipsa
804 528 966 574 propter
998 535 1039 561 se
1070 524 1154 573 ipsa
1185 522 1308 574 diligit
1338 525 1413 561 vir-

81 587 157 634 tuS,
187 583 390 632 utiturque
421 580 497 619 illis
530 586 568 619 et
598 581 756 633 fruitur,
788 582 889 619 sicut
920 582 1105 619 virtutem
1137 581 1259 620 decet.

197 639 306 678 Hanc
343 641 459 678 vitam
497 638 649 678 beatam
687 641 802 677 etiam
849 639 1029 677 socialem
1067 639 1275 689 perhibent
1316 651 1414 692 esse,

82 710 179 749 quae
223 700 436 736 amicorum
472 697 573 736 bona
616 704 778 748 propter
816 710 857 736 se
897 699 979 748 ipsa
1022 696 1157 748 diligat
1201 699 1302 737 sicut
1345 710 1414 736 sua

82 758 215 807 eisque
253 761 414 807 propter
451 757 557 806 ipsos
594 756 668 794 hoc
706 756 797 794 velit
834 756 937 806 quod
976 755 1067 801 sibi3
1106 757 1185 794 sive
1226 757 1266 794 in
1297 757 1413 795 'domo

83 816 178 866 sint,
220 817 322 853 sicut
353 816 496 852 coniux
527 819 566 852 et
596 814 709 852 liberi
740 820 779 852 et
812 816 1048 864 quicumque
1081 814 1302 867 domestici,
1334 817 1413 853 sive

82 875 121 911 in
153 873 257 925 loco,
294 872 362 911 uhi
393 873 530 910 domus
563 878 623 911 est
654 874 757 924 eius,
794 874 910 910 sicuti
941 878 1000 910 est
1032 871 1146 924 urbs,
1178 878 1222 910 ut
1253 879 1344 911 sunt
1375 873 1415 911 hi

83 933 149 982 qui
193 933 296 970 cives
333 936 539 982 vocantur,
583 932 662 969 sive
706 932 746 968 in
791 930 885 968 orbe
923 935 1024 981 toto,
1070 936 1113 968 ut
1154 936 1246 969 sunt
1278 937 1415 981 gentes

82 1002 178 1040 quas
217 991 252 1028 ei
290 991 455 1028 societas
492 989 659 1027 humana
701 990 919 1040 coniungit,
957 990 1036 1026 sive
1069 990 1109 1026 in
1140 990 1225 1039 ipso
1258 990 1415 1041 mundo,

82 1050 148 1099 qui
192 1053 376 1086 censetur
414 1049 569 1085 nomine
611 1047 707 1085 caeli
733 1052 784 1085 et
822 1054 969 1098 terrae,
1008 1048 1109 1085 sicut
1153 1059 1238 1085 esse
1281 1047 1416 1086 dicunt

81 1106 193 1158 deos,
231 1118 329 1157 quos
360 1106 495 1144 volunt
528 1106 671 1144 amicos
703 1118 788 1144 esse
820 1105 967 1144 homini
1000 1106 1182 1156 sapienti,
1214 1117 1312 1156 quos
1345 1118 1416 1144 nos

80 1165 308 1203 familiarius
357 1164 513 1214 angelos
564 1164 740 1202 dicimus.
789 1163 856 1202 ‘De
900 1164 1093 1201 bonorum
1137 1169 1267 1202 autem
1311 1170 1350 1202 et
1395 1177 1415 1202 e

81 1224 277 1261 contrario
304 1222 494 1261 malorum
520 1222 662 1260 finibus
689 1228 832 1273 negant
861 1222 940 1260 ullo
973 1221 1086 1260 modo
1119 1234 1204 1260 esse
1237 1221 1415 1261 dubitan-

81 1281 172 1319 dum
206 1286 244 1319 et
275 1281 374 1319 hanc
405 1282 509 1319 inter
534 1292 575 1319 se
602 1286 642 1318 et
666 1293 786 1319 novos
812 1280 1062 1318 Academicos
1094 1280 1299 1318 adfirmant
1329 1293 1415 1319 esse

81 1339 320 1391 distantiam,
365 1351 438 1377 nec
483 1351 618 1377 eorum
662 1341 827 1377 interest
871 1340 1097 1389 quicquam,
1148 1341 1227 1377 sive
1272 1338 1414 1390 Cynico

82 1399 161 1436 sive
205 1398 279 1436 alio
324 1397 498 1448 quolibet
539 1397 672 1435 habitu
718 1402 757 1435 et
793 1399 898 1435 victu
935 1399 974 1435 in
1013 1397 1073 1435 his
1113 1397 1273 1449 finibus,
1317 1409 1416 1448 quos

80 1468 194 1494 veros
218 1461 370 1507 putant,
400 1457 565 1506 quisque
591 1455 899 1507 philosophetur.
960 1454 1018 1493 Ex
1044 1455 1170 1494 tribus
1196 1467 1314 1506 porro
1340 1455 1416 1494 illis

80 1516 180 1552 vitae
212 1514 435 1566 generibus,
466 1516 603 1566 otioso,
635 1520 794 1552 actuoso
827 1520 865 1552 et
897 1513 1000 1563 quod
1032 1526 1079 1551 ex
1111 1519 1279 1564 utroque
1313 1526 1413 1552 com-

79 1574 251 1624 positum
289 1578 366 1625 est,
401 1572 476 1610 hoc
513 1574 673 1611 tertium
715 1572 787 1610 sibi
825 1572 978 1622 placere
1011 1572 1250 1610 adseverant.
1311 1572 1416 1610 Haec

82 1632 251 1669 sensisse
284 1636 399 1681 atque
431 1631 611 1669 docuisse
644 1630 894 1668 Academicos
927 1635 1079 1668 veteres
1106 1629 1226 1668 Varro
1260 1630 1416 1682 adserit,

82 1695 240 1728 auctore
278 1689 487 1740 Antiocho,
528 1690 712 1739 magistro
745 1688 945 1726 Ciceronis
978 1693 1016 1726 et
1047 1700 1137 1739 suo,
1175 1700 1291 1738 quem
1324 1701 1415 1727 sane

83 1747 218 1786 Cicero
244 1748 285 1785 in
311 1746 489 1798 pluribus
516 1748 636 1785 fuisse
664 1746 838 1785 Stoicum
871 1758 986 1797 quam
1018 1752 1191 1784 veterem
1216 1746 1415 1785 Academi-

82 1818 171 1844 cum
203 1806 285 1844 vult
321 1805 454 1844 videri.
518 1805 594 1843 Sed
627 1805 718 1856 quid
751 1805 797 1843 ad
831 1816 919 1857 nos,
957 1806 1023 1855 qui
1054 1806 1184 1856 potius
1217 1805 1263 1843 de
1296 1804 1415 1843 rebus

82 1866 177 1915 ipsis
214 1863 387 1902 iudicare
426 1863 632 1915 dehemus,
676 1875 792 1914 quam
828 1874 900 1914 pro
936 1875 1074 1914 magno
1113 1863 1159 1902 de
1191 1863 1415 1902 hominibus

84 1922 176 1973 quid
209 1924 374 1973 quisque
407 1924 575 1961 senserit
606 1920 736 1961 scire?

150 2020 156 2028 ⁵
177 2025 235 2066 28)
260 2022 373 2057 Acad.
399 2035 452 2068 pr.
479 2027 511 2067 2,
537 2026 580 2057 21
608 2034 660 2067 sq.

179 2157 199 2186 6
225 2162 261 2186 36
286 2151 368 2196 ipsa
392 2150 447 2193 R‚·
473 2161 511 2186 se
535 2150 655 2195 ipsam
680 2151 737 2186 Av
757 2152 769 2195 ΙΙ
788 2150 954 2195 diligitur
979 2149 1050 2184 ΒΑ

1065 2360 1132 2394 23*

1442 764 1484 795 10

1444 1055 1484 1084 15

1441 1347 1486 1378 20

1441 1639 1485 1669 25

1442 1929 1486 1961 30
