1548 2562
438 102 490 127 DE
511 102 696 127 CIVITATE
715 102 785 127 DEI
803 102 835 128 L.
856 102 922 127 xx.
943 102 971 127 c.
993 103 1016 127 1.
1038 103 1061 127 2.
1321 91 1405 132 407

79 192 160 241 ipse
198 190 397 242 tribuerit,
437 190 658 241 disputabo,
698 191 850 241 quando
884 190 1061 229 Christus
1100 190 1146 228 de
1179 189 1284 228 caelo
1319 202 1406 227 ven-

79 254 191 287 turus
225 254 283 287 est
313 249 418 286 vivos
444 248 688 287 iudicaturus
721 255 759 287 et
791 255 977 288 mortuos.
1038 249 1113 287 Iste
1149 249 1291 299 quippe
1324 247 1407 286 dies

78 307 211 345 iudicii
248 307 403 357 proprie
442 308 517 344 iam
554 312 735 358 vocatur,
774 320 818 345 eo
857 307 959 358 quod
999 307 1127 345 nullus
1160 306 1213 344 ibi
1245 307 1319 344 erit
1350 307 1406 344 in-

78 366 225 415 peritae
259 364 453 414 querellae
492 364 620 417 loeus,
660 378 730 403 cur
761 367 929 404 iniustus
962 365 1024 404 ille
1058 367 1107 403 sit
1139 364 1229 403 felix
1267 370 1306 402 et
1338 376 1408 402 cur

78 422 140 460 ille
179 424 305 461 iustus
343 422 486 461 infelix.
549 422 731 462 Omnium
770 436 935 474 namque
974 430 1067 462 tunc
1100 424 1255 461 nonnisi
1287 422 1406 460 bono·
1434 429 1454 460 5

78 492 165 518 rum
197 493 284 519 vera
324 487 362 519 et
398 481 510 532 plena
549 481 712 520 felicitas
752 488 789 520 et
827 484 1000 520 omnium
1032 483 1187 520 nonnisi
1219 481 1409 519 malorum

78 538 191 589 digna
224 545 261 578 et
292 551 441 578 summa
471 540 676 579 infelicitas
708 540 918 592 apparebit..

627 723 779 766 CAPUT
812 724 866 764 II.

79 819 138 857 De
168 822 363 858 varietate
394 831 530 858 rerum
556 821 834 866 lzzcmanarzmz,
867 822 936 858 cui
965 832 1041 858 72on
1070 825 1200 869 polest
1231 822 1315 859 dice·
1344 822 1408 859 de-

207 890 290 916 esse
322 880 513 916 inficiam
545 878 629 925 Dei,
661 881 839 925 qzcctmvis
871 883 1042 926 nequeat
1073 881 1274 926 vestiqare‘.
1439 885 1480 915 10

194 970 306 1008 Nunc
344 976 473 1008 autem
513 976 550 1008 et
597 970 693 1008 mala
732 982 854 1021 aequo
896 972 1022 1008 animo
1065 972 1167 1009 ferre
1213 972 1410 1023 discimus,

78 1041 174 1080 quae
208 1031 408 1079 patiuntur
446 1034 484 1067 et
521 1028 623 1079 boui,
655 1035 693 1067 et
725 1028 824 1067 bona
856 1041 933 1067 non
966 1030 1279 1081 magnipendere,
1311 1043 1409 1081 quae

78 1087 345 1137 adipiscuntur
377 1092 416 1125 et
448 1087 552 1138 mali3
595 1099 637 1124 ac
676 1099 746 1137 per
778 1088 850 1125 hoc
883 1089 999 1125 etiam
1031 1090 1070 1125 in
1103 1088 1162 1126 his
1194 1088 1331 1140 rebus,
1370 1091 1408 1127 in

77 1145 218 1196 quibus
262 1157 340 1183 non
384 1151 542 1195 apparet
582 1145 709 1183 divina
752 1147 919 1197 iustitia,
961 1146 1139 1184 salutaris
1182 1153 1241 1185 est
1282 1147 1408 1185 divina

77 1204 265 1242 doctrina.
326 1203 531 1242 Nescimus
569 1205 672 1242 enim
711 1216 786 1254 quo
828 1203 971 1242 iudicio
1005 1204 1073 1242 Dei
1105 1204 1231 1243 bonus
1264 1205 1325 1243 ille
1360 1207 1409 1243 sit
1439 1213 1478 1242 15

77 1274 236 1314 pauper,
268 1261 389 1299 malus
421 1261 483 1299 ille
517 1263 566 1299 sit
597 1262 720 1312 dives3
754 1264 826 1301 iste
859 1262 1042 1312 gaudeat,
1076 1275 1192 1313 quem
1224 1276 1294 1313 pro
1328 1265 1408 1302 suis

77 1320 239 1372 perditis
271 1319 444 1358 moribus
477 1322 643 1358 cruciari
675 1320 855 1358 debuisse
889 1320 1131 1359 maeroribus
1163 1321 1409 1373 arbitramur,

78 1380 333 1417 contristetur
372 1377 455 1430 ille,
496 1390 612 1428 quem
656 1380 730 1416 vita
771 1378 972 1416 laudabilis
1014 1379 1183 1429 gaudere
1226 1380 1407 1418 debuisse

77 1436 303 1488 persuadet3
348 1442 459 1475 exeat
501 1437 547 1475 de
592 1436 734 1475 iudicio
778 1449 856 1475 non
898 1437 1022 1475 solum
1064 1438 1228 1489 inultus,
1273 1451 1408 1476 verum

78 1496 194 1533 etiam
231 1495 433 1533 damnatus
470 1496 676 1546 innocens,
717 1501 783 1534 aut
819 1496 1022 1545 iniquitate
1065 1496 1204 1534 iudicis
1248 1509 1408 1547 pressus
1436 1506 1478 1535 2¹0

78 1559 144 1592 aut
180 1553 286 1591 falsis
326 1553 490 1592 obrutus
528 1555 784 1605 testimoniis,
823 1566 842 1591 e
881 1555 1076 1591 contrario
1116 1554 1305 1592 scelestus
1346 1555 1408 1592 ad·

78 1613 273 1650 versarius
312 1613 395 1649 eius
434 1624 511 1650 non
549 1611 674 1649 solum
711 1613 930 1663 inpunitus,
972 1624 1107 1650 verum
1140 1614 1255 1650 etiam
1287 1613 1408 1651 vindi-

79 1675 188 1708 catus
219 1669 396 1721 insultet3
434 1671 576 1720 impius
613 1671 757 1720 optime
790 1669 929 1720 valeat,
966 1671 1053 1720 pius
1086 1670 1270 1720 languore
1304 1670 1407 1709 tabe-

80 1733 177 1779 scat3
220 1727 502 1766 latrocinentur
540 1729 733 1765 sanissimi
770 1729 953 1779 iuvenes,
998 1734 1036 1766 et
1074 1730 1139 1778 qui
1178 1741 1249 1767 nec
1289 1729 1408 1767 verbo

80 1798 313 1837 quemquam
338 1786 489 1824 laedere
516 1791 740 1837 potuerunt,
772 1786 922 1824 diversa
948 1786 1174 1824 morborum
1207 1788 1407 1826 atrocitate
1435 1797 1478 1826 25

78 1844 298 1895 affligantur
329 1845 513 1895 infantes3
552 1844 658 1882 utiHs
699 1843 818 1882 rebus
849 1844 1027 1882 humanis
1059 1846 1251 1883 inmatura
1283 1852 1408 1884 morte

78 1904 262 1955 rapiatur,
294 1907 333 1941 et
359 1904 424 1953 qui
450 1903 602 1941 videtur
634 1914 706 1940 nec
738 1904 844 1941 nasci
876 1902 1070 1955 debuisse,
1101 1903 1320 1941 diutissime
1352 1905 1408 1942 in-

78 1972 197 2011 super
233 1962 350 2012 vivat3
388 1961 526 2011 plenus
568 1960 796 1999 criminibus
828 1960 1060 1999 sublimetur
1092 1961 1326 2013 honoribus,
1371 1968 1409 2001 et

79 2018 274 2057 hominem
315 2020 397 2057 sine
436 2018 607 2069 querella
645 2018 828 2057 tenebrae
867 2019 1117 2069 ignobilitatis
1159 2019 1408 2071 abscondant,

78 2082 118 2115 et
149 2082 279 2115 cetera
309 2077 425 2115 huius
457 2077 578 2129 modi,
616 2089 714 2127 quae
747 2079 833 2127 quis
866 2077 1021 2129 colligit,
1054 2079 1140 2128 quis
1173 2076 1408 2117 enumerat?
1434 2088 1477 2118 30

78 2133 185 2180 Quae
224 2136 257 2173 si
293 2135 482 2174 haberent
518 2137 557 2173 in
598 2137 680 2185 ipsa
716 2135 821 2174 velut
859 2135 1097 2174 absurditate
1139 2138 1408 2189 constantiam,

78 2198 122 2231 ut
151 2194 192 2232 in
222 2192 294 2231 hac
326 2195 414 2245 vita,
444 2195 484 2231 in
517 2205 591 2244 qua
623 2194 753 2241 homo,
786 2195 887 2232 sicut
919 2205 1027 2232 sacer
1058 2193 1228 2244 psalmus
1262 2195 1406 2245 eloqui-

78 2256 153 2303 tur,
185 2253 356 2290 vanitati
383 2253 521 2290 sz'mz'lz‘s
549 2252 685 2300 factus
717 2256 775 2290 est
817 2256 855 2290 et
892 2253 975 2290 dies
1013 2254 1099 2290 eius
1130 2255 1235 2292 velut
1265 2255 1408 2292 umbra
