1548 2562
390 146 442 171 DE
462 145 650 171 CIVITATE
670 145 739 170 Dm
758 145 790 169 L.
809 144 923 169 xvm.
943 143 972 169 c.
992 144 1034 169 26.
1053 144 1094 168 27.
1326 132 1408 173 291

83 235 199 287 pulus
236 234 371 285 Israe13
411 235 477 284 qui
515 245 604 271 cum
642 233 752 271 multi
790 233 952 284 suerint,
988 242 1203 282 paucorum
1241 236 1280 269 et
1311 229 1412 281 apud

84 293 247 332 Iudaeos
273 298 311 331 et
335 292 436 343 apud
463 303 533 330 nos
559 292 743 329 canonica
775 292 918 341 scripta
951 291 1181 328 retinentur.
1242 288 1296 327 De
1329 290 1412 338 qui-

84 351 157 390 bus
189 363 249 389 me
281 350 405 400 aliqua
437 351 659 401 positurum
691 361 775 387 esse
807 350 969 399 promisi
1000 349 1039 386 in
1070 347 1144 385 hoc
1174 346 1292 398 libro,
1324 358 1413 384 curn

85 408 305 448 clauderem
336 409 592 459 superiorem,
622 407 726 458 quod
757 409 832 445 iam
863 407 973 445 video
1007 418 1091 444 esse
1124 405 1353 444 faciendum.

563 554 720 598 CAPUT
746 554 922 596 XXVII.

86 643 144 682 De
183 641 424 691 temporibus
457 641 765 690 prophetarum,
803 650 971 687 quorum
1010 641 1179 677 oracula
1217 639 1416 676 habentur

85 704 126 739 in
163 701 276 739 libris
312 702 458 748 quique
495 703 590 737 tunc
627 699 676 737 de
716 700 922 737 vocatione
950 700 1127 745 qente'um
1158 699 1280 734 mulla
1312 698 1414 735 ceci-

86 763 251 806 nerunt,
289 759 448 806 quando
479 757 752 795 Romanorum
784 767 950 804 reqmcm
982 758 1111 804 coepit
1142 756 1414 804 Assyriorum-

618 827 693 862 que
725 814 880 862 defecit.

202 897 394 948 Tempora
418 898 538 947 igitur
569 908 704 934 eorum
736 901 780 933 ut
810 896 1004 945 possimus
1036 894 1250 944 advertere,
1280 896 1319 932 in
1352 905 1416 932 an·

88 958 231 995 teriora
268 955 470 1006 paululum
506 966 767 992 recurramus.
828 953 871 991 In
910 954 1034 1003 capite
1075 952 1164 990 libri
1196 951 1297 990 Osee
1328 964 1416 1002 pro-

86 1014 238 1066 phetae,
269 1015 336 1065 qui
360 1014 509 1064 primus
537 1014 577 1050 in
603 1011 808 1050 duodecim
833 1012 1004 1062 ponitur,
1035 1011 1088 1049 ita
1121 1012 1309 1061 scriptum
1342 1015 1418 1049 est:

96 1074 264 1112 Verbum
306 1073 487 1119 Domini,
531 1071 639 1118 quod
675 1069 830 1118 factum
874 1074 931 1107 est
967 1070 1024 1107 ad
1064 1069 1161 1108 Osee
1198 1071 1239 1106 in
1279 1070 1417 1107 diebus

93 1133 218 1170 Oziae
262 1135 300 1169 et
338 1130 520 1168 Ioatham
565 1132 604 1167 et
632 1128 775 1167 Achaz
812 1133 850 1166 et
888 1128 1091 1166 Ezechiae
1128 1138 1268 1175 requm
1301 1127 1416 1165 Iuda.

87 1190 203 1227 Amos
242 1200 396 1238 quoque
435 1186 572 1225 diebus
609 1187 713 1237 regis
746 1185 859 1224 Oziae
897 1185 1151 1236 prophetasse
1191 1197 1231 1223 se
1264 1184 1417 1236 scribit3

87 1247 192 1286 addit
216 1248 332 1285 etiam
358 1245 590 1284 Hieroboam
622 1257 753 1295 regem
785 1244 914 1295 lsrael,
946 1245 1012 1294 qui
1044 1255 1114 1294 per
1146 1243 1303 1281 eosdem
1335 1242 1417 1281 dies

88 1307 171 1344 suit.
209 1298 288 1342 Nec
318 1316 395 1342 non
415 1303 558 1355 Esaias,
585 1303 686 1340 filius
706 1304 834 1354 Amos,
861 1303 939 1340 sive
966 1301 1179 1352 supradicti
1204 1301 1417 1352 prophetae

88 1365 185 1415 sive,
226 1362 327 1413 quod
369 1363 489 1412 magis
526 1361 773 1412 perhibetur,
811 1360 969 1398 alterius
1008 1361 1073 1410 qui
1112 1371 1188 1397 non
1229 1359 1418 1410 propheta

88 1421 225 1459 eodem
265 1422 420 1458 nomine
462 1419 686 1465 vocabatur,
730 1418 888 1457 eosdem
928 1430 1041 1468 reges
1081 1422 1281 1469 quattuor,
1320 1429 1418 1468 quos

87 1480 219 1531 posuit
251 1478 368 1530 Osee,
408 1479 447 1515 in
480 1479 604 1528 capite
636 1477 725 1515 libri
757 1478 817 1515 sui
848 1478 974 1528 ponit,
1006 1488 1174 1526 quorum
1205 1475 1342 1514 diebus
1376 1488 1417 1514 se

88 1537 341 1589 prophetasse
392 1535 670 1586 praeloquitur.
737 1535 928 1573 MIchaeas
977 1536 1093 1572 etiam
1143 1534 1277 1571 eadem
1328 1546 1418 1572 suae

88 1595 315 1647 prophetiae
354 1599 632 1632 commemorat
669 1599 843 1643 tempora
883 1599 972 1644 post
1012 1592 1094 1630 dies
1137 1591 1262 1630 Oziae.
1323 1592 1420 1630 Nam

89 1660 170 1692 tres
202 1655 265 1704 qui
300 1658 519 1702 sequuntur
550 1664 662 1702 reges
694 1653 884 1703 nominat,
916 1662 1013 1701 quos
1045 1656 1084 1688 et
1116 1649 1214 1688 Osee
1248 1652 1420 1688 nomina-

89 1714 155 1762 vit,
186 1711 357 1749 Ioatham
383 1716 422 1748 et
447 1710 571 1748 Achaz
598 1716 636 1747 et
662 1709 876 1747 Ezechiam.
937 1708 986 1746 Hi
1018 1714 1120 1760 sunt,
1152 1720 1250 1758 quos
1283 1708 1420 1746 eodem

93 1776 266 1820 tempore
309 1768 423 1807 simul
466 1767 720 1818 prophetasse
762 1779 808 1805 ex
855 1779 990 1805 eorum
1032 1767 1172 1805 litteris
1212 1768 1418 1805 invenitur.

92 1827 159 1866 His
198 1828 421 1878 adiungitur
459 1826 570 1864 Ionas
610 1826 747 1864 eodem
786 1825 876 1863 Ozia
914 1837 1004 1875 rege
1036 1830 1223 1875 regnante
1261 1830 1300 1863 et
1331 1824 1422 1876 Ioel,

92 1898 180 1925 cum
224 1887 299 1924 iam
342 1890 524 1935 regnaret
567 1883 757 1934 Ioatham,
801 1885 868 1934 qui
912 1885 1102 1922 successit
1145 1882 1269 1921 Oziae.
1345 1882 1421 1920 Sed

91 1946 257 1983 istorum
294 1943 573 1994 prophetarum
611 1942 777 1980 duorum
815 1948 991 1992 tempora
1021 1943 1061 1979 in
1094 1941 1305 1987 chronicis,
1344 1953 1421 1979 non

91 2004 131 2040 in
163 2014 299 2040 eorum
331 2001 440 2040 libris
472 2002 670 2051 potuimus
701 2001 895 2052 invenire,
935 2001 1126 2050 quoniam¹
1149 1999 1195 2037 de
1229 2000 1309 2037 suis
1341 1998 1419 2037 die-

92 2059 166 2099 bus
204 2065 343 2098 tacent.
404 2059 635 2098 Tenduntur
675 2063 805 2097 autem
835 2058 875 2096 hi
907 2057 988 2096 dies
1020 2070 1040 2095 a
1072 2069 1163 2107 rege
1195 2056 1420 2095 Latinorum

189 2161 246 2203 14)
272 2159 365 2194 Osee
391 2163 423 2201 1,
450 2163 481 2193 1.

188 2303 231 2333 14
257 2299 411 2333 Ioathan
435 2309 456 2333 υ

1444 902 1488 932 10

1446 1193 1487 1224 15

1445 1484 1489 1514 20

1446 1774 1490 1805 25

1447 2066 1492 2097 30
