1548 2562
414 134 466 159 DE
488 134 676 160 crvrrATE
696 135 765 161 DEI
784 135 817 160 L.
836 134 949 159 xvm.
969 134 998 160 c.
1019 136 1059 161 15.
1332 125 1417 166 275

59 208 158 261 sssed
190 234 260 274 per
297 222 401 260 illam
432 220 501 260 Dei
534 223 695 272 spiritus
725 222 763 260 id
796 221 948 273 agebat3
988 234 1075 260 nam
1109 223 1222 260 etiam
1253 222 1417 273 prophe-

91 281 183 319 tissa
224 286 326 331 erat,
371 280 483 318 cuius
526 279 728 330 prophetia
766 282 894 318 minus
932 286 1064 330 aperta
1102 285 1181 330 est,
1222 292 1334 330 quam
1377 287 1421 318 ut

19 334 33 348 ‘
91 339 285 388 possimus
323 349 408 376 eam
445 339 527 375 sine
567 337 750 376 diuturna
791 339 1032 388 expositione
1076 337 1123 376 de
1161 337 1314 376 Christo
1355 338 1419 376 de-

92 402 309 434 monstrare
347 394 573 446 prolatam·
607 394 686 433 Iam
724 407 816 446 ergo
855 395 1068 446 regnabant
1100 395 1313 434 Laurentes
1345 397 1418 433 uti-

91 465 165 504 que
198 454 237 491 in
270 452 388 504 Italia,
420 464 466 491 ex
499 452 641 503 quibus
673 452 887 490 evidentior
920 453 1077 492 ducitur
1108 455 1216 504 origo
1248 452 1418 493 Romana
1446 462 1465 491 5

90 517 178 562 post
215 510 401 561 Graecos3
453 516 493 549 et
541 516 671 549 tamen
722 510 846 549 adhuc
890 522 1053 561 regnum
1091 512 1291 562 Assyrium
1333 523 1418 562 per-

90 568 288 619 manebat,
321 568 388 606 uhi
421 574 504 606 erat
536 580 603 606 rex
636 568 871 606 vicensimas
904 570 1043 607 tertius
1074 568 1299 620 LampareS,
1331 581 1421 608 cum

90 628 240 677 primus
278 625 516 664 Laurentum
552 625 670 664 Picus
709 637 795 664 esse
834 627 1037 676 coepisset.
1099 625 1152 665 De
1190 626 1307 665 huius
1337 626 1421 666 Pici

91 689 200 735 patre
234 683 402 722 Saturno
440 683 608 722 viderint
645 683 737 734 quid
778 685 948 722 sentiant
980 684 1113 722 talium
1146 685 1309 723 deorum
1341 684 1419 723 cul-

91 748 208 792 tores,
241 742 308 792 qui
333 746 475 792 negant
500 741 697 779 hominem
730 741 867 792 suisse3
899 741 946 779 de
979 754 1055 792 quo
1090 747 1129 780 et
1160 742 1223 780 alii
1256 744 1420 793 scripse·
1449 751 1491 781 10

91 805 201 850 runt,
239 799 342 849 quod
374 805 462 837 ante
494 798 630 837 Picum
662 794 782 837 filium
814 811 929 837 suum
960 800 999 838 in
1031 799 1136 837 Italia
1169 801 1251 850 ipse
1284 812 1418 851 regna—

91 858 200 909 verit,
232 863 271 895 et
302 855 493 907 Vergilius
526 856 745 895 notioribus
777 856 916 895 litteris
949 856 1059 895 dicit:

207 950 246 987 Is
281 961 405 998 genus
436 950 602 987 indocile
633 952 673 987 et
704 950 926 998 dispersum
957 949 1157 987 montibus
1190 950 1279 987 altis

208 1006 439 1056 Composuit
469 1007 654 1055 legesque
686 1008 795 1045 dedit
825 1007 1060 1055 Latiumque
1091 1007 1223 1045 vocari

206 1065 359 1113 Maluit,
390 1065 450 1102 his
483 1065 667 1113 quoniam
697 1065 881 1103 latuisset
911 1067 1022 1102 tutus
1055 1065 1095 1102 in
1127 1065 1216 1102 oris.
1451 1074 1493 1103 15

207 1123 340 1160 Aurea
370 1135 470 1170 quae
501 1123 709 1171 perhibent
740 1123 807 1161 illo
840 1123 913 1160 sub
945 1135 1038 1172 rege
1072 1123 1179 1160 fuere

208 1181 382 1218 Saecula.

93 1272 167 1310 Sed
200 1272 295 1311 haec
327 1273 478 1322 poetica
509 1274 718 1323 opinentur
756 1284 841 1311 esse
874 1273 1056 1323 figmenta
1089 1278 1128 1311 et
1158 1272 1239 1310 Pici
1271 1278 1422 1323 patrem

94 1330 256 1369 Stercen
289 1331 418 1381 potius
460 1330 579 1368 fuisse
612 1330 858 1381 adseverent,
896 1342 916 1368 a
949 1342 1025 1380 quo
1056 1331 1293 1380 peritissimo
1325 1333 1422 1380 agri—

93 1387 175 1426 cola
205 1389 406 1426 inventum
432 1387 574 1439 ferunt,
606 1393 650 1426 ut
680 1388 769 1426 fimo
801 1388 1022 1426 animalium
1055 1389 1136 1438 agri
1169 1387 1421 1427 secundaren-
1450 1399 1493 1428 20

92 1452 174 1492 tur,
207 1446 308 1495 quod
341 1444 387 1483 ab
420 1447 504 1484 eius
536 1447 691 1484 nomine
724 1451 881 1501 stercus,
909 1451 969 1484 est
1000 1445 1166 1493 dictum3
1203 1445 1307 1484 hunc
1341 1448 1422 1495 qui—

93 1503 180 1542 dam
201 1503 441 1541 Stercutium
467 1508 644 1541 vocatum
670 1504 812 1542 ferunt.
864 1503 1043 1549 Qualibet
1068 1509 1198 1543 autem
1230 1515 1275 1542 ex
1308 1515 1423 1543 causa

93 1573 182 1600 eum
227 1560 441 1599 Saturnum
490 1561 682 1611 appellare
733 1561 945 1613 voluerint,
997 1567 1102 1600 certe
1146 1567 1275 1600 tamen
1319 1561 1422 1600 hunc

95 1619 257 1657 Stercen
308 1620 385 1657 sive
444 1618 683 1658 Stercutium
737 1620 878 1657 merito
936 1618 1195 1669 agriculturae
1245 1619 1424 1658 fecerunt

93 1677 255 1738 deumfr
280 1675 415 1715 Picum
442 1688 597 1727 quoque
625 1676 801 1715 similiter
833 1678 917 1715 eius
942 1676 1063 1716 filium
1095 1677 1134 1714 in
1166 1675 1301 1714 talium
1332 1675 1420 1715 deo·
1450 1686 1491 1717 25

94 1746 182 1772 rum
213 1745 420 1772 numerum
452 1740 704 1785 receperunt,
744 1746 860 1784 quem
891 1734 1134 1784 praeclarum
1166 1745 1351 1784 augurem
1384 1741 1423 1773 et

94 1791 405 1842 belligeratorem
456 1792 575 1829 fuisse
624 1797 815 1830 asserunt.
888 1791 1003 1830 Picus
1052 1791 1228 1830 Faunum
1278 1793 1422 1842 genuit,

93 1848 332 1888 Laurentum
364 1861 495 1899 regem
521 1849 753 1900 secundum3
786 1850 900 1888 etiam
932 1851 1005 1888 iste
1038 1849 1134 1888 deus
1165 1849 1241 1887 illis
1273 1849 1330 1887 vel
1364 1856 1423 1887 est

93 1907 151 1945 vel
202 1907 285 1946 fuit.
353 1906 431 1945 Hos
481 1912 568 1945 ante
612 1907 822 1946 Troianum
872 1907 1016 1946 bellum
1061 1907 1210 1946 divinos
1253 1907 1422 1945 honores

93 1966 257 2003 mortuis
290 1964 511 2003 hominibus
543 1964 777 2003 detulerunt.
1449 1975 1491 2006 30

188 2077 243 2119 17)
269 2078 358 2111 Aen.
384 2079 416 2118 8,
442 2080 507 2110 321
537 2087 613 2120 sqq.

187 2219 207 2250 6
232 2214 412 2259 assyrium
438 2213 473 2248 R
500 2215 594 2258 (145,
620 2217 693 2256 29;
718 2217 806 2257 283,
831 2218 873 2257 5,·
899 2225 924 2250 e.
950 2217 1036 2258 27),·
1061 2214 1291 2259 Assyriorum
1318 2226 1337 2250 υ

1068 2330 1137 2363 18*
