1548 2562
451 132 502 156 DE
521 130 710 157 CIVITATE
729 131 798 156 Dm
817 132 850 157 L.
871 132 967 156 xvn.
987 131 1016 156 c.
1036 132 1059 156 9.
1340 122 1423 162 227

94 222 318 268 iniquitatis
349 231 428 258 non
458 220 615 258 nocebit
646 231 744 257 eum.
806 220 859 257 Et
888 221 1096 258 concidam
1128 221 1309 258 inimicos
1341 222 1425 258 eius

93 291 118 317 a
148 277 260 327 facie
286 279 382 325 eius,
415 282 453 316 et
483 289 559 324 eos,
591 279 661 324 que·
690 279 861 316 oderunt
891 289 990 329 eum,
1017 277 1180 326 fugabo.
1242 278 1295 316 Et
1324 280 1424 317 veri-

94 341 155 375 tas
180 347 268 375 mea
294 341 333 374 et
355 337 636 374 misericordia
667 346 754 374 mea
786 338 982 382 camillo,
1015 341 1052 374 et
1083 338 1122 374 in
1154 338 1310 374 nomine
1340 347 1425 374 meo

94 396 341 433 exaltabitur
384 405 550 433 cornum
594 395 689 431 eius.
758 394 809 432 Et
848 405 993 442 ponam
1037 396 1078 432 in
1119 396 1225 433 mari
1266 406 1425 432 manum

94 455 178 491 eius
209 457 248 491 et
272 454 312 490 in
339 452 571 499 fluminibus
597 452 806 490 dexteram
837 454 929 490 eius.
995 452 1085 501 Ipse
1116 453 1315 491 invocabit
1345 463 1425 490 me:

95 511 221 549 Pater
251 521 359 549 meas
392 522 431 549 es
464 515 517 557 tu,
550 510 657 548 Deus
688 520 796 548 meus
828 516 866 548 et
896 514 1102 559 susceptor
1132 513 1272 549 salutis
1303 522 1424 549 meae.

92 569 146 607 Et
176 580 247 617 eqo
274 570 583 617 primoqenitum
615 579 763 617 ponam
795 579 900 619 eum,
939 571 1140 607 excelsum
1171 570 1282 617 apud
1311 581 1426 617 reyes

94 632 242 666 terrae.
305 627 352 664 In
379 631 586 665 aeternam
616 628 783 665 servabo
816 628 854 664 ei
883 629 1202 665 misericordiam
1234 634 1360 665 meam
1390 631 1428 665 et

94 689 367 724 testamentum
410 696 536 723 meum
569 686 689 730 fidele
727 687 811 733 ipsi.
874 685 926 722 Et
957 696 1104 733 ponam
1142 687 1182 723 in
1222 687 1425 724 saeculum

93 745 248 781 saeculi
287 754 417 782 semen
460 745 563 790 eius,
607 748 645 780 et
688 744 872 781 thronum
916 744 1000 781 eius
1042 746 1147 781 sicut
1186 745 1269 782 dies
1313 745 1425 782 caeli.

96 800 202 846 Quae
235 802 362 839 omnia
403 801 449 839 (16
482 800 645 838 Domino
678 800 765 838 lesu
798 800 1095 852 intelleguntur,
1134 801 1287 851 quando
1321 806 1426 839 recte

94 858 397 910 intelleguntur,
442 858 514 897 sub
553 860 708 896 nomine
750 858 867 897 David
908 865 1068 909 propter
1110 860 1272 897 formam
1314 860 1427 911 servi,

95 929 211 967 quam
248 917 295 955 (16
334 918 480 955 semine
513 916 630 955 David
663 916 765 954 idem
797 916 984 954 Mediator
1022 917 1238 967 adsumpsit
1275 929 1321 955 ex
1352 918 1426 954 vir-

96 977 196 1025 gine.
260 974 452 1013 Continuo
497 976 613 1013 etiam
654 974 797 1013 dicitur
837 975 883 1013 de
925 977 1094 1025 peccatis
1135 975 1303 1013 filiorum
1343 977 1427 1013 eius

97 1033 171 1071 tale
199 1032 354 1084 aliquid,
387 1032 498 1083 quale
525 1034 564 1071 in
591 1045 801 1083 regnorum
828 1032 926 1070 libro
954 1034 1123 1083 positum
1157 1039 1216 1071 est
1248 1039 1286 1071 et
1303 1034 1427 1083 *quasi

96 1091 142 1129 de
184 1090 386 1129 Salomone
425 1091 634 1141 proclivius
672 1092 871 1141 accipitur.
941 1091 998 1129 lbi
1037 1103 1220 1142 namque,
1257 1091 1330 1130 hoc
1369 1096 1429 1129 est

94 1151 134 1187 in
172 1161 383 1200 regnorum
420 1149 536 1188 libro:
581 1150 632 1187 Et
661 1152 697 1187 si
726 1152 894 1196 venerit,
935 1151 1078 1201 inquit,
1111 1152 1300 1197 iniquitas
1332 1152 1428 1197 eius,

95 1209 343 1255 redarquam
382 1209 490 1245 illam
530 1209 569 1245 in
607 1209 723 1255 virqa
761 1210 938 1246 virorum
977 1213 1015 1246 et
1053 1210 1093 1246 in
1126 1209 1297 1253 tactibus
1325 1210 1427 1254 silio-

96 1277 185 1303 rum
209 1267 431 1310 hominum,·
461 1267 778 1304 misericordiam
804 1271 935 1303 autem
960 1277 1086 1304 meam
1118 1278 1195 1304 non
1228 1278 1429 1304 amoveam

97 1325 147 1361 ab
197 1334 264 1368 eo;
312 1322 480 1361 tactibus
524 1324 745 1373 significans
793 1323 924 1374 plagas
973 1325 1243 1374 correptionis.
1318 1323 1427 1362 Unde

96 1380 188 1419 illud
229 1386 303 1419 est:
354 1382 411 1419 Ne
455 1383 665 1429 tetiqeritis
714 1383 883 1420 christos
923 1393 1037 1420 meos.
1100 1381 1211 1426 Quod
1245 1381 1337 1431 quid
1370 1387 1430 1420 est

97 1439 211 1489 aliud,
244 1450 359 1488 quam
388 1451 461 1491 „ne
494 1436 738 1477 laeseritisffl?
800 1439 841 1477 {n
873 1440 1019 1490 psalmo
1051 1451 1143 1477 vero
1176 1451 1265 1477 cum
1297 1445 1431 1490 ageret

96 1502 293 1547 tamquam
330 1496 376 1535 de
409 1496 548 1548 David,
586 1502 630 1535 ut
668 1497 848 1548 quiddam
891 1499 974 1536 eius
1006 1498 1109 1536 modi
1142 1499 1258 1536 etiam
1290 1497 1341 1535 ibi
1374 1498 1427 1536 di-

97 1560 221 1593 ceret:
259 1555 306 1593 Si
335 1557 638 1603 dereliquerint,
677 1557 822 1606 inquit,
856 1558 934 1602 lilii
963 1558 1048 1594 eius
1079 1559 1202 1603 leqem
1234 1567 1360 1594 meam
1392 1561 1431 1594 et

97 1615 137 1651 in
164 1615 325 1652 iudiciis
351 1616 446 1652 meis
472 1625 550 1652 non
583 1614 894 1659 ambulaverint;
924 1616 960 1652 si
991 1616 1291 1660 iustificationes
1322 1625 1429 1652 meas

91 1670 404 1720 profanaverint
435 1676 473 1710 et
498 1673 690 1709 mandata
723 1683 809 1710 mea
841 1683 918 1710 non
951 1673 1232 1710 custodierint:
1263 1673 1430 1710 visitabo

98 1731 139 1767 in
170 1731 286 1776 virqa
325 1731 554 1777 iniquitates
593 1741 730 1768 eoram
762 1734 800 1768 et
831 1732 871 1767 in
903 1731 1134 1768 verberibus
1161 1735 1334 1778 peccata
1367 1741 1428 1768 eo-

97 1798 209 1831 rum,·
249 1788 568 1825 misericordiam
601 1792 732 1826 autem
763 1799 889 1826 meam
920 1800 998 1826 non
1031 1790 1259 1836 disperyam
1291 1789 1341 1825 ab
1374 1799 1429 1826 eo.

97 1844 182 1882 Non
214 1844 310 1883 dixit
339 1844 415 1897 „ab
443 1842 532 1893 eis“,
566 1857 654 1884 cum
685 1845 913 1896 loqueretur
945 1846 991 1883 de
1024 1846 1112 1883 filiis
1144 1847 1240 1897 eius,
1272 1857 1348 1883 non
1382 1845 1429 1883 de

96 1903 199 1955 ipso;
238 1902 306 1941 sed
344 1903 439 1941 dixit
478 1904 528 1942 ab
560 1915 622 1956 eo,
662 1903 765 1954 quod
799 1903 895 1942 bene
929 1903 1169 1942 intellectum
1201 1903 1430 1941 tantundem

192 2002 249 2047 10)
280 2003 323 2038 V.
355 2007 400 2038 20
432 2015 508 2047 sqq.
559 2005 617 2048 20)
650 2007 682 2037 2.
717 2003 811 2038 Sam.
847 2007 883 2047 7,
918 2008 960 2038 14
985 2015 1035 2047 sq.
1087 2006 1144 2047 21)
1171 2003 1228 2037 Ps.
1258 2006 1342 2047 104,
1378 2007 1429 2038 15.

98 2050 156 2093 28)
182 2050 239 2085 Ρε.
268 2052 322 2093 88,
348 2053 390 2084 31
419 2061 495 2094 sqq.

194 2193 210 2223 1
237 2189 386 2223 nocebit
409 2189 541 2223 eumR
566 2189 654 2233 (cod.
676 2189 799 2223 Aleae..·
824 2185 985 2222 κακώσει
1006 2184 1153 2230 αὐτόν);
1181 2190 1342 2232 apponet
1366 2199 1430 2222 no-

98 2245 179 2269 cere
205 2246 288 2270 eum
313 2235 369 2276 F;
402 2247 433 2270 a.
461 2247 494 2271 n.
522 2235 556 2270 ei
581 2236 637 2270 Av
657 2236 668 2277 ΙΙ
688 2239 707 2269 3
733 2235 799 2269 1110
825 2234 881 2277 R‚·
911 2235 992 2279 ipso
1017 2245 1037 2268 v
1057 2235 1068 2277 11
1088 2238 1109 2267 4
1135 2245 1246 2269 cornu
1271 2246 1291 2268 v
1310 2236 1322 2278 ΙΙ
1343 2240 1360 2269 7
1387 2235 1430 2268 il-

97 2281 175 2316 lum
200 2292 219 2316 v
238 2283 249 2326 ΙΙ
268 2284 289 2316 8
314 2281 370 2315 1111
394 2293 414 2316 υ
434 2283 445 2326 ΙΙ
465 2286 508 2317 27
534 2281 747 2316 uerberibus
772 2283 926 2325 peccata,
950 2281 1002 2323 R3
1029 2280 1185 2325 flagellis
1211 2281 1348 2316 delicta
1371 2292 1392 2316 v

1075 2339 1150 2371 15*

1454 752 1497 783 10

1455 1042 1496 1073 15

1455 1333 1498 1364 20

1456 1622 1498 1653 25

1457 1912 1500 1943 30
