1548 2562
460 147 511 171 DE
532 147 721 172 CIVITATE
742 147 810 171 Dm
830 147 860 171 L.
881 147 962 172 XXI.
982 146 1010 172 c.
1031 148 1072 172 27.
1345 138 1430 178 545

98 241 185 286 post
229 234 381 285 aliquod
427 240 580 285 tempus
625 247 644 272 a
689 235 932 273 damnatione
976 236 1186 273 novissima
1229 234 1428 274 liberetur.

99 293 177 331 Nec
215 292 263 330 ob
302 292 403 330 aliud
443 294 663 330 existimant
696 292 895 331 Christum
931 293 977 331 de
1017 293 1096 331 solo
1137 292 1281 331 dilectu
1314 299 1428 343 atque

99 350 277 401 neglectu
317 350 625 401 elemosynarum
664 350 940 388 discretionem
977 353 1079 389 inter
1120 351 1277 389 dextros
1310 356 1348 389 et
1381 353 1428 389 si-

98 410 243 447 nistros
276 420 361 446 esse
394 410 604 456 facturum,
645 420 810 458 quorum
851 409 944 446 alios
975 410 1014 446 in
1047 421 1228 460 regnum,
1265 409 1359 447 alios
1391 411 1429 447 in

100 467 332 517 supplicium
361 468 486 504 mittat
513 472 726 504 aeternum.
788 466 837 504 Ut
863 472 991 505 autem
1020 467 1210 505 cotidiana
1243 467 1315 505 sihi
1348 469 1428 518 opi·
1457 476 1474 505 5

99 531 254 576 nentur,
287 537 383 575 quae
412 525 538 562 facere
565 525 722 562 omnino
755 536 831 562 non
866 530 1030 576 cessant,
1063 525 1358 576 qualiacumque
1393 531 1431 564 et

100 589 411 633 quantacumque
444 584 539 634 sint,
570 594 640 633 per
673 582 911 633 elemosynas
944 583 1085 621 dimitti
1115 596 1229 634 posse
1261 589 1431 636 peccata,

100 642 331 692 orationem,
370 652 483 691 quam
521 640 654 679 docuit
690 642 772 691 ipse
806 640 1011 692 Dominus,
1049 647 1088 680 et
1125 642 1432 691 suffragatricem

100 699 173 738 sibi
205 698 388 737 adhihere
415 704 605 737 conantur
638 704 676 737 et
708 704 858 737 testem.
922 699 1031 738 Sicut
1064 701 1166 737 enim
1199 700 1327 738 nullus
1361 706 1431 751 est,

99 759 293 808 inquiunt,
325 756 418 808 dies,
451 769 527 807 quo
560 769 578 794 a
606 756 834 795 Christianis
866 757 960 796 haec
993 759 1115 796 oratio
1149 770 1225 795 non
1258 757 1430 797 dicatur:
1460 766 1500 796 10

99 817 151 854 ita
190 815 336 853 nullum
376 820 434 853 est
472 815 707 853 cotidianum
747 815 1029 866 qualecumque
1068 821 1288 867 peccatum,
1327 816 1430 866 quod

100 886 169 924 per
195 873 297 911 illam
324 885 400 911 non
435 873 661 924 dimittatur,
694 886 782 911 cum
815 874 996 912 dicimus:
1029 875 1190 912 Dimitte
1221 876 1332 913 nobis
1365 876 1429 913 de-

101 933 183 970 bita
220 936 375 977 nostra,
415 933 447 969 si
485 931 587 981 quod
626 933 803 982 sequitur
842 932 968 970 facere
1010 944 1210 970 curemus:
1252 934 1367 971 Sicut
1396 937 1434 971 et

101 1002 171 1028 nos
204 991 433 1028 dimittimus
472 991 714 1028 debitoribus
751 992 906 1028 nostris.
970 990 1054 1028 Non
1088 992 1188 1028 enim
1222 992 1273 1028 ait
1304 990 1431 1028 Domi-

102 1060 192 1099 nus,
224 1049 422 1098 inquiunt:
466 1047 505 1085 Si
544 1047 768 1085 dimiseritis
800 1053 957 1098 peccata
991 1048 1229 1100 hominihus,
1263 1049 1431 1087 dimittet
1460 1056 1500 1085 15

102 1106 209 1144 vobis
240 1112 350 1156 pater
382 1111 510 1144 vester
542 1106 731 1144 cotidiana
763 1118 877 1156 parva
910 1112 1084 1156 peccata,
1118 1106 1203 1144 sed:
1242 1107 1430 1153 Dimittes,

101 1166 250 1215 inquit,
300 1165 407 1202 vobis
450 1169 624 1212 peccata
667 1168 810 1202 vestra.
886 1164 1189 1214 Qualiacumque
1235 1177 1327 1215 ergo
1372 1164 1430 1202 vel

103 1228 414 1273 quantacumque
456 1223 552 1273 sint,
594 1223 743 1260 etiamsi
781 1223 920 1260 cotidie
960 1228 1236 1273 perpetrentur
1275 1235 1346 1261 nec
1386 1222 1432 1260 ab

103 1282 158 1319 eis
198 1282 273 1318 vita
312 1279 484 1318 discedat
523 1281 562 1318 in
601 1280 739 1318 melius
777 1286 1027 1319 commutata:
1065 1293 1135 1331 per
1174 1280 1432 1331 elemosynam

102 1340 234 1377 veniae
268 1350 342 1375 non
378 1343 535 1388 negatae
568 1340 713 1376 remitti
745 1338 817 1376 sibi
849 1350 962 1388 posse
995 1345 1261 1389 praesumunt.
1460 1347 1502 1377 20

222 1396 297 1434 Sed
330 1395 446 1448 bene,
485 1396 586 1446 quod
626 1398 689 1434 isti
722 1396 855 1446 dignas
888 1409 957 1446 pro
990 1398 1160 1447 peccatis
1193 1396 1434 1447 elemosynas

104 1460 352 1493 commonent
392 1466 476 1492 esse
518 1454 728 1505 faciendas3
771 1456 952 1504 quoniam
994 1456 1025 1492 si
1067 1455 1242 1493 dicerent
1284 1455 1432 1505 quales-

104 1525 270 1563 cumque
310 1512 549 1563 elemosynas
587 1525 657 1563 pro
695 1514 865 1563 peccatis
904 1519 942 1550 et
980 1513 1183 1551 cotidianis
1216 1518 1254 1551 et
1286 1515 1434 1564 magnis

105 1577 142 1610 et
192 1575 501 1621 quantacumque
553 1571 745 1609 scelerum
796 1571 1076 1609 consuetudine
1128 1572 1434 1610 misericordiam

104 1642 217 1681 posse
250 1631 457 1679 impetrare
491 1629 674 1681 divinam,
713 1634 756 1668 ut
788 1641 830 1667 ea
864 1629 1053 1667 cotidiana
1086 1631 1262 1667 remissio
1296 1642 1432 1680 seque·
1461 1638 1503 1667 25

104 1693 232 1739 retur,
269 1687 445 1725 viderent
483 1699 523 1725 se
556 1699 636 1725 rem
671 1688 799 1725 dicere
833 1687 1039 1725 absurdam
1072 1693 1186 1738 atque
1219 1687 1434 1726 ridiculam.

107 1746 169 1784 Sic
203 1747 305 1783 enim
338 1751 571 1795 cogerentur
604 1746 715 1784 fateri
753 1746 837 1783 fieri
868 1757 1001 1796 posse,
1042 1751 1084 1783 ut
1116 1745 1434 1796 opulentissimus

105 1804 220 1842 homo
265 1803 399 1841 decem
443 1804 652 1842 nummulis
695 1804 845 1842 diurnis
896 1805 934 1841 in
980 1803 1218 1854 elemosynas
1263 1805 1435 1854 inpensis

105 1861 311 1899 homicidia
344 1867 382 1900 et
407 1861 593 1900 adulteria
625 1867 664 1900 et
695 1863 839 1900 nefaria
873 1874 1048 1912 quaeque
1082 1863 1181 1900 sacta
1214 1861 1434 1900 redimeret.

107 1919 218 1965 Quod
263 1921 295 1958 si
339 1919 661 1958 absurdissimum
705 1926 818 1971 atque
860 1921 1150 1958 insanissimum
1193 1926 1250 1958 est
1292 1920 1433 1972 dicere,
1461 1928 1505 1959 30

105 1978 281 2029 profecto
320 1979 351 2016 si
385 1984 610 2030 quaeratur,
648 1991 744 2028 quae
778 1978 913 2029 dignae
948 1980 1025 2016 sint
1057 1990 1126 2028 pro
1159 1979 1327 2028 peccatis
1360 1978 1434 2016 ele-

106 2048 299 2088 mosynae,
331 2036 376 2074 de
410 2036 551 2086 quibus
584 2038 697 2074 etiam
731 2036 873 2075 Christi
905 2048 1138 2087 praecursor
1170 2035 1233 2074 ille
1266 2035 1435 2075 dicebat:

203 2138 258 2179 14)
284 2137 347 2171 Mb.
376 2140 406 2178 6,
435 2140 487 2170 12.

203 2258 243 2287 16
262 2254 415 2297 peccata
427 2263 515 2294 mss,·
535 2255 687 2297 peccata
700 2254 822 2287 vestra
835 2264 853 2286 v
874 2254 885 2297 Η
907 2257 948 2287 19
965 2252 1175 2287 discedatR
1189 2254 1223 2287 A
1238 2254 1314 2288 edd.
1335 2257 1437 2294 vett„-

107 2299 296 2334 discedant
324 2300 430 2334 Parr.
457 2301 546 2334 meli.
573 2310 592 2334 v
611 2301 685 2344 1128
714 2299 879 2344 expensis
906 2300 940 2333 A
960 2301 971 2343 ΙΙ
991 2304 1034 2334 30
1061 2301 1097 2334 et
1122 2310 1141 2334 v

177 2370 252 2390 Aua.
272 2371 313 2389 DE
334 2371 394 2390 mv.
417 2371 480 2389 Dm.
499 2364 539 2389 11.
1110 2362 1153 2392 35
