1548 2562
459 129 510 154 DE
531 129 720 154 CIVITATE
739 129 808 153 DEI
827 129 859 154 L.
879 128 977 154 ΧΧΠ.
997 128 1028 154 c.
1050 130 1091 154 26.
1354 119 1437 159 619

108 219 208 258 libro
251 224 464 256 memorato
508 223 694 268 quantum
736 219 909 268 oportuit
937 217 1156 269 disputavi,
1200 229 1336 255 verum
1378 217 1439 255 hic

110 289 231 316 unum
268 276 355 315 inde
395 282 544 315 tantum
583 275 905 314 commemorabo.
967 275 1157 314 Emendet
1194 274 1314 313 libros
1349 287 1440 313 suos

108 338 273 374 istorum
314 336 487 373 omnium
526 336 709 385 magister
740 334 848 372 Plato
882 340 919 372 et
952 334 1054 372 dicat
1085 345 1221 372 eorum
1253 333 1366 385 deos,
1397 339 1440 372 ut

107 394 211 432 beati
248 395 340 445 sint,
379 405 448 431 sua
480 404 644 443 corpora
684 393 897 444 fugituros,
937 392 975 430 id
1008 397 1067 430 est
1099 404 1184 430 esse
1217 393 1440 443 morituros,

107 464 206 502 quos
237 452 277 489 in
306 450 536 489 caelestibus
569 450 798 501 corporibus
831 450 927 488 dixit
958 462 1044 488 esse
1076 450 1265 502 inclusos3
1299 449 1440 501 quibus
1468 459 1486 488 5

107 517 237 548 tamen
276 509 396 561 Deus,
435 521 454 547 a
487 520 563 559 quo
602 509 693 547 sacti
732 514 840 560 sunt,
878 520 954 559 quo
986 514 1148 559 possent
1180 520 1265 547 esse
1299 509 1440 561 securi,

106 568 433 619 inmortalitatem,
465 567 502 605 id
530 572 588 605 est
614 568 653 605 in
680 566 827 605 eisdem
860 566 1090 617 corporibus
1123 572 1321 605 aeternam
1351 578 1438 618 per—

107 627 364 674 mansionem,
403 637 481 663 non
514 636 650 663 eorum
682 630 819 663 natura
850 625 887 663 id
922 624 1106 677 habente,
1145 625 1212 663 sed
1246 637 1316 663 suo
1349 637 1438 663 con-

107 684 191 723 silio
232 683 494 735 praevalente,
533 685 722 734 promisit.
784 682 857 721 Ubi
891 685 1005 721 etiam
1037 682 1131 721 illud
1165 685 1305 722 evertit
1336 683 1437 734 quod

105 742 250 790 dicunt,
284 743 466 793 quoniam
498 747 557 780 est.
588 741 844 793 inpossibilis,
875 742 962 779 ideo
996 743 1326 780 resurrectionem
1358 753 1439 780 car·
1471 750 1510 780 10

106 802 166 839 nis
198 812 275 838 non
315 813 399 838 esse
439 800 684 838 credendam.
745 800 998 851 Apertissime
1032 801 1174 851 quippe
1207 802 1314 838 iuxta
1347 811 1438 838 eun-

106 859 193 897 dem
225 858 510 910 philosophum,
542 857 609 896 ubi
642 858 714 896 diis
747 870 767 896 a
800 870 839 896 se
873 858 984 896 factis
1016 860 1195 909 promisit
1227 857 1329 896 Deus
1362 870 1440 896 non

105 917 229 956 factus
267 916 602 967 inmortalitatem,
641 916 743 967 quod
782 916 1006 967 inpossibile
1046 922 1105 954 est
1143 928 1183 954 se
1226 916 1322 954 dixit
1354 928 1439 954 esse

105 976 310 1014 facturum.
374 975 437 1013 Sic
464 976 566 1012 enim
594 986 683 1012 eum
708 974 880 1013 locutum
908 980 1039 1012 narrat
1064 974 1191 1013 Plato:
1221 974 1439 1026 „Quoniam

105 1035 200 1072 estis
241 1034 334 1085 orti,
375 1034 523 1085 inquit,
563 1032 788 1070 inmortales
827 1044 912 1071 esse
955 1038 991 1070 et
1030 1032 1319 1071 indissolubiles
1361 1044 1439 1070 non
1468 1042 1509 1071 15

103 1093 284 1143 potestis3
324 1103 401 1129 non
443 1096 570 1129 tamen
610 1090 872 1129 dissolvemini
913 1103 1039 1141 neque
1086 1103 1153 1128 vos
1192 1090 1268 1129 ulla
1301 1092 1438 1129 mortis

103 1151 179 1188 fata
204 1151 399 1200 periment
429 1161 501 1187 nec
535 1155 649 1187 erunt
681 1149 890 1187 valentiora
918 1161 1032 1199 quam
1060 1149 1264 1187 consilium
1297 1161 1438 1195 mcum,

102 1208 206 1258 quod
233 1209 356 1246 maius
392 1213 451 1246 est,
482 1207 679 1245 vinculum
711 1207 756 1245 ad
789 1209 1091 1258 perpetuitatem
1123 1212 1291 1245 vestram
1324 1219 1438 1257 quam

101 1266 163 1304 illa
206 1266 348 1316 quibus
388 1267 480 1303 estis
519 1261 741 1315 conligati.“
803 1265 843 1303 Si
884 1278 960 1303 non
993 1265 1116 1304 solum
1150 1265 1329 1316 absurdi,
1371 1265 1437 1303 sed

103 1324 211 1363 surdi
253 1336 331 1362 non
373 1330 463 1362 sunt
506 1325 573 1374 qui
614 1323 708 1361 haec
747 1323 929 1375 audiunt,
968 1336 1045 1362 non
1084 1325 1219 1374 utique
1259 1323 1437 1362 dubitant
1466 1332 1508 1363 ‘20

100 1382 175 1420 diis
213 1383 326 1420 factis
364 1380 410 1419 ab
449 1381 512 1419 illo
546 1381 624 1420 Deo
668 1383 734 1432 qui
767 1394 832 1420 eos
865 1382 957 1420 fecit
990 1381 1205 1420 secundum
1236 1381 1437 1420 Platonem

103 1440 204 1492 quod
244 1446 301 1479 est
340 1439 565 1491 inpossibile
605 1440 725 1478 fuisse
763 1442 1011 1491 promissum.
1074 1440 1148 1485 Qui
1190 1441 1293 1478 enim
1326 1439 1437 1478 dicit:

99 1498 200 1551 „Vos
227 1498 383 1549 quidem
410 1498 635 1536 inmortales
661 1510 746 1537 esse
773 1510 848 1536 non
881 1500 1057 1551 potestis,
1088 1498 1155 1537 sed
1188 1510 1272 1537 mea
1304 1498 1436 1537 volun-

102 1563 179 1596 tate
218 1556 443 1595 inmortales
482 1553 649 1608 eritis,“
686 1556 777 1607 quid
816 1556 918 1595 aliud
957 1557 1051 1595 dicit
1083 1569 1197 1608 quam
1228 1557 1300 1608 „id
1334 1557 1435 1608 quod

100 1615 185 1653 lieri
228 1627 303 1653 non
346 1620 475 1666 potest
515 1627 575 1653 me
614 1615 780 1653 faciente
817 1621 945 1653 tamen
986 1612 1156 1653 eritis“?
1217 1614 1284 1653 Ille
1316 1616 1436 1666 igitur
1463 1624 1505 1653 25

100 1686 258 1712 carnem
290 1672 645 1725 incorruptibilem,
683 1673 945 1726 inmortalem,
984 1674 1197 1725 spiritalem
1229 1675 1435 1712 resuscita-

100 1731 173 1783 bit,
216 1733 281 1783 qui
313 1733 418 1770 iuxta
451 1731 651 1769 Platonem
682 1731 721 1769 id
754 1732 857 1782 quod
889 1731 1114 1783 inpossibile
1147 1737 1207 1770 est
1239 1743 1281 1770 se
1314 1732 1434 1770 sactu-

100 1802 188 1828 rum
233 1802 318 1828 esse
361 1790 551 1840 promisit.
621 1789 720 1834 Quid
766 1790 911 1842 adhuc,
956 1790 1058 1841 quod
1100 1791 1280 1841 promisit
1320 1789 1436 1842 Deus,

99 1848 204 1899 quod
245 1847 324 1886 Deo
365 1849 609 1898 promittenti
651 1848 813 1886 credidit
855 1848 1041 1900 mundus,
1086 1850 1152 1899 qui
1194 1849 1308 1887 etiam
1351 1850 1434 1899 ipse

99 1908 318 1958 promissus
345 1912 405 1944 est
431 1905 666 1958 crediturus,
699 1918 784 1944 esse
810 1906 1037 1958 inpossibile
1072 1907 1247 1958 clamant,
1281 1906 1434 1957 quando
1463 1916 1505 1946 30

99 1965 257 2014 quidem
298 1976 369 2002 nos
407 1963 548 2016 Deum,
592 1966 659 2015 qui
697 1966 811 2003 etiam
850 1965 1065 2003 secundum
1103 1965 1304 2003 Platonem
1345 1965 1437 2003 facit

99 2022 357 2073 inpossibilia,
396 2021 433 2060 id
474 2023 667 2061 facturum
708 2035 792 2062 esse
827 2020 1065 2061 clamamus?
1126 2023 1210 2061 Non
1244 2035 1355 2075 ergo,
1393 2028 1437 2061 ut

99 2080 234 2119 beatae
267 2082 344 2119 sint
371 2082 531 2132 animae,
564 2093 707 2132 corpus
740 2086 799 2120 est
830 2093 943 2120 omne
977 2082 1216 2133 fugiendum,
1249 2081 1316 2120 sed
1350 2093 1433 2120 cor-

194 2170 251 2212 19)
278 2168 329 2204 Cf.
356 2169 379 2203 1.
408 2173 461 2204 13.
489 2180 518 2203 0.
549 2173 601 2205 16.

193 2288 213 2318 5
240 2295 318 2320 esse
344 2285 397 2326 R‚·
423 2295 488 2320 om,
516 2286 572 2320 Av
