1611 2465
75 747 115 776 10

72 1039 113 1068 15

71 1916 114 1946 30

141 114 224 154 506
679 122 705 148 s.
725 121 943 148 AUGUSHM

142 224 257 262 quam
298 213 337 250 in
380 213 463 250 eius
506 217 643 249 natura
689 223 759 262 per
800 211 1008 249 humanam
1048 223 1156 250 suam
1198 212 1478 262 experientiam

142 276 429 321 cognoverunt3
463 271 637 320 quamvis
664 275 702 308 et
734 271 829 322 ipsa,
861 282 959 320 quae
990 270 1031 308 in
1062 282 1196 308 rerum
1228 275 1367 309 natura
1399 282 1478 308 om-

141 329 255 367 nibus
284 335 373 367 nota
400 334 501 375 sunt,
535 340 613 366 non
640 329 768 367 minus
795 329 892 366 mira
925 329 1013 380 sint,
1045 334 1255 380 essentque
1287 328 1480 380 stupenda

142 386 482 426 considerantibus
521 388 692 439 cunctiS,
730 388 763 425 si
804 387 977 425 solerent
1008 387 1184 426 homines
1217 388 1351 426 mirari
1382 388 1480 426 mira

141 448 215 484 nisi
259 457 357 484 rara.
438 445 534 491 Quis
579 447 683 483 enim
733 445 909 484 consulta
953 447 1103 484 ratione
1148 458 1226 484 non
1270 445 1396 484 videat
1439 447 1480 484 in

141 504 342 542 hominum
381 503 657 542 innumerabili
695 506 974 543 numerositate
1015 510 1053 543 et
1090 510 1197 543 tanta
1235 509 1396 543 naturae
1430 506 1479 543 si-

140 563 359 601 militudine
400 562 507 601 valde
548 562 777 601 mirabiliter
816 564 870 601 sic
908 562 1052 601 habere
1092 562 1265 614 singulos
1307 562 1480 614 singulas

141 622 277 673 facies,
315 627 359 660 ut
390 622 465 660 nisi
496 623 600 660 inter
633 633 674 659 se
707 621 852 660 similes
886 627 1038 674 essent,
1075 633 1154 660 non
1187 621 1480 660 discerneretur

141 682 292 731 species
319 692 456 718 eorum
482 679 528 718 ab
556 679 785 718 animalibus
818 682 978 732 ceteris;
1011 685 1050 718 et
1079 692 1239 719 rursum
1271 682 1346 719 nisi
1378 682 1480 719 inter

141 751 182 777 se
209 738 418 777 dissimiles
444 744 588 791 essent,
621 751 699 777 non
725 738 1046 777 discernerentur
1073 738 1215 790 singuli
1242 738 1288 777 ab
1315 739 1479 778 homini-

140 796 213 836 bus
246 795 417 836 ceteris?
480 797 586 842 Quos
619 809 711 848 ergo
744 797 890 836 similes
923 798 1175 849 confitemur,
1212 797 1370 836 eosdem
1403 797 1478 836 dis-

141 855 286 894 similes
318 857 549 894 invenimus.
613 855 689 894 Sed
728 855 942 894 mirabilior
981 861 1040 894 est
1073 855 1333 894 consideratio
1366 855 1478 894 dissi·

140 914 388 966 militudinis,
427 915 609 965 quoniam
649 914 942 953 similitudinem
986 916 1128 953 iustius
1169 914 1323 953 videtur
1363 926 1478 966 expo—

141 985 251 1011 scere
295 978 432 1012 natura
474 974 703 1011 communis.
765 972 814 1011 Et
855 979 983 1011 ta'men
1023 974 1205 1023 quoniam
1247 985 1345 1024 quae
1387 979 1479 1011 sunt

140 1043 226 1070 rara
271 1033 354 1082 ipsa
392 1037 483 1069 sunt
521 1033 638 1082 mira,
683 1031 805 1069 multo
844 1031 1009 1082 amplius
1049 1032 1286 1070 admiramur
1325 1031 1479 1082 quando

142 1089 239 1128 duos
280 1092 333 1128 ita
375 1089 520 1128 similes
562 1091 799 1142 reperimuS,
844 1095 887 1128 ut
926 1091 966 1128 in
1005 1091 1061 1128 eis
1100 1090 1368 1128 discernendis
1413 1097 1479 1128 aut

141 1161 296 1200 semper
328 1153 394 1187 aut
425 1148 654 1198 frequenter
686 1160 874 1187 erremus.

261 1207 336 1245 Sed
376 1206 479 1257 quod
518 1206 597 1245 dixi
635 1208 825 1257 scriptum
858 1220 877 1244 a
910 1206 1101 1259 Varrone,
1137 1206 1229 1246 licet
1261 1219 1398 1245 eorum
1430 1208 1479 1245 sit

141 1265 353 1304 historicus
385 1265 567 1315 idemque
601 1264 862 1316 doctissimus,
896 1265 1058 1303 fortasse
1092 1277 1182 1303 vere
1215 1265 1360 1304 factum
1392 1277 1478 1304 esse

141 1336 218 1362 non
251 1324 434 1375 credunt3
473 1329 539 1361 aut
576 1325 666 1373 quia
704 1335 781 1361 non
820 1324 886 1362 diu
918 1324 1060 1362 mansit
1092 1323 1190 1361 alius
1222 1324 1398 1362 eiusdem
1430 1325 1478 1362 si-

141 1382 245 1421 deris
290 1394 431 1420 cursus
444 1413 455 1433 ,
499 1381 568 1419 sed
612 1382 781 1420 reditum
829 1386 888 1420 est
925 1382 971 1420 ad
1011 1382 1189 1433 solitum,
1233 1383 1361 1421 minus
1402 1383 1478 1421 isto

140 1446 346 1479 moventur
378 1439 565 1491 exemplo.
628 1439 780 1478 Habent
812 1452 904 1490 ergo
937 1439 1058 1487 aliud,
1091 1440 1195 1490 quod
1228 1442 1343 1479 etiam
1375 1452 1478 1479 nunc

140 1500 264 1550 possit
296 1498 449 1537 ostendi
488 1500 621 1548 eisque
654 1503 750 1549 puto
782 1497 925 1536 debere
959 1499 1159 1550 sufficere,
1200 1511 1277 1549 quo
1310 1511 1478 1537 commo-

142 1564 328 1609 neantur,
374 1569 462 1595 cum
507 1556 651 1606 aliquid
696 1556 935 1595 adverterint
978 1558 1018 1594 in
1062 1556 1189 1607 aliqua
1233 1559 1478 1596 institutione

141 1622 301 1654 naturae
329 1627 492 1665 eamque
520 1614 594 1653 sibi
620 1616 862 1653 notissimam
889 1616 1066 1667 fecerint,
1098 1627 1176 1653 non
1208 1627 1250 1653 se
1282 1616 1371 1654 inde
1398 1615 1478 1654 Deo

141 1674 283 1713 debere
310 1673 594 1725 praescribere,
626 1675 736 1723 quasi
768 1685 852 1711 eam
884 1686 961 1711 uon
993 1675 1117 1724 possit
1148 1675 1187 1712 in
1219 1674 1331 1724 longe
1365 1674 1479 1726 aliud,

141 1745 255 1784 quam
282 1734 337 1770 eis
365 1733 518 1782 cognita
550 1738 621 1783 est,
652 1737 804 1770 vertere
837 1738 951 1782 atque
986 1737 1147 1770 mutare.
1210 1731 1331 1771 Terra
1358 1732 1477 1771 Sodo-

141 1803 295 1830 morum
333 1802 411 1828 non
449 1790 521 1828 fuit
561 1791 695 1840 utique
738 1796 781 1828 ut
819 1802 923 1828 nunc
963 1797 1038 1842 est,
1082 1790 1149 1828 sed
1181 1790 1331 1829 iacebat
1363 1791 1479 1829 simili

142 1851 283 1889 ceteris
309 1850 406 1887 facie
434 1848 646 1898 eademque
673 1848 732 1886 vel
764 1850 881 1887 etiam
913 1848 1095 1887 uberiore
1128 1849 1364 1888 fecunditate
1395 1849 1476 1900 pol·

141 1908 260 1960 lcbat3
293 1919 382 1946 nam
407 1906 477 1944 Dei
502 1906 680 1957 paradiso
712 1908 753 1944 in
786 1907 924 1945 divinis
957 1907 1122 1958 eloquiis
1154 1913 1374 1957 comparata
1407 1913 1476 1946 est.

141 1966 244 2005 Haec
276 1971 410 2017 postea
443 1977 557 2015 quam
598 1970 698 2003 tacta
730 1965 776 2003 de
810 1964 915 2003 caelo
949 1971 1024 2016 est,
1062 1967 1163 2003 sicut
1195 1965 1351 2004 illorum
1384 1978 1476 2017 quo-

141 2038 215 2075 que
261 2024 478 2063 adtestatur
521 2023 682 2062 historia
726 2029 764 2062 et
802 2035 906 2062 nunc
948 2023 994 2061 ab
1032 2025 1089 2062 eis
1128 2025 1194 2074 qui
1232 2026 1393 2063 veniunt
1431 2023 1477 2063 ad

140 2083 222 2121 loca
261 2083 323 2121 illa
368 2083 628 2133 conspIcitur,
661 2081 882 2132 prodigiosa
928 2081 1089 2132 fuligine
1131 2082 1289 2121 horrori
1333 2088 1393 2122 est
1438 2088 1476 2121 et

234 2173 293 2215 30)
320 2171 407 2206 Gen.
438 2175 492 2214 13,
520 2175 572 2204 10.
624 2172 683 2214 32)
710 2170 793 2205 Tac.
820 2170 913 2206 Hist.
940 2175 970 2213 5,
999 2174 1029 2207 7.

234 2291 277 2321 20
305 2288 396 2321 alius
423 2299 511 2330 mss;
536 2287 622 2322 talis
648 2298 669 2322 v
