1548 2562
441 137 493 161 DE
513 136 701 162 CIVITATE
721 136 791 161 DEI
811 137 842 161 L.
863 137 977 161 xvm.
999 136 1028 162 c.
1049 138 1072 161 2.
1340 127 1423 168 257

91 238 251 276 magnae
284 226 430 264 fuerint
461 224 721 276 admirationi,
760 227 827 275 qui
857 226 986 276 perire
1020 238 1134 276 quam
1167 227 1313 264 servire
1346 239 1423 264 ma-

91 284 259 323 luerunt.
326 283 423 321 Nam
460 284 499 321 in
538 283 717 321 omnibus
759 284 840 321 fere
878 283 1058 334 gentihus
1100 283 1267 334 quodam
1309 284 1422 322 modo

91 355 163 380 vox
201 347 360 380 naturae
398 343 471 379 ista
509 343 728 392 personuit,
767 347 810 379 ut
848 342 1047 393 subiugari
1087 342 1300 380 victoribus
1332 342 1424 381 mal-

91 400 182 447 lent,
217 399 357 450 quibus
385 401 547 449 contigit
572 400 686 451 vinci,
719 411 833 450 quam
859 400 995 438 bellica
1027 401 1269 439 omnifariam
1302 407 1423 439 vasta-

92 460 196 496 tione
217 458 348 497 deleri.
399 457 497 495 Hinc
519 458 663 495 factum
690 463 759 509 est,
792 463 834 496 ut
861 470 938 496 non
965 460 1048 496 sine
1075 458 1144 497 Dei
1169 458 1423 511 providentia,

90 518 130 554 in
174 518 285 555 cuius
328 521 520 567 potestate
559 521 637 567 est,
676 522 719 554 ut
756 518 919 567 quisque
962 516 1062 555 bello
1094 522 1159 555 aut
1192 517 1423 567 subiugetur

91 580 157 613 aut
194 574 391 626 subiuget,
430 574 586 624 quidam
623 579 754 612 essent
790 577 921 624 regnis
954 575 1136 627 praediti,
1175 575 1330 626 quidam
1362 588 1422 614 re-

91 632 298 684 gnantibus
331 632 485 671 subditi.
549 632 625 670 Sed
657 634 760 670 inter
790 632 956 683 plurima
989 646 1106 683 regna
1139 640 1351 685 terrarum,
1383 635 1423 672 in

91 703 188 741 quae
228 696 405 729 terrenae
443 690 621 729 utilitatis
659 690 717 728 vel
759 691 981 741 cupiditatis
1014 698 1073 730 est
1105 692 1224 730 divisa
1258 694 1423 730 societas

91 745 226 802 (quam
264 750 457 787 civitatem
494 749 629 787 mundi
666 749 782 787 huius
814 749 1023 788 universali
1056 750 1240 788 vocabulo
1273 763 1421 789 nuncu-

90 803 271 859 pamus),
320 807 396 845 duo
446 819 564 857 regna
614 809 810 845 cernimus
854 807 966 858 longe
1011 810 1153 846 ceteris
1196 810 1422 859 provenisse

91 865 264 917 clariora,
296 865 542 916 Assyriorum
569 867 749 917 primum,
781 865 919 903 deinde
946 866 1221 917 Romanorum,
1254 872 1297 905 ut
1328 873 1422 905 tem-

91 923 269 975 poribus,
301 925 353 961 ita
384 923 478 961 locis
510 925 612 961 inter
645 935 685 961 se
718 923 892 961 ordinata
925 930 1040 974 atque
1073 924 1264 963 distincta.
1327 925 1423 963 Nam

91 994 167 1032 quo
205 982 318 1020 modo
356 981 450 1020 illud
491 983 620 1033 prius,
663 981 736 1019 hoc
774 983 988 1032 posterius:
1033 994 1077 1019 eo
1110 982 1224 1020 modo
1257 983 1351 1021 illud
1384 985 1423 1021 in

91 1040 263 1091 Oriente,
294 1040 367 1077 hoc
399 1041 439 1078 in
471 1039 683 1078 Occidente
717 1042 906 1091 surrexit3
937 1040 1105 1090 denique
1137 1042 1177 1079 in
1211 1041 1314 1079 illius
1347 1042 1421 1079 fine

90 1098 205 1137 huius
249 1100 402 1136 initium
447 1098 652 1136 confestim
696 1098 779 1136 fuit.
841 1098 973 1148 Regna
1016 1104 1145 1137 cetera
1191 1106 1422 1150 ceterosque

90 1168 202 1207 reges
234 1156 338 1194 velut
370 1155 601 1206 adpendices
633 1158 798 1194 istorum
831 1156 1005 1194 dixerim.

206 1214 328 1252 Ninus
367 1227 458 1265 ergo
496 1216 572 1252 iam
609 1214 805 1253 secundus
837 1227 905 1252 rex
938 1221 1021 1253 erat
1052 1215 1317 1267 Assyriorum,
1357 1217 1424 1266 qui

89 1274 191 1324 patri
216 1285 286 1310 suo
312 1271 404 1310 Belo
431 1278 686 1324 successerat,
718 1274 828 1323 regni
853 1273 956 1311 illius
982 1275 1108 1323 primo
1142 1275 1235 1325 regi,
1269 1274 1423 1324 quando

89 1333 129 1370 in
172 1336 277 1369 terra
320 1330 600 1369 Chaldaeorum
643 1336 756 1369 natus
801 1337 860 1369 est
903 1331 1106 1369 Abraham.
1169 1331 1262 1370 Erat
1306 1333 1421 1370 etiam

90 1395 265 1440 tempore
309 1388 372 1426 illo
418 1401 580 1439 regnum
626 1388 894 1439 Sicyoniorum
934 1389 1140 1428 admodum
1179 1402 1358 1442 parvum,
1403 1402 1423 1428 a

91 1459 167 1498 quo
204 1447 267 1485 ille
306 1447 577 1497 undecumque
616 1447 864 1486 doctissimus
902 1447 1054 1486 Marcus
1086 1447 1207 1486 Varro
1246 1448 1422 1486 scribens

90 1505 137 1544 de
169 1511 283 1556 gente
315 1505 448 1556 populi
478 1505 657 1557 Romani,
697 1505 801 1544 velut
832 1508 990 1556 antiquo
1023 1512 1221 1558 tempore,
1260 1519 1422 1545 exorsus

90 1569 161 1602 est.
224 1563 280 1601 Ab
321 1563 381 1601 his
422 1565 523 1601 enim
568 1563 836 1614 Sicyoniorum
878 1564 1035 1614 regibus
1077 1565 1122 1602 ad
1165 1564 1422 1603 Athenienses

89 1623 286 1673 pervenit,
324 1633 343 1659 a
377 1621 518 1671 quibus
550 1622 594 1659 ad
627 1621 802 1672 Latinos,
834 1622 922 1660 inde
955 1622 1160 1660 Romanos.
1224 1622 1300 1660 Sed
1332 1628 1420 1661 ante

91 1680 285 1718 conditam
316 1679 476 1717 Romam
514 1681 553 1717 in
595 1682 880 1730 comparatione
913 1681 1023 1730 regni
1054 1680 1303 1731 Assyriorum
1334 1693 1421 1731 per-

91 1740 227 1788 exigua
265 1739 339 1776 ista
375 1742 658 1789 memorantur3
696 1739 869 1788 quamvis
901 1738 1158 1776 Athenienses
1189 1740 1229 1776 in
1262 1738 1421 1777 Graecia

91 1796 302 1847 plurimum
354 1795 540 1834 claruisse
588 1796 754 1834 fateatur
805 1797 919 1834 etiam
973 1796 1178 1835 Sallustius
1223 1796 1421 1836 Romanus

90 1854 318 1905 historicus3
349 1854 435 1904 plus
462 1860 589 1892 tamen
622 1855 720 1892 fama
752 1867 866 1904 quam
899 1867 941 1892 re
973 1856 1066 1905 ipsa.
1128 1854 1224 1892 Nam
1256 1855 1421 1905 loquens

90 1912 137 1950 de
163 1912 255 1951 illis:
284 1912 621 1964 „Atheniensium,
652 1914 800 1964 inquit,
832 1925 895 1951 res
928 1919 1070 1965 gestae,
1103 1915 1218 1951 sicuti
1251 1926 1320 1964 ego
1354 1926 1417 1951 ex-

89 1972 231 2021 istimo,
262 1972 353 2008 satis
380 1970 525 2021 amplae
559 1972 861 2021 magnificaeque
894 1972 1021 2023 fuere3
1054 1983 1190 2009 verum
1222 1971 1418 2021 aliquanto

91 2030 260 2066 minores
286 2034 427 2080 tamen,
459 2041 574 2079 quam
600 2029 698 2067 fama
731 2030 921 2068 seruntur.
974 2029 1048 2067 Sed
1082 2031 1171 2080 quia
1204 2042 1419 2079 provenere

90 2085 143 2124 ibi
174 2088 408 2136 scriptorum
441 2099 575 2137 magna
607 2088 778 2138 ingenia,
809 2099 880 2138 per
911 2093 1105 2126 terrarum
1138 2087 1272 2125 orbem
1304 2088 1419 2126 Athe-

90 2146 284 2182 niensium
324 2145 422 2183 sacta
461 2157 531 2195 pro
570 2147 745 2183 maximis
777 2145 1035 2183 celebrantur.
1098 2145 1153 2183 Ita
1185 2158 1321 2184 eorum
1353 2148 1419 2197 qui

183 2249 202 2278 3
228 2244 416 2289 personuit
447 2255 511 2279 om.
538 2245 589 2279 ΕΙ
620 2247 632 2290 Η
663 2249 684 2279 4
711 2245 941 2280 omnifariam
967 2246 1066 2290 R9v‚·
1092 2245 1287 2280 omnifaria
1312 2247 1389 2280 AF
1409 2247 1421 2291 Η

90 2295 132 2324 25
159 2291 261 2326 Rom.
288 2291 360 2325 RA
385 2292 464 2331 (vol.
492 2292 528 2333 I,
553 2295 640 2333 402,
664 2295 750 2335 29);
776 2293 823 2326 ad
847 2292 950 2327 Rom.
977 2303 997 2326 v

159 2361 232 2381 Atm.
253 2362 294 2380 DE
315 2361 374 2380 cnr*⁴
394 2363 457 2381 nm.
496 2356 534 2381 11.
1096 2355 1136 2384 17

1450 466 1470 497 5

1452 758 1494 789 10

1452 1050 1493 1080 15

1449 1340 1493 1372 20

1447 1631 1491 1662 ⁶25

1447 1923 1490 1953 30
