<?xml version="1.0" encoding="UTF-8"?>
<!DOCTYPE html PUBLIC "-//W3C//DTD XHTML 1.0 Transitional//EN"
    "http://www.w3.org/TR/xhtml1/DTD/xhtml1-transitional.dtd">
<html xmlns="http://www.w3.org/1999/xhtml" xml:lang="en" lang="en">
 <head>
  <title>
</title>
<meta http-equiv="Content-Type" content="text/html;charset=utf-8" />
  <meta name='ocr-system' content='tesseract 3.04.00' />
  <meta name='ocr-capabilities' content='ocr_page ocr_carea ocr_par ocr_line ocrx_word'/>
</head>
<body>
  <div class='ocr_page' id='page_1' title='image "./sanctiaureliiaug02auguuoft_0594.png"; bbox 0 0 1611 2465; ppageno 0'>
   <div class='ocr_carea' id='block_1_1' title="bbox 77 867 118 897">
    <p class='ocr_par' dir='ltr' id='par_1_1' title="bbox 77 867 118 897">
     <span class='ocr_line' id='line_1_1' title="bbox 77 867 118 897; baseline 0.024 -1"><span class='ocrx_word' id='word_1_1' title='bbox 77 867 118 897; x_wconf 87' lang='lat'>10</span> 
     </span>
    </p>
   </div>
   <div class='ocr_carea' id='block_1_2' title="bbox 78 1160 92 1189">
    <p class='ocr_par' dir='ltr' id='par_1_2' title="bbox 78 1160 92 1189">
     <span class='ocr_line' id='line_1_2' title="bbox 78 1160 92 1189; baseline 0 0"><span class='ocrx_word' id='word_1_2' title='bbox 78 1160 92 1189; x_wconf 96' lang='lat'>1</span> 
     </span>
    </p>
   </div>
   <div class='ocr_carea' id='block_1_3' title="bbox 80 1745 97 1773">
    <p class='ocr_par' dir='ltr' id='par_1_3' title="bbox 80 1745 97 1773">
     <span class='ocr_line' id='line_1_3' title="bbox 80 1745 97 1773; textangle 90"><span class='ocrx_word' id='word_1_3' title='bbox 80 1745 97 1773; x_wconf 59' lang='grc' dir='ltr'>(ἶ.)</span> 
     </span>
    </p>
   </div>
   <div class='ocr_carea' id='block_1_4' title="bbox 100 1159 118 1189">
    <p class='ocr_par' dir='ltr' id='par_1_4' title="bbox 100 1159 118 1189">
     <span class='ocr_line' id='line_1_4' title="bbox 100 1159 118 1189; baseline 0 0"><span class='ocrx_word' id='word_1_4' title='bbox 100 1159 118 1189; x_wconf 88' lang='grc'>5</span> 
     </span>
    </p>
   </div>
   <div class='ocr_carea' id='block_1_5' title="bbox 141 127 953 168">
    <p class='ocr_par' dir='ltr' id='par_1_5' title="bbox 141 127 953 168">
     <span class='ocr_line' id='line_1_5' title="bbox 141 127 953 168; baseline -0.009 -4"><span class='ocrx_word' id='word_1_5' title='bbox 141 127 226 168; x_wconf 76' lang='grc'>588</span> <span class='ocrx_word' id='word_1_6' title='bbox 690 132 716 158; x_wconf 84' lang='lat' dir='ltr'>s.</span> <span class='ocrx_word' id='word_1_7' title='bbox 736 132 953 159; x_wconf 61' lang='lat' dir='ltr'>Aconsrnx]</span> 
     </span>
    </p>
   </div>
   <div class='ocr_carea' id='block_1_6' title="bbox 674 277 952 320">
    <p class='ocr_par' dir='ltr' id='par_1_6' title="bbox 674 277 952 320">
     <span class='ocr_line' id='line_1_6' title="bbox 674 277 952 320; baseline 0 0"><span class='ocrx_word' id='word_1_8' title='bbox 674 277 825 320; x_wconf 77' lang='lat' dir='ltr'><strong>CAPUT</strong></span> <span class='ocrx_word' id='word_1_9' title='bbox 858 277 952 320; x_wconf 88' lang='lat' dir='ltr'>XII.</span> 
     </span>
    </p>
   </div>
   <div class='ocr_carea' id='block_1_7' title="bbox 146 364 1483 463">
    <p class='ocr_par' dir='ltr' id='par_1_7' title="bbox 146 364 1483 463">
     <span class='ocr_line' id='line_1_7' title="bbox 146 364 1483 412; baseline -0.002 -6"><span class='ocrx_word' id='word_1_10' title='bbox 146 369 296 406; x_wconf 75' lang='lat' dir='ltr'>Contra</span> <span class='ocrx_word' id='word_1_11' title='bbox 329 367 553 405; x_wconf 73' lang='lat' dir='ltr'><em>calumnias</em></span> <span class='ocrx_word' id='word_1_12' title='bbox 585 366 822 411; x_wconf 74' lang='lat' dir='ltr'>infidelium,</span> <span class='ocrx_word' id='word_1_13' title='bbox 855 365 999 412; x_wconf 73' lang='lat' dir='ltr'>quibus</span> <span class='ocrx_word' id='word_1_14' title='bbox 1036 364 1283 402; x_wconf 75' lang='lat' dir='ltr'><em>Christianos</em></span> <span class='ocrx_word' id='word_1_15' title='bbox 1316 365 1365 402; x_wconf 79' lang='lat' dir='ltr'>de</span> <span class='ocrx_word' id='word_1_16' title='bbox 1396 375 1483 403; x_wconf 81' lang='lat' dir='ltr'>cre-</span> 
     </span>
     <span class='ocr_line' id='line_1_8' title="bbox 409 423 1218 463; baseline -0.004 0"><span class='ocrx_word' id='word_1_17' title='bbox 409 426 494 463; x_wconf 72' lang='lat' dir='ltr'>dita</span> <span class='ocrx_word' id='word_1_18' title='bbox 527 425 666 462; x_wconf 73' lang='lat' dir='ltr'>carnis</span> <span class='ocrx_word' id='word_1_19' title='bbox 698 424 998 462; x_wconf 75' lang='lat' dir='ltr'>resurrectione</span> <span class='ocrx_word' id='word_1_20' title='bbox 1030 423 1218 461; x_wconf 74' lang='lat' dir='ltr'><em>inrident.</em></span> 
     </span>
    </p>
   </div>
   <div class='ocr_carea' id='block_1_8' title="bbox 143 504 1491 1727">
    <p class='ocr_par' dir='ltr' id='par_1_8' title="bbox 143 504 1491 1727">
     <span class='ocr_line' id='line_1_9' title="bbox 263 504 1485 557; baseline -0.003 -11"><span class='ocrx_word' id='word_1_21' title='bbox 263 507 340 546; x_wconf 87' lang='lat' dir='ltr'>Sed</span> <span class='ocrx_word' id='word_1_22' title='bbox 367 505 708 557; x_wconf 81' lang='lat' dir='ltr'>scrupulosissime</span> <span class='ocrx_word' id='word_1_23' title='bbox 737 516 925 555; x_wconf 82' lang='lat' dir='ltr'>quaerere</span> <span class='ocrx_word' id='word_1_24' title='bbox 953 510 992 542; x_wconf 87' lang='lat' dir='ltr'>et</span> <span class='ocrx_word' id='word_1_25' title='bbox 1022 504 1150 556; x_wconf 87' lang='lat' dir='ltr'>fidem,</span> <span class='ocrx_word' id='word_1_26' title='bbox 1182 515 1257 555; x_wconf 83' lang='lat' dir='ltr'>qua</span> <span class='ocrx_word' id='word_1_27' title='bbox 1289 504 1485 543; x_wconf 86' lang='lat' dir='ltr'>credimus</span> 
     </span>
     <span class='ocr_line' id='line_1_10' title="bbox 146 562 1485 614; baseline -0.004 -9"><span class='ocrx_word' id='word_1_28' title='bbox 146 572 463 605; x_wconf 78' lang='lat' dir='ltr'>resurrecturam</span> <span class='ocrx_word' id='word_1_29' title='bbox 505 576 680 614; x_wconf 89' lang='lat' dir='ltr'>carnem,</span> <span class='ocrx_word' id='word_1_30' title='bbox 722 565 774 602; x_wconf 86' lang='lat' dir='ltr'>ita</span> <span class='ocrx_word' id='word_1_31' title='bbox 816 562 1039 613; x_wconf 87' lang='lat' dir='ltr'>quaerendo</span> <span class='ocrx_word' id='word_1_32' title='bbox 1080 562 1257 601; x_wconf 82' lang='lat' dir='ltr'>adsolent</span> <span class='ocrx_word' id='word_1_33' title='bbox 1296 562 1485 601; x_wconf 84' lang='lat' dir='ltr'>inridere:</span> 
     </span>
     <span class='ocr_line' id='line_1_11' title="bbox 144 620 1487 673; baseline -0.003 -10"><span class='ocrx_word' id='word_1_34' title='bbox 144 630 279 664; x_wconf 82' lang='lat' dir='ltr'>utrum</span> <span class='ocrx_word' id='word_1_35' title='bbox 311 625 414 663; x_wconf 83' lang='lat' dir='ltr'>fetus</span> <span class='ocrx_word' id='word_1_36' title='bbox 447 623 611 662; x_wconf 82' lang='lat' dir='ltr'>abortivi</span> <span class='ocrx_word' id='word_1_37' title='bbox 643 628 868 673; x_wconf 78' lang='lat' dir='ltr'>resurgant3</span> <span class='ocrx_word' id='word_1_38' title='bbox 910 627 948 660; x_wconf 89' lang='lat' dir='ltr'>et</span> <span class='ocrx_word' id='word_1_39' title='bbox 981 623 1164 672; x_wconf 86' lang='lat' dir='ltr'>quoniam</span> <span class='ocrx_word' id='word_1_40' title='bbox 1196 620 1385 659; x_wconf 90' lang='lat' dir='ltr'>Dominus</span> <span class='ocrx_word' id='word_1_41' title='bbox 1417 622 1487 660; x_wconf 85' lang='lat' dir='ltr'>ait:</span> 
     </span>
     <span class='ocr_line' id='line_1_12' title="bbox 143 680 1486 731; baseline -0.004 -8"><span class='ocrx_word' id='word_1_42' title='bbox 143 686 288 731; x_wconf 81' lang='lat' dir='ltr'>Amen,</span> <span class='ocrx_word' id='word_1_43' title='bbox 334 684 424 722; x_wconf 76' lang='lat' dir='ltr'>dieo</span> <span class='ocrx_word' id='word_1_44' title='bbox 468 683 596 729; x_wconf 74' lang='lat' dir='ltr'>vobis,</span> <span class='ocrx_word' id='word_1_45' title='bbox 642 682 810 730; x_wconf 77' lang='lat' dir='ltr'>capillus</span> <span class='ocrx_word' id='word_1_46' title='bbox 854 681 999 730; x_wconf 72' lang='lat' dir='ltr'>eapitis</span> <span class='ocrx_word' id='word_1_47' title='bbox 1042 681 1166 719; x_wconf 80' lang='lat' dir='ltr'>vestri</span> <span class='ocrx_word' id='word_1_48' title='bbox 1206 691 1283 719; x_wconf 89' lang='lat' dir='ltr'>non</span> <span class='ocrx_word' id='word_1_49' title='bbox 1325 680 1486 729; x_wconf 81' lang='lat' dir='ltr'>peribit,</span> 
     </span>
     <span class='ocr_line' id='line_1_13' title="bbox 143 737 1487 789; baseline -0.004 -8"><span class='ocrx_word' id='word_1_50' title='bbox 143 748 278 781; x_wconf 86' lang='lat' dir='ltr'>utrum</span> <span class='ocrx_word' id='word_1_51' title='bbox 316 747 463 780; x_wconf 85' lang='lat' dir='ltr'>statura</span> <span class='ocrx_word' id='word_1_52' title='bbox 503 746 542 779; x_wconf 88' lang='lat' dir='ltr'>et</span> <span class='ocrx_word' id='word_1_53' title='bbox 580 739 701 778; x_wconf 87' lang='lat' dir='ltr'>robur</span> <span class='ocrx_word' id='word_1_54' title='bbox 734 738 907 789; x_wconf 86' lang='lat' dir='ltr'>aequalia</span> <span class='ocrx_word' id='word_1_55' title='bbox 944 739 1074 777; x_wconf 84' lang='lat' dir='ltr'>futura</span> <span class='ocrx_word' id='word_1_56' title='bbox 1108 739 1186 776; x_wconf 85' lang='lat' dir='ltr'>sint</span> <span class='ocrx_word' id='word_1_57' title='bbox 1217 737 1398 777; x_wconf 90' lang='lat' dir='ltr'>omnibus</span> <span class='ocrx_word' id='word_1_58' title='bbox 1438 750 1487 777; x_wconf 87' lang='lat' dir='ltr'>an</span> 
     </span>
     <span class='ocr_line' id='line_1_14' title="bbox 146 797 1489 850; baseline -0.003 -11"><span class='ocrx_word' id='word_1_59' title='bbox 146 801 320 839; x_wconf 83' lang='lat' dir='ltr'>diversae</span> <span class='ocrx_word' id='word_1_60' title='bbox 365 811 575 850; x_wconf 87' lang='lat' dir='ltr'>corporum</span> <span class='ocrx_word' id='word_1_61' title='bbox 621 799 868 848; x_wconf 80' lang='lat' dir='ltr'>quantitates.</span> <span class='ocrx_word' id='word_1_62' title='bbox 933 797 973 835; x_wconf 89' lang='lat' dir='ltr'>Si</span> <span class='ocrx_word' id='word_1_63' title='bbox 1014 798 1119 835; x_wconf 85' lang='lat' dir='ltr'>enim</span> <span class='ocrx_word' id='word_1_64' title='bbox 1159 797 1371 847; x_wconf 81' lang='lat' dir='ltr'>aequalitas</span> <span class='ocrx_word' id='word_1_65' title='bbox 1413 798 1489 835; x_wconf 87' lang='lat' dir='ltr'>erit</span> 
     </span>
     <span class='ocr_line' id='line_1_15' title="bbox 146 854 1487 910; baseline -0.003 -13"><span class='ocrx_word' id='word_1_66' title='bbox 146 871 377 910; x_wconf 87' lang='lat' dir='ltr'>corporum,</span> <span class='ocrx_word' id='word_1_67' title='bbox 421 857 525 896; x_wconf 91' lang='lat' dir='ltr'>unde</span> <span class='ocrx_word' id='word_1_68' title='bbox 569 856 769 895; x_wconf 87' lang='lat' dir='ltr'>habebunt</span> <span class='ocrx_word' id='word_1_69' title='bbox 810 856 913 906; x_wconf 90' lang='lat' dir='ltr'>quod</span> <span class='ocrx_word' id='word_1_70' title='bbox 957 855 1020 894; x_wconf 88' lang='lat' dir='ltr'>hic</span> <span class='ocrx_word' id='word_1_71' title='bbox 1065 867 1144 894; x_wconf 91' lang='lat' dir='ltr'>non</span> <span class='ocrx_word' id='word_1_72' title='bbox 1184 854 1407 894; x_wconf 90' lang='lat' dir='ltr'>habuerunt</span> <span class='ocrx_word' id='word_1_73' title='bbox 1446 857 1487 894; x_wconf 89' lang='lat' dir='ltr'>in</span> 
     </span>
     <span class='ocr_line' id='line_1_16' title="bbox 144 911 1487 968; baseline -0.003 -12"><span class='ocrx_word' id='word_1_74' title='bbox 144 918 245 957; x_wconf 88' lang='lat' dir='ltr'>mole</span> <span class='ocrx_word' id='word_1_75' title='bbox 273 919 450 968; x_wconf 87' lang='lat' dir='ltr'>corporis</span> <span class='ocrx_word' id='word_1_76' title='bbox 476 916 529 954; x_wconf 92' lang='lat' dir='ltr'>illi</span> <span class='ocrx_word' id='word_1_77' title='bbox 551 915 727 966; x_wconf 82' lang='lat' dir='ltr'>abortivi,</span> <span class='ocrx_word' id='word_1_78' title='bbox 754 916 786 953; x_wconf 93' lang='lat' dir='ltr'>si</span> <span class='ocrx_word' id='word_1_79' title='bbox 812 920 1020 965; x_wconf 85' lang='lat' dir='ltr'>resurgent</span> <span class='ocrx_word' id='word_1_80' title='bbox 1046 920 1084 952; x_wconf 92' lang='lat' dir='ltr'>et</span> <span class='ocrx_word' id='word_1_81' title='bbox 1109 911 1212 965; x_wconf 80' lang='lat' dir='ltr'>ipsi?</span> <span class='ocrx_word' id='word_1_82' title='bbox 1261 914 1337 952; x_wconf 85' lang='lat' dir='ltr'>Aut</span> <span class='ocrx_word' id='word_1_83' title='bbox 1357 915 1390 952; x_wconf 92' lang='lat' dir='ltr'>si</span> <span class='ocrx_word' id='word_1_84' title='bbox 1409 925 1487 952; x_wconf 91' lang='lat' dir='ltr'>non</span> 
     </span>
     <span class='ocr_line' id='line_1_17' title="bbox 145 972 1486 1027; baseline -0.004 -12"><span class='ocrx_word' id='word_1_85' title='bbox 145 982 371 1027; x_wconf 82' lang='lat' dir='ltr'>resurgent,</span> <span class='ocrx_word' id='word_1_86' title='bbox 410 976 500 1026; x_wconf 87' lang='lat' dir='ltr'>quia</span> <span class='ocrx_word' id='word_1_87' title='bbox 538 986 610 1012; x_wconf 88' lang='lat' dir='ltr'>nec</span> <span class='ocrx_word' id='word_1_88' title='bbox 650 975 730 1012; x_wconf 87' lang='lat' dir='ltr'>nati</span> <span class='ocrx_word' id='word_1_89' title='bbox 768 979 876 1025; x_wconf 82' lang='lat' dir='ltr'>sunt,</span> <span class='ocrx_word' id='word_1_90' title='bbox 910 973 976 1011; x_wconf 89' lang='lat' dir='ltr'>sed</span> <span class='ocrx_word' id='word_1_91' title='bbox 1011 973 1142 1025; x_wconf 83' lang='lat' dir='ltr'>effusi,</span> <span class='ocrx_word' id='word_1_92' title='bbox 1175 972 1337 1011; x_wconf 89' lang='lat' dir='ltr'>eandem</span> <span class='ocrx_word' id='word_1_93' title='bbox 1370 984 1486 1023; x_wconf 91' lang='lat' dir='ltr'>quae-</span> 
     </span>
     <span class='ocr_line' id='line_1_18' title="bbox 146 1031 1488 1084; baseline -0.004 -10"><span class='ocrx_word' id='word_1_94' title='bbox 146 1037 313 1074; x_wconf 88' lang='lat' dir='ltr'>stionem</span> <span class='ocrx_word' id='word_1_95' title='bbox 347 1034 394 1072; x_wconf 90' lang='lat' dir='ltr'>de</span> <span class='ocrx_word' id='word_1_96' title='bbox 425 1032 596 1084; x_wconf 89' lang='lat' dir='ltr'>parvulis</span> <span class='ocrx_word' id='word_1_97' title='bbox 631 1037 806 1083; x_wconf 78' lang='lat' dir='ltr'>versant,</span> <span class='ocrx_word' id='word_1_98' title='bbox 838 1031 941 1070; x_wconf 90' lang='lat' dir='ltr'>unde</span> <span class='ocrx_word' id='word_1_99' title='bbox 974 1031 1049 1070; x_wconf 92' lang='lat' dir='ltr'>illis</span> <span class='ocrx_word' id='word_1_100' title='bbox 1081 1043 1266 1070; x_wconf 86' lang='lat' dir='ltr'>mensura</span> <span class='ocrx_word' id='word_1_101' title='bbox 1298 1032 1488 1083; x_wconf 89' lang='lat' dir='ltr'>corporis,</span> 
     </span>
     <span class='ocr_line' id='line_1_19' title="bbox 147 1089 1489 1144; baseline -0.002 -13"><span class='ocrx_word' id='word_1_102' title='bbox 147 1105 262 1144; x_wconf 85' lang='lat' dir='ltr'>quarn</span> <span class='ocrx_word' id='word_1_103' title='bbox 294 1104 399 1131; x_wconf 88' lang='lat' dir='ltr'>nunc</span> <span class='ocrx_word' id='word_1_104' title='bbox 433 1091 603 1130; x_wconf 90' lang='lat' dir='ltr'>defuisse</span> <span class='ocrx_word' id='word_1_105' title='bbox 636 1090 833 1141; x_wconf 85' lang='lat' dir='ltr'>videmus,</span> <span class='ocrx_word' id='word_1_106' title='bbox 866 1090 1035 1141; x_wconf 80' lang='lat' dir='ltr'>accedat,</span> <span class='ocrx_word' id='word_1_107' title='bbox 1067 1101 1157 1128; x_wconf 90' lang='lat' dir='ltr'>cum</span> <span class='ocrx_word' id='word_1_108' title='bbox 1189 1091 1228 1127; x_wconf 89' lang='lat' dir='ltr'>in</span> <span class='ocrx_word' id='word_1_109' title='bbox 1260 1089 1332 1128; x_wconf 82' lang='lat' dir='ltr'>hac-</span> <span class='ocrx_word' id='word_1_110' title='bbox 1364 1094 1489 1128; x_wconf 85' lang='lat' dir='ltr'>aetate</span> 
     </span>
     <span class='ocr_line' id='line_1_20' title="bbox 146 1148 1488 1200; baseline -0.003 -10"><span class='ocrx_word' id='word_1_111' title='bbox 146 1153 380 1190; x_wconf 81' lang='lat' dir='ltr'>moriuntur.</span> <span class='ocrx_word' id='word_1_112' title='bbox 443 1149 578 1200; x_wconf 82' lang='lat' dir='ltr'>Neque</span> <span class='ocrx_word' id='word_1_113' title='bbox 622 1150 725 1187; x_wconf 88' lang='lat' dir='ltr'>enim</span> <span class='ocrx_word' id='word_1_114' title='bbox 770 1148 913 1186; x_wconf 86' lang='lat' dir='ltr'>dicturi</span> <span class='ocrx_word' id='word_1_115' title='bbox 958 1160 1094 1187; x_wconf 88' lang='lat' dir='ltr'>sumus</span> <span class='ocrx_word' id='word_1_116' title='bbox 1133 1159 1200 1186; x_wconf 89' lang='lat' dir='ltr'>eos</span> <span class='ocrx_word' id='word_1_117' title='bbox 1237 1160 1316 1186; x_wconf 90' lang='lat' dir='ltr'>non</span> <span class='ocrx_word' id='word_1_118' title='bbox 1356 1159 1488 1186; x_wconf 90' lang='lat' dir='ltr'>resur-</span> 
     </span>
     <span class='ocr_line' id='line_1_21' title="bbox 146 1207 1488 1260; baseline -0.003 -12"><span class='ocrx_word' id='word_1_119' title='bbox 146 1216 345 1260; x_wconf 84' lang='lat' dir='ltr'>recturos,</span> <span class='ocrx_word' id='word_1_120' title='bbox 378 1210 444 1259; x_wconf 86' lang='lat' dir='ltr'>qui</span> <span class='ocrx_word' id='word_1_121' title='bbox 478 1220 556 1246; x_wconf 90' lang='lat' dir='ltr'>non</span> <span class='ocrx_word' id='word_1_122' title='bbox 589 1207 714 1246; x_wconf 86' lang='lat' dir='ltr'>solum</span> <span class='ocrx_word' id='word_1_123' title='bbox 747 1208 1030 1258; x_wconf 81' lang='lat' dir='ltr'>generationis,</span> <span class='ocrx_word' id='word_1_124' title='bbox 1061 1218 1199 1245; x_wconf 84' lang='lat' dir='ltr'>verum</span> <span class='ocrx_word' id='word_1_125' title='bbox 1231 1207 1348 1245; x_wconf 89' lang='lat' dir='ltr'>etiam</span> <span class='ocrx_word' id='word_1_126' title='bbox 1379 1218 1488 1257; x_wconf 87' lang='lat' dir='ltr'>rege-</span> 
     </span>
     <span class='ocr_line' id='line_1_22' title="bbox 146 1264 1490 1317; baseline -0.004 -10"><span class='ocrx_word' id='word_1_127' title='bbox 146 1269 360 1307; x_wconf 86' lang='lat' dir='ltr'>nerationis</span> <span class='ocrx_word' id='word_1_128' title='bbox 388 1278 550 1317; x_wconf 82' lang='lat' dir='ltr'>capaces</span> <span class='ocrx_word' id='word_1_129' title='bbox 576 1271 679 1304; x_wconf 89' lang='lat' dir='ltr'>sunt.</span> <span class='ocrx_word' id='word_1_130' title='bbox 730 1264 877 1303; x_wconf 89' lang='lat' dir='ltr'>Deinde</span> <span class='ocrx_word' id='word_1_131' title='bbox 904 1266 1160 1316; x_wconf 86' lang='lat' dir='ltr'>interrogant,</span> <span class='ocrx_word' id='word_1_132' title='bbox 1187 1276 1304 1315; x_wconf 89' lang='lat' dir='ltr'>quem</span> <span class='ocrx_word' id='word_1_133' title='bbox 1330 1264 1490 1303; x_wconf 90' lang='lat' dir='ltr'>modum</span> 
     </span>
     <span class='ocr_line' id='line_1_23' title="bbox 147 1322 1490 1378; baseline -0.003 -13"><span class='ocrx_word' id='word_1_134' title='bbox 147 1329 229 1378; x_wconf 89' lang='lat' dir='ltr'>ipsa</span> <span class='ocrx_word' id='word_1_135' title='bbox 268 1325 480 1376; x_wconf 82' lang='lat' dir='ltr'>aequalitas</span> <span class='ocrx_word' id='word_1_136' title='bbox 518 1323 698 1363; x_wconf 83' lang='lat' dir='ltr'>habitura</span> <span class='ocrx_word' id='word_1_137' title='bbox 737 1325 797 1362; x_wconf 91' lang='lat' dir='ltr'>sit.</span> <span class='ocrx_word' id='word_1_138' title='bbox 861 1322 902 1361; x_wconf 88' lang='lat' dir='ltr'>Si</span> <span class='ocrx_word' id='word_1_139' title='bbox 934 1324 1038 1361; x_wconf 90' lang='lat' dir='ltr'>enim</span> <span class='ocrx_word' id='word_1_140' title='bbox 1070 1328 1148 1361; x_wconf 84' lang='lat' dir='ltr'>tam</span> <span class='ocrx_word' id='word_1_141' title='bbox 1180 1324 1309 1373; x_wconf 89' lang='lat' dir='ltr'>magni</span> <span class='ocrx_word' id='word_1_142' title='bbox 1341 1328 1381 1361; x_wconf 86' lang='lat' dir='ltr'>et</span> <span class='ocrx_word' id='word_1_143' title='bbox 1411 1328 1490 1362; x_wconf 88' lang='lat' dir='ltr'>tam</span> 
     </span>
     <span class='ocr_line' id='line_1_24' title="bbox 147 1381 1491 1436; baseline -0.003 -13"><span class='ocrx_word' id='word_1_144' title='bbox 147 1386 252 1436; x_wconf 90' lang='lat' dir='ltr'>longi</span> <span class='ocrx_word' id='word_1_145' title='bbox 285 1390 403 1423; x_wconf 88' lang='lat' dir='ltr'>erunt</span> <span class='ocrx_word' id='word_1_146' title='bbox 435 1395 589 1434; x_wconf 88' lang='lat' dir='ltr'>omnes,</span> <span class='ocrx_word' id='word_1_147' title='bbox 623 1394 738 1433; x_wconf 88' lang='lat' dir='ltr'>quam</span> <span class='ocrx_word' id='word_1_148' title='bbox 771 1383 932 1420; x_wconf 87' lang='lat' dir='ltr'>suerunt</span> <span class='ocrx_word' id='word_1_149' title='bbox 964 1382 1201 1432; x_wconf 89' lang='lat' dir='ltr'>quicumque</span> <span class='ocrx_word' id='word_1_150' title='bbox 1234 1381 1297 1419; x_wconf 89' lang='lat' dir='ltr'>hic</span> <span class='ocrx_word' id='word_1_151' title='bbox 1329 1381 1491 1420; x_wconf 85' lang='lat' dir='ltr'>fuerunt</span> 
     </span>
     <span class='ocr_line' id='line_1_25' title="bbox 147 1439 1489 1493; baseline -0.003 -11"><span class='ocrx_word' id='word_1_152' title='bbox 147 1445 304 1482; x_wconf 79' lang='lat' dir='ltr'>maximi</span> <span class='ocrx_word' id='word_1_153' title='bbox 345 1448 461 1493; x_wconf 86' lang='lat' dir='ltr'>atque</span> <span class='ocrx_word' id='word_1_154' title='bbox 493 1442 728 1493; x_wconf 77' lang='lat' dir='ltr'>longissimi,</span> <span class='ocrx_word' id='word_1_155' title='bbox 767 1453 845 1478; x_wconf 86' lang='lat' dir='ltr'>non</span> <span class='ocrx_word' id='word_1_156' title='bbox 878 1439 1004 1478; x_wconf 89' lang='lat' dir='ltr'>solum</span> <span class='ocrx_word' id='word_1_157' title='bbox 1037 1440 1083 1478; x_wconf 90' lang='lat' dir='ltr'>de</span> <span class='ocrx_word' id='word_1_158' title='bbox 1116 1439 1304 1492; x_wconf 79' lang='lat' dir='ltr'>parvulis,</span> <span class='ocrx_word' id='word_1_159' title='bbox 1341 1439 1409 1478; x_wconf 91' lang='lat' dir='ltr'>sed</span> <span class='ocrx_word' id='word_1_160' title='bbox 1443 1440 1489 1478; x_wconf 90' lang='lat' dir='ltr'>de</span> 
     </span>
     <span class='ocr_line' id='line_1_26' title="bbox 149 1498 1490 1554; baseline -0.003 -14"><span class='ocrx_word' id='word_1_161' title='bbox 149 1502 328 1554; x_wconf 89' lang='lat' dir='ltr'>plurimis</span> <span class='ocrx_word' id='word_1_162' title='bbox 368 1506 580 1552; x_wconf 87' lang='lat' dir='ltr'>quaerunt,</span> <span class='ocrx_word' id='word_1_163' title='bbox 620 1499 723 1538; x_wconf 88' lang='lat' dir='ltr'>unde</span> <span class='ocrx_word' id='word_1_164' title='bbox 761 1499 836 1537; x_wconf 90' lang='lat' dir='ltr'>illis</span> <span class='ocrx_word' id='word_1_165' title='bbox 874 1510 1125 1537; x_wconf 87' lang='lat' dir='ltr'>accessurum</span> <span class='ocrx_word' id='word_1_166' title='bbox 1164 1500 1237 1550; x_wconf 89' lang='lat' dir='ltr'>sit,</span> <span class='ocrx_word' id='word_1_167' title='bbox 1281 1498 1385 1549; x_wconf 92' lang='lat' dir='ltr'>quod</span> <span class='ocrx_word' id='word_1_168' title='bbox 1426 1498 1490 1537; x_wconf 91' lang='lat' dir='ltr'>hic</span> 
     </span>
     <span class='ocr_line' id='line_1_27' title="bbox 152 1556 1490 1613; baseline -0.003 -14"><span class='ocrx_word' id='word_1_169' title='bbox 152 1561 287 1613; x_wconf 85' lang='lat' dir='ltr'>defuit,</span> <span class='ocrx_word' id='word_1_170' title='bbox 319 1561 352 1598; x_wconf 93' lang='lat' dir='ltr'>si</span> <span class='ocrx_word' id='word_1_171' title='bbox 377 1560 452 1598; x_wconf 91' lang='lat' dir='ltr'>hoc</span> <span class='ocrx_word' id='word_1_172' title='bbox 480 1560 644 1610; x_wconf 90' lang='lat' dir='ltr'>quisque</span> <span class='ocrx_word' id='word_1_173' title='bbox 672 1559 846 1609; x_wconf 86' lang='lat' dir='ltr'>recipiat,</span> <span class='ocrx_word' id='word_1_174' title='bbox 879 1557 982 1608; x_wconf 88' lang='lat' dir='ltr'>quod</span> <span class='ocrx_word' id='word_1_175' title='bbox 1009 1557 1072 1595; x_wconf 89' lang='lat' dir='ltr'>hic</span> <span class='ocrx_word' id='word_1_176' title='bbox 1098 1556 1252 1608; x_wconf 78' lang='lat' dir='ltr'>habuit3</span> <span class='ocrx_word' id='word_1_177' title='bbox 1284 1558 1316 1595; x_wconf 91' lang='lat' dir='ltr'>si</span> <span class='ocrx_word' id='word_1_178' title='bbox 1348 1562 1490 1608; x_wconf 87' lang='lat' dir='ltr'>autem,</span> 
     </span>
     <span class='ocr_line' id='line_1_28' title="bbox 151 1617 1491 1670; baseline -0.002 -13"><span class='ocrx_word' id='word_1_179' title='bbox 151 1619 254 1670; x_wconf 87' lang='lat' dir='ltr'>quod</span> <span class='ocrx_word' id='word_1_180' title='bbox 293 1620 346 1657; x_wconf 87' lang='lat' dir='ltr'>ait</span> <span class='ocrx_word' id='word_1_181' title='bbox 383 1617 600 1669; x_wconf 88' lang='lat' dir='ltr'>apostolus,</span> <span class='ocrx_word' id='word_1_182' title='bbox 642 1628 878 1655; x_wconf 85' lang='lat' dir='ltr'>occursuros</span> <span class='ocrx_word' id='word_1_183' title='bbox 918 1628 989 1654; x_wconf 90' lang='lat' dir='ltr'>nos</span> <span class='ocrx_word' id='word_1_184' title='bbox 1022 1625 1157 1654; x_wconf 86' lang='lat' dir='ltr'>omnes</span> <span class='ocrx_word' id='word_1_185' title='bbox 1191 1617 1231 1653; x_wconf 74' lang='lat' dir='ltr'>in</span> <span class='ocrx_word' id='word_1_186' title='bbox 1263 1626 1491 1654; x_wconf 82' lang='lat' dir='ltr'>mensuram</span> 
     </span>
     <span class='ocr_line' id='line_1_29' title="bbox 150 1674 1489 1727; baseline -0.004 -10"><span class='ocrx_word' id='word_1_187' title='bbox 150 1680 293 1717; x_wconf 75' lang='lat' dir='ltr'>aetatis</span> <span class='ocrx_word' id='word_1_188' title='bbox 321 1678 585 1727; x_wconf 72' lang='lat' dir='ltr'>plenitudinis</span> <span class='ocrx_word' id='word_1_189' title='bbox 623 1676 787 1723; x_wconf 72' lang='lat' dir='ltr'>Chresti,</span> <span class='ocrx_word' id='word_1_190' title='bbox 820 1680 858 1713; x_wconf 86' lang='lat' dir='ltr'>et</span> <span class='ocrx_word' id='word_1_191' title='bbox 889 1674 983 1713; x_wconf 88' lang='lat' dir='ltr'>illud</span> <span class='ocrx_word' id='word_1_192' title='bbox 1016 1674 1198 1712; x_wconf 88' lang='lat' dir='ltr'>alterum:</span> <span class='ocrx_word' id='word_1_193' title='bbox 1236 1674 1341 1720; x_wconf 79' lang='lat' dir='ltr'>Quos</span> <span class='ocrx_word' id='word_1_194' title='bbox 1367 1685 1489 1723; x_wconf 82' lang='lat' dir='ltr'>prae-</span> 
     </span>
    </p>
   </div>
   <div class='ocr_carea' id='block_1_9' title="bbox 103 1731 1489 1784">
    <p class='ocr_par' dir='ltr' id='par_1_9' title="bbox 103 1731 1489 1784">
     <span class='ocr_line' id='line_1_30' title="bbox 103 1731 1489 1784; baseline -0.005 -8"><span class='ocrx_word' id='word_1_195' title='bbox 103 1745 120 1771; x_wconf 72' lang='grc' dir='ltr'>ῐι</span> <span class='ocrx_word' id='word_1_196' title='bbox 150 1739 365 1776; x_wconf 71' lang='lat' dir='ltr'>destinavit</span> <span class='ocrx_word' id='word_1_197' title='bbox 390 1734 614 1784; x_wconf 79' lang='lat' dir='ltr'>conformes</span> <span class='ocrx_word' id='word_1_198' title='bbox 636 1736 732 1781; x_wconf 70' lang='lat' dir='ltr'>fieri</span> <span class='ocrx_word' id='word_1_199' title='bbox 756 1735 941 1782; x_wconf 68' lang='lat' dir='ltr'>imayinis</span> <span class='ocrx_word' id='word_1_200' title='bbox 963 1735 1042 1780; x_wconf 72' lang='lat' dir='ltr'>felii</span> <span class='ocrx_word' id='word_1_201' title='bbox 1069 1734 1143 1780; x_wconf 75' lang='lat' dir='ltr'>sui,</span> <span class='ocrx_word' id='word_1_202' title='bbox 1176 1733 1232 1770; x_wconf 91' lang='lat' dir='ltr'>sic</span> <span class='ocrx_word' id='word_1_203' title='bbox 1263 1731 1489 1782; x_wconf 83' lang='lat' dir='ltr'>intellegen-</span> 
     </span>
    </p>
   </div>
   <div class='ocr_carea' id='block_1_10' title="bbox 83 2038 124 2067">
    <p class='ocr_par' dir='ltr' id='par_1_10' title="bbox 83 2038 124 2067">
     <span class='ocr_line' id='line_1_31' title="bbox 83 2038 124 2067; baseline -0.049 -2"><span class='ocrx_word' id='word_1_204' title='bbox 83 2038 100 2065; x_wconf 73' lang='lat'>3</span> <span class='ocrx_word' id='word_1_205' title='bbox 105 2038 124 2067; x_wconf 75' lang='lat' dir='ltr'>(J</span> 
     </span>
    </p>
   </div>
   <div class='ocr_carea' id='block_1_11' title="bbox 149 1790 1494 2077">
    <p class='ocr_par' dir='ltr' id='par_1_11' title="bbox 149 1790 1494 2077">
     <span class='ocr_line' id='line_1_32' title="bbox 149 1790 1492 1846; baseline -0.004 -12"><span class='ocrx_word' id='word_1_206' title='bbox 149 1795 242 1834; x_wconf 91' lang='lat' dir='ltr'>dum</span> <span class='ocrx_word' id='word_1_207' title='bbox 281 1800 357 1846; x_wconf 87' lang='lat' dir='ltr'>est,</span> <span class='ocrx_word' id='word_1_208' title='bbox 394 1799 439 1832; x_wconf 84' lang='lat' dir='ltr'>ut</span> <span class='ocrx_word' id='word_1_209' title='bbox 480 1792 628 1831; x_wconf 83' lang='lat' dir='ltr'>statura</span> <span class='ocrx_word' id='word_1_210' title='bbox 667 1798 705 1830; x_wconf 88' lang='lat' dir='ltr'>et</span> <span class='ocrx_word' id='word_1_211' title='bbox 743 1791 881 1830; x_wconf 83' lang='lat' dir='ltr'>modus</span> <span class='ocrx_word' id='word_1_212' title='bbox 920 1792 1096 1842; x_wconf 88' lang='lat' dir='ltr'>corporis</span> <span class='ocrx_word' id='word_1_213' title='bbox 1128 1790 1273 1830; x_wconf 86' lang='lat' dir='ltr'>Christi</span> <span class='ocrx_word' id='word_1_214' title='bbox 1305 1792 1492 1842; x_wconf 89' lang='lat' dir='ltr'>omnium,</span> 
     </span>
     <span class='ocr_line' id='line_1_33' title="bbox 151 1849 1490 1905; baseline -0.004 -13"><span class='ocrx_word' id='word_1_215' title='bbox 151 1855 217 1905; x_wconf 89' lang='lat' dir='ltr'>qui</span> <span class='ocrx_word' id='word_1_216' title='bbox 248 1855 289 1891; x_wconf 92' lang='lat' dir='ltr'>in</span> <span class='ocrx_word' id='word_1_217' title='bbox 321 1864 442 1903; x_wconf 90' lang='lat' dir='ltr'>reguo</span> <span class='ocrx_word' id='word_1_218' title='bbox 476 1853 560 1890; x_wconf 88' lang='lat' dir='ltr'>eius</span> <span class='ocrx_word' id='word_1_219' title='bbox 602 1857 734 1902; x_wconf 85' lang='lat' dir='ltr'>erunt,</span> <span class='ocrx_word' id='word_1_220' title='bbox 772 1850 1032 1889; x_wconf 86' lang='lat' dir='ltr'>humanorum</span> <span class='ocrx_word' id='word_1_221' title='bbox 1064 1861 1274 1900; x_wconf 89' lang='lat' dir='ltr'>corporum</span> <span class='ocrx_word' id='word_1_222' title='bbox 1306 1849 1356 1887; x_wconf 85' lang='lat' dir='ltr'>sit</span> <span class='ocrx_word' id='word_1_223' title='bbox 1386 1849 1490 1887; x_wconf 84' lang='lat' dir='ltr'>futu-</span> 
     </span>
     <span class='ocr_line' id='line_1_34' title="bbox 151 1906 1491 1964; baseline -0.004 -14"><span class='ocrx_word' id='word_1_224' title='bbox 151 1924 235 1950; x_wconf 89' lang='lat' dir='ltr'>rus:</span> <span class='ocrx_word' id='word_1_225' title='bbox 267 1911 423 1964; x_wconf 87' lang='lat' dir='ltr'>„Multis</span> <span class='ocrx_word' id='word_1_226' title='bbox 457 1911 542 1962; x_wconf 89' lang='lat' dir='ltr'>erit,</span> <span class='ocrx_word' id='word_1_227' title='bbox 574 1911 768 1960; x_wconf 86' lang='lat' dir='ltr'>inquiunt,</span> <span class='ocrx_word' id='word_1_228' title='bbox 801 1909 847 1947; x_wconf 93' lang='lat' dir='ltr'>de</span> <span class='ocrx_word' id='word_1_229' title='bbox 881 1907 1145 1959; x_wconf 85' lang='lat' dir='ltr'>magnitudine</span> <span class='ocrx_word' id='word_1_230' title='bbox 1179 1913 1217 1945; x_wconf 89' lang='lat' dir='ltr'>et</span> <span class='ocrx_word' id='word_1_231' title='bbox 1248 1906 1491 1958; x_wconf 89' lang='lat' dir='ltr'>longitudine</span> 
     </span>
     <span class='ocr_line' id='line_1_35' title="bbox 151 1966 1494 2019; baseline -0.004 -10"><span class='ocrx_word' id='word_1_232' title='bbox 151 1969 437 2009; x_wconf 85' lang='lat' dir='ltr'>detrahendum</span> <span class='ocrx_word' id='word_1_233' title='bbox 475 1969 669 2019; x_wconf 68' lang='lat' dir='ltr'>corporis,</span> <span class='ocrx_word' id='word_1_234' title='bbox 714 1973 753 2005; x_wconf 89' lang='lat' dir='ltr'>et</span> <span class='ocrx_word' id='word_1_235' title='bbox 789 1966 857 2006; x_wconf 87' lang='lat' dir='ltr'>ubi</span> <span class='ocrx_word' id='word_1_236' title='bbox 894 1968 970 2005; x_wconf 83' lang='lat' dir='ltr'>iam</span> <span class='ocrx_word' id='word_1_237' title='bbox 1011 1968 1102 2005; x_wconf 88' lang='lat' dir='ltr'>erit:</span> <span class='ocrx_word' id='word_1_238' title='bbox 1147 1967 1316 2015; x_wconf 77' lang='lat' dir='ltr'>capillus</span> <span class='ocrx_word' id='word_1_239' title='bbox 1347 1967 1494 2015; x_wconf 70' lang='lat' dir='ltr'>capitis</span> 
     </span>
     <span class='ocr_line' id='line_1_36' title="bbox 155 2025 1492 2077; baseline -0.005 -9"><span class='ocrx_word' id='word_1_240' title='bbox 155 2032 276 2067; x_wconf 67' lang='lat' dir='ltr'>cestre·</span> <span class='ocrx_word' id='word_1_241' title='bbox 318 2040 396 2067; x_wconf 87' lang='lat' dir='ltr'>non</span> <span class='ocrx_word' id='word_1_242' title='bbox 437 2028 606 2077; x_wconf 71' lang='lat' dir='ltr'>peribit,</span> <span class='ocrx_word' id='word_1_243' title='bbox 652 2027 684 2064; x_wconf 92' lang='lat' dir='ltr'>si</span> <span class='ocrx_word' id='word_1_244' title='bbox 728 2025 775 2063; x_wconf 89' lang='lat' dir='ltr'>de</span> <span class='ocrx_word' id='word_1_245' title='bbox 819 2027 902 2076; x_wconf 85' lang='lat' dir='ltr'>ipsa</span> <span class='ocrx_word' id='word_1_246' title='bbox 940 2026 1116 2076; x_wconf 85' lang='lat' dir='ltr'>corporis</span> <span class='ocrx_word' id='word_1_247' title='bbox 1156 2025 1370 2075; x_wconf 82' lang='lat' dir='ltr'>quantitate</span> <span class='ocrx_word' id='word_1_248' title='bbox 1412 2028 1492 2062; x_wconf 83' lang='lat' dir='ltr'>tam</span> 
     </span>
    </p>
   </div>
   <div class='ocr_carea' id='block_1_12' title="bbox 247 2125 1283 2171">
    <p class='ocr_par' dir='ltr' id='par_1_12' title="bbox 247 2125 1283 2171">
     <span class='ocr_line' id='line_1_37' title="bbox 247 2125 1283 2171; baseline -0.006 -7"><span class='ocrx_word' id='word_1_249' title='bbox 247 2134 280 2170; x_wconf 77' lang='lat'>7)</span> <span class='ocrx_word' id='word_1_250' title='bbox 307 2129 367 2164; x_wconf 81' lang='lat' dir='ltr'>Le.</span> <span class='ocrx_word' id='word_1_251' title='bbox 396 2133 450 2171; x_wconf 76' lang='lat'>21,</span> <span class='ocrx_word' id='word_1_252' title='bbox 482 2131 533 2163; x_wconf 77' lang='lat' dir='ltr'>is.</span> <span class='ocrx_word' id='word_1_253' title='bbox 586 2128 642 2169; x_wconf 80' lang='lat'>24)</span> <span class='ocrx_word' id='word_1_254' title='bbox 670 2126 763 2170; x_wconf 83' lang='lat' dir='ltr'><strong>Eph.</strong></span> <span class='ocrx_word' id='word_1_255' title='bbox 790 2130 822 2169; x_wconf 85' lang='lat'>4,</span> <span class='ocrx_word' id='word_1_256' title='bbox 852 2130 904 2161; x_wconf 85' lang='lat'>13.</span> <span class='ocrx_word' id='word_1_257' title='bbox 956 2128 1013 2169; x_wconf 83' lang='lat'>25)</span> <span class='ocrx_word' id='word_1_258' title='bbox 1038 2125 1140 2160; x_wconf 85' lang='lat' dir='ltr'>Rom.</span> <span class='ocrx_word' id='word_1_259' title='bbox 1170 2128 1202 2167; x_wconf 82' lang='lat'>8,</span> <span class='ocrx_word' id='word_1_260' title='bbox 1229 2127 1283 2159; x_wconf 78' lang='lat'>29.</span> 
     </span>
    </p>
   </div>
   <div class='ocr_carea' id='block_1_13' title="bbox 153 2251 1493 2346">
    <p class='ocr_par' dir='ltr' id='par_1_13' title="bbox 153 2251 1493 2346">
     <span class='ocr_line' id='line_1_38' title="bbox 248 2251 1493 2301; baseline -0.005 -10"><span class='ocrx_word' id='word_1_261' title='bbox 248 2261 291 2291; x_wconf 74' lang='lat'>22</span> <span class='ocrx_word' id='word_1_262' title='bbox 318 2257 477 2301; x_wconf 73' lang='lat' dir='ltr'>recipiat</span> <span class='ocrx_word' id='word_1_263' title='bbox 502 2256 574 2297; x_wconf 84' lang='lat' dir='ltr'>R¹;</span> <span class='ocrx_word' id='word_1_264' title='bbox 600 2255 755 2300; x_wconf 73' lang='lat' dir='ltr'>recipiet</span> <span class='ocrx_word' id='word_1_265' title='bbox 780 2254 891 2289; x_wconf 62' lang='lat' dir='ltr'><em>R2A=v</em></span> <span class='ocrx_word' id='word_1_266' title='bbox 911 2256 922 2298; x_wconf 87' lang='grc' dir='ltr'>ΙΙ</span> <span class='ocrx_word' id='word_1_267' title='bbox 942 2258 985 2288; x_wconf 67' lang='grc'>25</span> <span class='ocrx_word' id='word_1_268' title='bbox 1012 2254 1091 2288; x_wconf 85' lang='lat' dir='ltr'>fieri</span> <span class='ocrx_word' id='word_1_269' title='bbox 1116 2252 1151 2287; x_wconf 85' lang='lat' dir='ltr'><em>R</em></span> <span class='ocrx_word' id='word_1_270' title='bbox 1173 2252 1327 2287; x_wconf 72' lang='lat' dir='ltr'>olm-om.</span> <span class='ocrx_word' id='word_1_271' title='bbox 1354 2251 1493 2286; x_wconf 80' lang='lat' dir='ltr'>Amiat.</span> 
     </span>
     <span class='ocr_line' id='line_1_39' title="bbox 153 2303 652 2346; baseline -0.004 -8"><span class='ocrx_word' id='word_1_272' title='bbox 153 2304 264 2338; x_wconf 73' lang='lat' dir='ltr'>Fum.</span> <span class='ocrx_word' id='word_1_273' title='bbox 291 2305 392 2346; x_wconf 79' lang='lat'><em>(593,</em></span> <span class='ocrx_word' id='word_1_274' title='bbox 419 2307 477 2346; x_wconf 56' lang='grc' dir='ltr'>(ὓς</span> <span class='ocrx_word' id='word_1_275' title='bbox 503 2313 568 2337; x_wconf 88' lang='lat' dir='ltr'>om.</span> <span class='ocrx_word' id='word_1_276' title='bbox 595 2303 652 2336; x_wconf 80' lang='grc' dir='ltr'>Αυ</span> 
     </span>
    </p>
   </div>
  </div>
 </body>
</html>
