1548 2562
451 194 502 218 DE
522 193 711 219 CIVITATE
731 195 799 220 Dm
818 195 851 220 L.
872 196 952 221 XXI.
972 196 1001 221 o.
1022 197 1063 222 24.
1330 188 1416 229 533

85 295 208 332 usque
246 281 292 319 ad
330 281 391 319 illa
433 283 641 332 impiorum
680 289 872 322 tormenta
904 285 1155 337 protendere,
1194 285 1328 324 saltem
1361 288 1416 324 sic

84 340 327 391 intellegant,
369 345 412 378 ut
449 346 628 378 manente
668 342 707 378 in
746 342 801 379 eis
839 343 895 379 ira
928 342 1013 394 Dei,
1051 355 1148 393 quae
1185 345 1224 381 in
1257 349 1415 382 aeterno

85 404 144 436 est
174 399 446 449 praenuntiata
480 398 682 451 supplicio,
713 411 791 437 non
824 402 1020 439 contineat
1051 401 1154 439 Deus
1185 403 1225 439 in
1258 402 1328 440 hac
1360 403 1417 439 ira

84 469 152 495 sua
196 457 467 494 miserationes
512 468 601 494 suas
646 462 684 495 et
727 458 841 495 faciat
884 470 950 496 eos
994 471 1071 497 non
1115 465 1221 498 tanta
1275 466 1416 510 quanta

83 515 189 565 digni
220 519 312 553 sunt
342 526 556 564 poenarum
588 516 788 553 atrocitate
822 518 1005 568 cruciari3
1046 530 1123 555 non
1156 524 1199 556 ut
1231 530 1294 556 eas
1326 530 1416 569 poe-

83 585 152 611 nas
190 572 249 610 vel
288 584 497 622 numquam
537 572 701 611 subeant
739 573 797 611 vel
835 574 1039 624 aliquando
1077 576 1229 628 finiant,
1273 577 1341 615 sed
1373 582 1417 615 ut

83 643 147 669 eas
180 632 354 669 mitiores
387 642 501 680 quam
534 632 671 669 merita
704 637 795 669 sunt
826 644 962 671 eorum
993 633 1237 684 levioresque
1270 636 1415 685 patian-

82 695 158 728 tur.
221 688 285 727 Sic
329 689 432 726 enim
477 694 514 726 et
552 690 609 726 ira
649 688 717 727 Dei
754 690 941 742 manebit,
980 697 1018 729 et
1055 694 1093 730 in
1132 694 1214 742 ipsa
1252 694 1308 731 ira
1347 704 1416 731 sua

82 748 353 785 miserationes
386 758 474 784 suas
507 759 583 784 non
612 748 837 787 continebit.
897 749 1008 794 Quod
1036 750 1192 800 quidem
1219 763 1297 789 non
1328 751 1415 789 ideo

83 806 287 855 confirmo,
321 806 503 855 quoniam
535 817 613 843 non
644 808 796 844 resist0.

199 863 382 902 Ceterum
410 875 488 910 eOS,
520 865 586 912 qui
612 869 750 914 putant
781 866 984 903 minaciter
1011 868 1141 916 potius
1169 879 1284 916 quam
1310 880 1416 906 vera-

82 924 180 960 citer
212 922 376 960 dictum:
414 922 616 959 Discedere
648 934 673 960 a
704 934 775 969 me,
806 925 1020 971 maledieti,
1054 927 1092 962 in
1126 927 1255 972 ifflzem
1287 931 1414 964 aeter-

82 993 192 1031 num,
225 986 280 1019 et:
312 980 433 1018 Ibunt
463 982 530 1017 isti
560 982 600 1017 in
631 983 867 1029 supplicium
899 987 1122 1029 aeternum,
1157 988 1212 1021 et:
1250 984 1414 1022 Crucia-

82 1040 231 1077 buntur
270 1041 310 1077 in
346 1040 511 1076 saecula
546 1041 820 1085 saeculorum,
866 1045 921 1077 et:
975 1040 1125 1078 Vermis
1163 1053 1300 1080 eorum
1338 1054 1415 1080 mm

81 1100 251 1136 moritur
290 1100 328 1134 et
359 1098 462 1143 {onis
499 1107 577 1134 non
616 1099 882 1145 επίὶηρῑιίῑῑιν,
922 1103 960 1135 et
992 1104 1121 1136 cetera
1153 1099 1269 1137 huius
1301 1099 1416 1151 modi,

82 1167 158 1193 non
185 1160 262 1193 tam
289 1166 372 1206 ego,
404 1166 517 1204 quam
544 1154 626 1204 ipsa
659 1156 852 1205 scriptura
885 1156 1011 1193 divina
1044 1157 1266 1207 planissime
1300 1165 1414 1208 atque

80 1213 303 1263 plenissime
337 1212 536 1262 redarguit
575 1224 618 1250 ac
651 1213 804 1251 refellit.
865 1214 1064 1252 Ninevitae
1098 1217 1241 1265 quippe
1273 1217 1313 1254 in
1345 1216 1415 1254 hac

81 1273 156 1310 vita
182 1276 348 1321 egerunt
373 1272 648 1320 paenitentiam
676 1276 714 1309 et
738 1271 825 1309 ideo
853 1272 1103 1324 fructuosam,
1136 1273 1240 1311 velut
1270 1275 1310 1312 in
1342 1273 1415 1312 hoc

81 1342 172 1380 agro
194 1331 442 1379 seminanteS,
474 1330 512 1366 in
540 1341 615 1378 quo
637 1328 740 1367 Deus
767 1329 886 1368 voluit
911 1343 1000 1368 cum
1026 1331 1195 1369 lacrimis
1222 1334 1416 1384 seminari,

82 1388 183 1438 quod
216 1392 351 1438 postea
383 1398 470 1424 cum
504 1386 646 1424 laetitia
679 1393 911 1440 meteretur3
949 1394 989 1426 et
1019 1394 1147 1427 tamen
1181 1391 1269 1439 quis
1301 1402 1414 1441 nega-

80 1446 148 1497 bit,
181 1445 284 1496 quod
311 1445 497 1482 Dominus
529 1445 720 1495 praedixit
751 1447 790 1483 in
823 1448 878 1483 eis
910 1447 1030 1484 fuisse
1063 1447 1310 1500 completum,
1341 1450 1416 1487 nisi

80 1516 218 1556 parum
259 1503 450 1554 advertat,
489 1515 605 1552 quem
646 1504 692 1541 ad
733 1504 889 1542 modum
927 1510 1152 1555 peccatores
1193 1505 1296 1544 Deus
1337 1519 1414 1545 non

81 1562 207 1601 solum
238 1563 373 1612 iratus,
405 1573 540 1599 verum
568 1562 683 1598 etiam
710 1563 916 1601 miseratus
949 1561 1124 1601 evertat?
1174 1563 1414 1603 Evertuntur

80 1622 184 1659 enim
221 1626 447 1671 peccatores
488 1618 640 1657 duobus
682 1620 822 1671 modis,
861 1626 927 1659 aut
959 1623 1060 1659 sicut
1093 1621 1333 1674 Sodomitae,
1371 1629 1415 1662 ut

79 1691 151 1730 pro
183 1679 353 1730 peccatis
386 1678 466 1716 suis
498 1678 572 1727 ipsi
604 1677 781 1716 homines
812 1681 1036 1730 puniantur,
1068 1684 1134 1717 aut
1166 1681 1267 1718 sicut
1298 1680 1413 1719 Nine-

80 1739 200 1788 vitae,
244 1742 287 1775 ut
323 1737 405 1786 ipsa
443 1735 644 1773 hominum
682 1743 839 1786 peccata
876 1738 1109 1787 paenitendo
1151 1738 1414 1777 destruantur.

80 1795 239 1833 Factum
273 1799 332 1832 est
371 1806 462 1844 ergo
503 1794 606 1844 quod
638 1794 830 1844 praedixit
861 1795 981 1847 Deus,
1014 1808 1148 1833 eversa
1180 1801 1239 1834 est
1269 1796 1414 1835 Nineve

81 1865 178 1903 quae
221 1852 317 1890 mala
357 1858 463 1904 erat,
508 1857 547 1890 et
586 1851 686 1890 bona
723 1853 920 1891 aedificata
962 1859 1022 1892 est
1063 1866 1159 1904 quae
1202 1866 1279 1892 non
1321 1861 1414 1893 erat.

81 1911 283 1950 Stantihus
322 1911 425 1948 enim
463 1909 668 1948 moenibus
709 1916 823 1961 atque
857 1912 1036 1950 domibus
1068 1924 1201 1950 eversa
1234 1918 1292 1950 est
1324 1914 1413 1951 civi-

79 1975 138 2008 tas
170 1971 209 2007 in
241 1969 404 2020 perditis
436 1968 622 2007 moribus.
684 1969 737 2007 Ac
769 1971 837 2021 sic,
869 1972 1042 2020 quamvis
1075 1970 1263 2021 propheta
1296 1971 1414 2009 suerit

81 2029 354 2079 contristatus,
399 2028 487 2077 quia
525 2039 604 2064 non
641 2033 701 2065 est
739 2028 882 2065 sactum
920 2028 1021 2078 quod
1062 2028 1116 2066 illi
1154 2028 1329 2067 homines
1368 2030 1413 2067 ti-

176 2130 231 2172 14)
257 2128 370 2172 Apoc.
392 2131 448 2169 20,
476 2131 529 2161 10.
571 2129 628 2169 15)
648 2128 744 2162 Esai.
767 2132 822 2172 66,
849 2132 907 2171 243
934 2129 1000 2162 Mr.
1022 2132 1054 2172 9,
1074 2132 1120 2162 44
1140 2139 1219 2172 sqq.
1261 2130 1317 2172 18)
1338 2129 1412 2164 Ion.

79 2179 111 2217 3,
139 2179 157 2209 7
186 2186 262 2218 sqq.
314 2176 372 2217 20)
398 2173 453 2207 Ps.
483 2177 559 2217 125,
586 2178 616 2208 6.

176 2306 217 2337 15
244 2303 398 2337 moritur
428 2303 577 2346 scripsi5
608 2302 787 2337 morietur
811 2302 905 2337 RAv
924 2304 936 2348 ΙΙ
955 2302 1181 2347 extinguitur
1205 2302 1262 2345 R,·
1294 2303 1411 2338 extin—

79 2351 213 2393 guetur
237 2350 295 2383 Av
319 2350 379 2393 (cf.
408 2352 492 2392 508,
519 2353 539 2384 5
565 2359 658 2393 sqq.,·
684 2352 764 2392 543,
790 2353 828 2392 1)

1445 817 1486 848 10

1445 1107 1486 1138 15

1442 1398 1486 1430 20

1442 1689 1484 1720 25

1440 1980 1483 2010 30
