1611 2465
76 755 118 785 10

76 1047 117 1077 15

76 1338 120 1368 ’ΖΟ

79 1630 120 1659 25

77 1921 120 1951 30

144 122 229 163 492
685 131 710 156 s.
731 130 948 157 AUGUSTINI

146 227 275 260 torum
315 227 354 259 et
390 222 478 271 igne
517 221 684 258 animam
723 232 799 257 non
839 221 1018 258 amittant
1055 226 1093 258 et
1131 221 1213 259 sine
1247 221 1481 260 detrimento

145 279 306 318 ardeant
331 284 370 317 et
396 281 478 317 sine
505 279 668 317 interitu
695 275 877 316 doleant?
927 277 1093 316 Habebit
1118 280 1221 317 enim
1248 284 1341 318 tunc
1366 280 1481 318 istam

145 339 272 377 carnis
299 336 514 376 substantia
541 336 766 387 qualitatem
800 336 846 374 ab
872 336 936 374 illo
963 336 1135 389 inditam,
1169 339 1236 388 qui
1261 343 1339 376 tam
1364 339 1482 376 miras

145 402 183 434 et
215 397 338 434 varias
377 401 433 434 tot
471 394 590 433 rebus
622 395 779 447 indidit,
824 407 919 445 quas
958 395 1155 447 videnum,
1192 401 1236 434 ut
1267 408 1353 448 eas,
1393 397 1483 447 quia

144 454 287 492 multae
320 459 424 505 sunt,
456 466 533 491 non
560 455 760 491 miremur.
823 452 918 498 Quis
951 454 1054 492 enim
1087 455 1162 492 nisi
1192 453 1296 493 Deus
1328 460 1482 493 creator

144 514 318 550 omnium
345 512 451 550 dedit
477 513 583 550 carni
616 512 776 562 pavonis
808 514 952 550 mortui
983 524 1031 550 ne
1064 510 1320 563 putesceret?
1370 513 1481 558 Quod

145 583 235 609 cum
274 570 408 609 auditu
446 570 676 609 incredibile
714 569 926 621 videretur,
958 572 1087 608 evenit
1118 577 1163 609 ut
1194 570 1296 622 apud
1323 571 1481 610 Cartha-

144 631 273 680 ginem
299 628 412 667 nobis
439 634 549 667 cocta
575 634 839 680 apponeretur
864 628 960 667 haec
987 630 1078 680 avis,
1110 629 1157 667 de
1184 631 1297 668 cuius
1322 635 1483 681 pectore

142 687 368 738 pulparum,
407 693 595 738 quantum
633 688 759 725 visum
797 693 873 738 cst,
911 686 1141 738 decerptum
1186 689 1333 726 servari
1368 689 1482 727 iussi-

144 758 249 798 mus3
283 745 385 796 quod
417 751 506 797 post
531 745 684 784 dierum
715 750 867 783 tantum
899 746 1080 797 spatium,
1112 751 1255 796 quanto
1289 746 1360 784 alia
1392 759 1482 785 caro

144 816 414 854 quaecumque
461 810 570 842 cocta
618 809 862 856 putesceret,
908 804 1104 855 prolatum
1147 810 1263 855 atque
1311 804 1484 844 oblatum

144 862 240 901 nihil
271 869 451 901 nostrum
483 862 644 901 offendit
682 862 877 901 olfactum.
939 862 1115 913 Itemque
1149 865 1365 913 repositum
1395 869 1484 915 post

144 921 227 959 dies
260 921 424 972 amplius
457 933 572 972 quam
604 922 763 971 triginta
794 921 896 959 idem
930 921 1033 972 quod
1066 927 1148 959 erat
1179 923 1380 961 inventum
1413 928 1483 975 est,

143 979 324 1030 idemque
366 985 456 1030 post
494 991 656 1031 annum,
693 981 768 1017 nisi
808 979 911 1030 quo'd
944 979 1185 1030 aliquantum
1217 980 1482 1031 corpulentiae

145 1039 320 1076 siccioris
354 1043 393 1076 et
425 1039 697 1076 contractioris
738 1038 821 1076 fuit.
884 1037 980 1083 Quis
1011 1037 1144 1089 paleae
1177 1038 1283 1077 dedit
1314 1038 1374 1077 vel
1405 1045 1483 1078 tam

144 1096 322 1146 frigidam
354 1097 449 1148 vim,
488 1101 532 1134 ut
563 1095 722 1134 obrutas
754 1097 863 1134 nives
897 1102 1042 1148 servet,
1083 1096 1142 1134 vel
1174 1102 1251 1135 tam
1284 1097 1483 1149 fervidam,

143 1160 186 1193 ut
217 1166 332 1205 poma
362 1156 556 1193 inmatura
588 1151 784 1193 maturet?

262 1212 316 1250 De
343 1214 427 1263 ipso
454 1214 542 1263 igne
569 1214 666 1250 mira
698 1214 785 1262 quis
819 1212 995 1263 explicet,
1029 1224 1105 1263 quo
1138 1225 1314 1264 quaeque
1347 1214 1483 1253 adusta

144 1273 391 1322 nigrescunt,
433 1283 522 1309 cum
562 1272 645 1321 ipse
685 1272 735 1308 sit
765 1271 934 1322 lucidus,
974 1276 1013 1309 et
1043 1283 1165 1322 paene
1199 1273 1345 1324 omnia,
1384 1284 1481 1323 quae

147 1328 267 1367 ambit
305 1334 343 1367 et
374 1328 525 1380 lambit,
564 1328 693 1367 colore
732 1329 1022 1380 pulcherrimus
1060 1329 1258 1368 decolorat
1288 1335 1403 1381 atque
1436 1343 1482 1369 ex

145 1399 271 1438 pruna
308 1386 452 1437 fulgida
491 1386 701 1425 carbonem
743 1389 1012 1426 taeterrimum
1050 1385 1210 1426 reddit?
1270 1387 1405 1439 Neque
1443 1389 1482 1427 id

146 1447 256 1496 quasi
295 1445 528 1495 regulariter
566 1445 769 1483 definitum
808 1451 884 1497 est3
922 1458 1011 1484 nam
1049 1458 1069 1484 6
1108 1448 1303 1485 contrario
1335 1447 1482 1498 lapides

145 1506 232 1554 igne
272 1504 461 1542 candente
499 1505 674 1554 percocti
713 1509 751 1542 et
788 1505 862 1555 ipsi
898 1504 997 1542 fiunt
1029 1504 1199 1556 candidi,
1238 1510 1276 1542 et
1308 1507 1482 1555 quamvis

146 1564 266 1612 magis
299 1562 361 1600 ille
393 1561 549 1614 rubeat,
587 1561 643 1600 illi
675 1561 859 1614 albicent,
897 1564 1078 1613 congruit
1109 1569 1238 1601 tamen
1269 1562 1347 1601 luci
1379 1564 1482 1614 quod

148 1620 277 1658 album
317 1626 395 1672 est,
434 1622 536 1659 sicut
573 1622 729 1671 nigrum
768 1620 950 1659 tenebris.
1013 1620 1109 1659 Cum
1147 1622 1277 1672 itaque
1311 1623 1410 1672 ignis
1442 1623 1482 1662 in

146 1679 260 1729 lignis
299 1679 448 1730 ardeat,
487 1684 530 1717 ut
561 1679 707 1729 lapides
741 1685 898 1731 coquat,
937 1681 1154 1718 contrarios
1186 1679 1303 1718 habet
1333 1692 1411 1718 non
1442 1682 1482 1720 in

147 1738 354 1775 contrariis
392 1736 511 1775 rebus
550 1737 723 1776 effectus.
786 1737 870 1776 Etsi
910 1738 1014 1776 enim
1046 1737 1191 1788 lapides
1223 1743 1262 1776 et
1293 1737 1395 1789 ligna
1427 1738 1481 1778 di-

147 1807 258 1833 versa
291 1800 394 1847 sunt,
427 1796 621 1834 contraria
654 1801 783 1834 tamen
816 1807 893 1833 non
925 1802 1028 1847 sunt,
1061 1797 1163 1834 sicut
1193 1795 1323 1834 album
1355 1802 1394 1835 ct
1425 1799 1480 1836 ni-

147 1865 272 1906 grum,
304 1865 472 1904 quorum
504 1855 542 1891 in
575 1853 767 1904 lapidibus
799 1866 922 1891 unum
955 1854 1056 1906 facit,
1087 1853 1252 1892 alterum
1284 1855 1324 1892 in
1355 1854 1481 1907 lignis,

147 1912 275 1950 clarus
313 1911 398 1950 illos
438 1911 670 1963 clarificans,
713 1912 807 1949 haec
839 1913 1052 1963 offuscans,
1091 1924 1179 1950 cum
1211 1914 1250 1950 in
1284 1911 1357 1950 illis
1390 1912 1480 1951 defi-

147 1975 272 2022 ceret,
316 1971 391 2008 nisi
432 1971 471 2008 in
510 1971 594 2008 istis
632 1971 788 2008 viveret.
851 1969 970 2022 Quid,
1007 1971 1047 2008 in
1085 1969 1320 2008 carbonibus
1351 1982 1480 2010 nonne

147 2028 321 2066 miranda
354 2033 414 2066 est
440 2033 478 2066 et
504 2033 609 2066 tanta
641 2028 857 2079 infirmitas,
890 2033 933 2066 ut
963 2029 1043 2066 ictu
1076 2028 1269 2066 levissimo
1303 2028 1479 2080 frangan-
1518 2068 1520 2070 ,

149 2091 228 2136 tur,
275 2098 414 2137 pressu
452 2085 633 2124 facillimo
675 2091 949 2137 conterantur,
993 2091 1031 2124 et
1070 2091 1174 2124 tanta
1214 2086 1394 2139 firmitas,
1439 2093 1482 2126 ut

147 2144 250 2181 nullo
291 2156 426 2182 umore
465 2150 786 2195 corrumpantur,
818 2144 921 2182 nulla
953 2149 1077 2183 aetate
1111 2146 1325 2197 vincantur,
1356 2157 1480 2196 usque

243 2294 259 2324 1
287 2291 323 2324 et
348 2290 386 2324 in
411 2292 495 2335 igne
522 2302 541 2325 v
560 2292 572 2334 ΙΙ
591 2295 611 2325 6
638 2292 864 2335 putresceret
888 2301 906 2325 v
927 2292 977 2334 117
1005 2290 1134 2325 auditu
1159 2290 1214 2333 R;
1239 2311 1283 2316 —
1308 2292 1387 2326 tum
1412 2302 1433 2326 v
