1611 2465
103 714 144 744 10

101 1006 143 1036 15

101 1590 145 1620 25

99 1881 144 1911 30

176 83 256 123 154
492 114 496 117 ,
715 90 741 115 5.
761 89 979 115 AUGUSTINI

171 180 386 220 secundum
426 180 621 217 bominem
660 180 895 230 viventium,
934 177 1005 217 sub
1044 178 1240 217 dominatu
1280 178 1506 229 angelorum

172 240 419 278 desertorum
451 240 641 287 insignius
681 237 911 287 excellebat,
955 248 1073 287 regna
1106 237 1283 275 videlieet
1316 239 1405 288 tria,
1447 237 1504 275 Si-

172 300 420 349 cyoniorum,
465 296 762 347 Aegyptiorum,
806 295 1064 345 Assyriorum.
1140 295 1214 333 Sed
1260 296 1505 346 Assyriorum

174 357 294 394 multo
323 361 405 393 erat
430 356 629 405 potentius
656 360 771 404 atque
799 353 1014 392 sublimius.
1075 353 1170 392 Nam
1198 366 1265 392 rex
1290 354 1355 391 ille
1382 353 1505 392 Ninus

172 414 253 452 Beli
286 414 386 452 lilius
420 418 581 463 excepta
613 412 719 451 ludia
751 414 953 451 universae
986 412 1096 450 Asiae
1129 412 1293 463 populos
1325 412 1503 463 subiuga-

172 479 288 511 verat.
351 472 479 509 Asiam
524 483 627 509 nunc
672 471 758 509 dieo
804 483 880 508 11011
924 470 1025 509 illam
1063 477 1214 521 partem
1253 482 1350 521 quae
1390 470 1505 509 liuius

172 532 328 569 maioris
360 530 471 568 Asiae
510 542 586 567 una
623 531 820 580 provincia
863 535 938 580 est,
977 529 1044 567 sed
1077 541 1161 566 eam
1194 541 1291 579 quae
1325 531 1505 567 universa

171 591 258 627 Asia
298 595 564 639 nuncupatur,
603 600 717 638 quam
756 588 912 638 quidam
950 589 989 625 in
1021 587 1139 626 altera
1173 588 1358 640 duarum,
1389 587 1504 638 pleri-

172 660 246 698 que
280 653 409 686 autem
440 649 479 685 in
512 648 626 684 tertia
658 649 777 685 totius
810 645 915 683 orbis
947 651 1054 696 parte
1087 652 1322 698 posuerunt,
1354 652 1398 684 ut
1429 647 1506 684 sint

172 718 306 744 omnes
333 706 432 756 Asia,
464 705 618 756 Europa
651 711 689 743 et
715 706 858 756 Afriea;
893 705 995 754 quod
1028 716 1104 742 nou
1137 704 1285 755 aequali
1318 704 1505 742 divisione

171 765 360 803 fecerunt.
422 763 595 814 Namque
628 765 713 815 ista,
746 775 843 813 quae
877 763 964 800 Asia
997 769 1258 815 nuncupatur,
1290 775 1310 801 a
1342 763 1503 801 meridie

170 836 241 874 per
279 824 470 861 orientem
509 834 633 872 usque
678 822 724 860 ad
763 823 1071 872 septentrionem
1110 823 1303 873 pervenit3
1348 821 1504 872 Europa

170 894 262 920 vero
307 894 326 919 a
377 882 643 932 septentrione
689 892 813 930 usque
858 880 903 918 ad
949 880 1211 931 occidentem,
1256 886 1370 930 atque
1415 880 1504 918 inde

171 942 298 978 Africa
337 939 382 977 ab
421 939 622 977 occidente
661 951 785 989 usque
824 938 869 977 ad
910 938 1122 976 meridiem.
1185 938 1293 976 Unde
1325 939 1506 977 videntur

171 998 306 1037 orbem
351 998 551 1037 dimidium
597 997 694 1035 duae
739 1003 893 1049 tenere,
936 997 1090 1048 Europa
1129 1002 1167 1035 et
1199 997 1344 1049 Africa,
1389 997 1505 1035 alium

172 1069 261 1095 vero
308 1057 509 1095 dimidium
555 1056 634 1094 sola
678 1056 776 1093 Asia.
852 1055 927 1093 Sed
972 1055 1058 1093 ideo
1103 1055 1187 1093 illae
1233 1055 1331 1094 duae
1374 1062 1505 1106 partes

172 1116 291 1154 saetae
331 1120 442 1167 sunt,
483 1116 571 1165 quia
609 1116 711 1152 inter
751 1120 956 1164 utramque
994 1113 1040 1152 ab
1080 1113 1234 1152 Oceano
1274 1114 1504 1166 ingreditur,

171 1173 356 1224 quidquid
396 1185 583 1223 aquarum
622 1179 746 1211 terras
778 1173 970 1223 interluit,
1010 1178 1048 1210 et
1080 1172 1153 1210 hoe
1186 1184 1290 1211 mare
1324 1185 1504 1223 magnum

172 1232 282 1270 nobis
315 1233 415 1270 l'aeit.
479 1231 725 1282 Quapropter
757 1232 790 1269 si
821 1233 859 1268 in
893 1231 988 1269 duas
1020 1236 1149 1281 partes
1181 1231 1315 1269 orbem
1348 1231 1505 1283 dividas,

172 1291 343 1329 Orientis
375 1296 414 1329 et
446 1290 693 1341 Occidentis,
737 1289 825 1327 Asia
858 1291 932 1327 erit
968 1291 1007 1327 in
1046 1301 1146 1341 una,
1190 1291 1229 1327 in
1262 1289 1380 1327 altera
1413 1302 1503 1328 vero

172 1349 329 1400 Europa
361 1354 400 1387 et
431 1349 569 1386 Africa.
632 1348 755 1393 Quam
788 1347 836 1385 ob
869 1359 952 1385 rem
984 1349 1102 1386 trium
1134 1360 1362 1400 regnorum,
1406 1360 1503 1398 quae

172 1414 265 1445 tune
309 1406 617 1458 praecellebant,
661 1406 930 1457 Sicyoniorum
976 1418 1053 1444 non
1092 1412 1175 1444 erat
1213 1406 1284 1444 sub
1325 1407 1504 1457 AssyriiS,

172 1467 261 1516 quia
299 1467 338 1503 in
377 1465 533 1515 Europa
575 1470 683 1515 sunt3
722 1465 998 1514 Aegyptiorum
1031 1470 1159 1502 autem
1193 1477 1269 1514 quo
1302 1464 1414 1502 modo
1448 1466 1503 1503 eis

172 1536 249 1562 non
282 1523 524 1574 subiacebat,
557 1535 576 1560 a
610 1523 751 1573 quibus
784 1529 861 1560 tota
894 1523 981 1560 Asia
1015 1522 1231 1574 tenebatur,
1264 1523 1355 1561 solis
1387 1523 1503 1571 Indis,

174 1589 217 1621 ut
255 1581 503 1633 perhibetur,
547 1579 747 1632 exeeptis?
790 1581 832 1618 Iu
874 1581 1030 1632 Assyria
1078 1582 1197 1631 igitur
1238 1581 1504 1631 praevaluerat

172 1641 391 1679 dominatus
425 1641 562 1690 impiae
597 1641 781 1691 eivitatis3
820 1639 936 1677 buius
969 1645 1084 1690 eaput
1115 1645 1198 1677 erat
1229 1639 1291 1677 illa
1322 1639 1503 1692 Babylon,

171 1701 283 1737 euius
326 1700 543 1747 terrigenae
586 1699 754 1735 civitatis
792 1710 932 1735 nomen
974 1699 1217 1748 aptissimum
1255 1703 1330 1750 est,
1368 1697 1406 1736 id
1444 1703 1505 1736 est

172 1758 360 1795 confusio
423 1756 479 1793 lbi
506 1758 580 1793 iam
607 1755 730 1793 Ninus
758 1755 942 1806 regnabat
972 1762 1061 1806 post
1092 1762 1256 1794 mortem
1289 1757 1410 1806 patris
1443 1758 1503 1794 sui

172 1815 265 1867 Beli,
298 1816 364 1865 qui
391 1815 541 1864 primus
568 1813 644 1851 illie
678 1820 904 1863 regnaverat
936 1815 1132 1863 sexaginta
1165 1816 1336 1864 quinque
1369 1826 1501 1852 3111105.

171 1873 291 1911 Filius
330 1885 421 1910 vero
461 1874 545 1910 eius
582 1872 726 1922 Ninus,
771 1873 837 1921 qui
876 1871 1060 1910 defuncto
1098 1873 1198 1922 patri
1236 1874 1425 1910 suecessit
1462 1874 1501 1911 in

170 1944 346 1983 regnum,
379 1931 657 1981 quinquaginta
691 1929 788 1967 duos
822 1931 995 1979 regnavit
1026 1941 1164 1981 annos,
1197 1936 1235 1967 et
1268 1930 1432 1968 babebat
1462 1932 1501 1969 in

170 2002 288 2040 regno
328 1989 580 2040 ‹⁷1uadragiuta
621 1993 718 2039 tres,
757 1988 909 2038 quando
952 1993 1064 2027 natus
1097 1993 1156 2026 est
1188 1987 1396 2036 Abrabam,
1436 1990 1503 2039 qui

262 2092 296 2133 8)
325 2089 410 2123 Sall.
439 2090 512 2133 lug.
543 2093 594 2123 17.

262 2210 304 2239 2⁶2
339 2205 471 2248 sicyon.
515 2205 675 2247 VRFL‚·
707 2204 847 2240 seilicet
879 2204 1023 2249 Sicyon.
1051 2216 1070 2239 v
1090 2207 1101 2249 ΙΙ
1121 2210 1162 2239 31
1198 2205 1267 2240 duo
1303 2205 1335 2239 V
1356 2208 1433 2248 (73,
1461 2209 1502 2247 7;

168 2256 248 2296 140,
275 2257 362 2296 223),-
389 2252 478 2285 duos
498 2262 518 2285 v
