1548 2562
435 177 487 202 DE
508 176 696 203 CIVITATE
716 177 785 201 DEI
804 177 836 201 L.
856 177 937 202 XXI.
957 176 987 201 c,
1007 178 1048 201 24.
1325 166 1410 207 535

82 266 404 316 manifestabitur
438 268 571 314 =(florid
610 271 689 304 tua.
751 265 806 303 Ita
843 265 996 316 perficit
1033 264 1210 303 Christus
1251 264 1411 302 multam

82 325 369 364 multitudinem
401 324 617 362 dulcedinis
649 335 740 362 suae
775 320 1021 374 sperantibus
1054 324 1093 361 in
1126 334 1227 361 eum.
1288 322 1411 360 Porro

81 389 209 422 autem
248 384 280 421 si
318 394 421 434 eam,
458 394 573 432 quam
611 381 666 420 illi
697 387 851 433 putant,
890 381 1135 420 dulcedinem
1167 392 1275 419 suam
1308 380 1412 419 Deus

81 441 283 480 abscondit
308 440 536 479 timentibus
563 452 665 492 eum,
696 451 771 490 qua
797 452 874 477 non
901 446 960 478 est
985 441 1123 490 impios
1148 439 1413 490 damnaturus,

81 505 125 538 ut
154 499 228 538 hoc
253 500 474 537 nescientes
500 503 539 536 et
564 498 739 536 damnari
769 499 951 536 timentes
984 503 1090 536 recte
1122 499 1249 535 vivant
1281 509 1324 535 ac
1356 498 1412 535 sic

80 559 231 609 possint
275 569 360 596 esse
406 558 472 607 qui
516 561 629 594 orent
668 568 740 607 pro
784 568 862 594 non
905 562 1011 594 recte
1055 555 1291 594 viventibus:
1336 567 1413 605 quo

82 616 195 654 modo
237 627 320 654 eam
359 615 513 666 perficit
550 614 799 665 sperantibus
837 615 876 652 in
915 626 1021 665 eum,
1059 614 1212 664 quando
1245 613 1414 665 quidem,

82 675 183 712 sicut
215 674 419 724 somniant,
451 685 521 724 per
552 672 650 710 hanc
683 672 927 710 dulcedinem
960 685 1036 710 non
1070 672 1323 710 damnaturus
1356 676 1416 709 est

80 744 166 783 eos,
205 733 272 782 qui
308 743 386 769 non
424 737 582 781 sperant
619 732 658 768 in
696 728 814 769 eum?
875 730 941 768 Illa
983 732 1102 780 igitur
1133 733 1217 768 eius
1250 729 1414 768 dulcedo

81 795 310 841 quaeratur,
347 801 462 839 quam
500 789 653 839 perficit
693 788 939 839 sperantibus
972 790 1010 826 in
1044 801 1150 840 eum,
1189 801 1266 826 non
1299 800 1414 839 quam

81 848 270 898 perficere
296 852 456 898 putatur
482 847 823 885 contemnentibus
856 853 894 884 et
924 846 1282 897 blasphemantibus
1314 858 1414 885 eum.

81 906 242 944 Frustra
282 907 413 956 itaque
454 905 569 943 homo
611 911 699 956 post
735 905 807 943 hoc
846 917 989 955 corpus
1021 906 1201 956 inquirit,
1241 905 1343 955 quod
1376 906 1415 942 in

81 964 154 1002 hoc
187 976 352 1014 corpore
384 963 459 1001 sibi
490 975 713 1014 comparare
746 963 926 1013 neglexit.

199 1022 297 1060 Illud
329 1034 484 1072 quoque
517 1021 788 1072 apostolicum:
831 1022 1033 1060 Conclusa
1063 1024 1166 1059 enim
1199 1022 1306 1059 Deus
1338 1033 1414 1060 om-

81 1093 150 1119 nes
177 1083 217 1118 tn
244 1082 487 1126 infidelitate,
514 1085 558 1117 ut
582 1082 752 1118 omnium
773 1082 1023 1126 misereatur,
1051 1092 1127 1117 non
1154 1079 1241 1117 ideo
1268 1079 1416 1117 dictum

81 1144 152 1185 est,
186 1138 288 1188 quod
322 1139 372 1175 sit
405 1139 597 1175 neminem
630 1138 903 1188 damnaturus,
943 1137 1010 1175 sed
1044 1139 1225 1188 superius
1258 1143 1418 1188 apparet

83 1196 185 1234 unde
219 1198 268 1234 sit
300 1196 456 1234 dictum.
519 1195 614 1233 Nam
652 1207 741 1233 cum
778 1196 824 1233 de
858 1195 1010 1233 Iudaeis
1041 1202 1176 1246 postea
1209 1196 1418 1234 credituris

81 1253 280 1305 apostolus
317 1253 547 1304 loqueretur
579 1253 624 1291 ad
658 1259 812 1304 gentes,
853 1253 897 1291 ad
932 1265 1026 1303 quas
1059 1255 1193 1304 utique
1226 1255 1301 1291 iam
1333 1266 1415 1292 cre-

81 1312 219 1350 dentes
251 1311 522 1350 conscribebat
554 1311 756 1362 epistulas:
788 1312 901 1349 Se'cut
933 1314 1035 1350 enim
1067 1324 1144 1359 2203,
1176 1313 1313 1363 inquit,
1346 1315 1416 1350 ali-

81 1371 243 1418 quando
281 1381 359 1408 non
397 1371 626 1408 credidistis
658 1371 758 1417 Deo,
797 1382 903 1408 nunc
936 1376 1067 1408 autem
1098 1373 1418 1409 misericordiam

82 1430 288 1467 consecuti
318 1430 409 1466 estis
440 1430 596 1466 illorum
630 1429 930 1466 incredulitate:
969 1431 1028 1467 se'c
1061 1433 1100 1467 et
1129 1429 1173 1466 722·
1202 1440 1308 1467 nunc
1340 1440 1420 1467 non

83 1488 348 1525 crediderunt
380 1488 419 1524 ‘in
446 1491 616 1524 vestram
649 1488 985 1533 misericordium,
1017 1492 1062 1525 ut
1092 1492 1130 1524 et
1161 1489 1238 1535 ipsi
1267 1489 1418 1525 miseri-

83 1547 266 1584 cordiam
307 1549 614 1592 consequantur.
682 1543 827 1582 Deinde
867 1544 1053 1596 subiecit,
1097 1544 1200 1582 unde
1242 1546 1305 1583 isti
1347 1545 1420 1583 sibi

84 1602 250 1641 errando
276 1601 540 1654 blandiuntur,
565 1608 680 1653 atque
707 1604 776 1641 ait:
807 1604 1007 1641 Conclusz't
1032 1606 1135 1641 enim
1156 1604 1263 1641 Deus
1288 1615 1420 1642 omnes

84 1663 126 1700 in
165 1662 466 1708 incredulitate,
507 1665 552 1698 ut
590 1663 761 1699 omnium
805 1662 1056 1699 misereatur.
1125 1661 1232 1706 Quos
1273 1673 1420 1713 omnes,

84 1720 159 1757 nisi
199 1718 245 1756 de
285 1718 426 1769 quibus
464 1718 717 1770 loquebatur,
762 1724 955 1768 tamquam
995 1719 1146 1757 dicens:
1188 1718 1238 1757 Et
1274 1731 1342 1757 vos
1382 1725 1422 1758 et

84 1774 200 1815 illos?
262 1776 365 1815 Deus
398 1788 489 1827 ergo
530 1783 568 1815 et
599 1777 763 1827 gentiles
796 1782 834 1815 et
866 1776 1046 1829 Iudaeos,
1084 1789 1182 1827 quos
1214 1779 1422 1828 praescivit

85 1840 123 1873 et
164 1834 465 1885 praedestinavit
506 1835 726 1873 conformes
766 1836 944 1885 imaginis
983 1835 1051 1873 filii
1093 1837 1173 1887 sui,
1215 1847 1349 1874 omnes
1380 1837 1422 1874 in

83 1892 310 1931 infidelitate
349 1892 557 1945 conclusit,
595 1899 638 1931 ut
678 1893 725 1931 de
763 1893 1018 1932 amaritudine
1057 1893 1295 1932 infidelitatis
1328 1906 1419 1932 suae

84 1951 316 2002 paenitendo
359 1951 511 1989 confusi
555 1956 594 1989 et
637 1951 682 1989 ad
727 1951 971 1990 dulcedinem
1017 1951 1306 1990 misericordiae
1351 1952 1420 1990 Dei

83 2008 280 2047 credendo
313 2011 490 2047 conversi
516 2009 727 2047 clamarent
752 2010 844 2047 illud
873 2011 910 2048 in
938 2010 1102 2060 psalmo:
1142 2012 1266 2056 {jucun
1298 2013 1421 2049 multa

182 2110 213 2151 1)
240 2109 297 2143 ΡΞ.
327 2113 381 2151 16,
409 2113 461 2143 15.
513 2112 570 2153 23)
597 2110 700 2145 Rom.
730 2114 784 2154 11,
811 2114 854 2144 30
882 2121 958 2153 sqq.
1010 2111 1068 2153 28>
1094 2110 1198 2145 Rom.
1225 2114 1258 2154 8,
1285 2114 1339 2145 29.

182 2242 198 2271 1
232 2237 525 2272 manifestabitur
556 2238 647 2272 mihi
679 2238 798 2282 gloria
829 2238 863 2272 A
901 2239 912 2281 ΙΙ
949 2242 992 2271 22
1027 2238 1064 2271 in
1097 2239 1258 2273 uestram
1284 2238 1422 2272 miseri-

85 2283 249 2318 cordiam
268 2283 340 2317 RA
355 2284 514 2326 Amiat.;
539 2283 577 2318 in
603 2286 727 2319 vestra,
751 2284 1004 2319 misericordia
1023 2295 1043 2318 υ
1062 2286 1074 2328 ΙΙ
1093 2288 1136 2318 25
1163 2285 1421 2319 incredulitate

83 2329 120 2363 R
149 2329 264 2372 Olar.,·
290 2330 508 2365 infidelitate
532 2331 590 2365 Av

1442 795 1485 825 10

1446 1086 1485 1115 15

1445 1376 1489 1407 20

1447 1964 1490 1994 30
