1611 2465
115 692 157 722 10

115 984 156 1014 15

113 1346 156 1376 20

113 1684 157 1714 25

115 1975 158 2006 30

186 61 268 102 160
715 69 741 94 s
762 68 981 95 Acensnm

183 159 365 198 felicitate
405 159 592 198 sublimis.
662 158 758 196 Nam
797 163 985 208 quantum
1023 157 1068 196 ad
1107 157 1395 196 multitudinem
1432 169 1520 208 per-

183 219 300 269 tinet,
345 218 436 268 quid
485 222 576 255 sunt
621 215 753 254 stellae
798 215 894 254 caeli
937 216 982 254 ad
1022 216 1205 254 harenam
1245 212 1402 254 terrae?
1446 217 1521 254 nisi

184 278 270 326 quis
303 282 341 314 et
372 278 485 314 istam
525 276 853 325 comparationem
894 275 934 312 in
968 280 1118 312 tantum
1150 286 1234 312 esse
1268 273 1433 312 similem
1465 274 1519 312 di-

184 340 255 386 eat,
287 336 326 372 in
354 340 541 384 quantum
569 335 684 371 etiam
716 332 847 371 stellae
881 332 1120 371 dinumerari
1152 345 1229 370 non
1261 332 1400 384 valent,
1432 334 1521 383 quia

183 405 254 431 nec
287 404 422 430 omnes
449 404 513 430 eas
546 391 667 429 videri
699 403 812 442 posse
846 391 1084 429 credendum
1116 396 1186 429 est.
1247 390 1344 429 Nam
1376 397 1520 441 quanto

185 453 350 502 quisque
395 452 549 488 acutius
593 452 786 501 intuetur,
830 455 937 488 tanto
981 450 1114 500 plures
1158 449 1271 487 videt.
1333 448 1442 487 Unde
1483 455 1522 488 et

184 511 372 548 acerrime
411 507 664 547 cernentibus
702 508 850 558 aliquas
890 507 1061 546 occultas
1100 519 1185 546 esse
1218 509 1357 546 merito
1390 509 1519 546 existi-

183 574 328 619 matur,
366 569 538 618 exceptis
577 568 633 605 eis
665 566 877 618 sideribus,
916 579 1014 616 quae
1046 568 1085 604 in
1118 565 1189 604 alia
1220 570 1330 617 parte
1362 565 1469 604 orbis
1501 578 1521 604 3

183 626 295 664 nobis
337 627 597 664 remotissima
638 626 733 663 oriri
770 630 809 663 et
849 625 1028 662 occidere
1069 624 1336 675 perhibentur.
1410 624 1520 663 Post-

184 696 291 722 remo
337 686 574 735 quicumque
612 685 840 722 universum
879 683 1080 721 stellarum
1119 694 1326 721 numerum
1358 695 1520 734 conpre-

184 743 366 781 hendisse
406 749 445 781 et
484 743 765 792 conscripsisse
804 743 1016 792 iactantur,
1049 742 1150 780 sicut
1181 741 1322 780 Aratus
1353 741 1413 779 vel
1445 740 1520 780 Eu-

184 800 308 839 doxus
352 800 412 839 vel
456 802 488 839 si
532 802 599 851 qui
643 800 705 838 alii
750 806 858 851 sunt,
903 812 969 837 eos
1014 799 1103 837 libri
1147 800 1263 838 huius
1308 801 1522 838 contemnit

184 861 405 898 auctoritas.
467 859 538 897 Hic
572 871 662 897 sane
695 858 757 896 illa
790 860 982 896 sententia
1014 860 1193 910 ponitur,
1225 859 1336 896 cuius
1369 864 1519 909 aposto-

183 918 244 956 lus
276 919 452 956 meminit
484 924 645 968 propter
678 916 746 955 Dei
778 919 940 967 gratiam
973 916 1335 955 commendandam:
1384 917 1519 955 Credi-

184 978 243 1015 dit
273 978 478 1015 Abraham
505 977 600 1023 Deo,
633 981 670 1014 et
702 977 933 1024 deputatum
965 981 1021 1014 est
1054 978 1112 1013 illi
1142 977 1198 1013 ad
1228 977 1440 1021 2'ztstittam;
1472 987 1520 1013 ne

185 1036 430 1073 circumcisio
469 1034 702 1085 gloriaretur
741 1040 955 1084 gentesque
994 1034 1287 1071 incircumcisas
1327 1033 1372 1071 ad
1405 1033 1520 1071 fidem

184 1093 328 1131 Christi
371 1093 490 1131 nollet
528 1093 688 1130 admitti.
750 1091 831 1130 Hoc
864 1093 966 1130 euim
1000 1092 1153 1142 quando
1187 1093 1330 1129 factum
1363 1097 1439 1144 est,
1479 1097 1521 1130 ut

185 1151 359 1190 credenti
400 1151 574 1189 Abrahae
614 1150 868 1201 deputaretur
906 1150 1001 1188 fides
1034 1150 1080 1188 ad
1112 1151 1316 1201 iustitiam,
1347 1149 1520 1188 nondum

183 1210 310 1249 fuerat
342 1211 608 1248 circumcisus.

681 1332 835 1375 CAPUT
866 1333 1021 1375 XXIV.

183 1422 243 1459 De
273 1421 570 1469 significatione
601 1420 810 1465 sacrificii,
842 1420 951 1466 quod
980 1419 1186 1456 Abraham
1219 1418 1370 1466 offerre
1397 1430 1518 1466 prae-

207 1485 344 1528 ceptus
376 1483 443 1525 est,
477 1490 564 1516 cum
592 1479 847 1526 poposcisset,
880 1481 924 1515 ut
955 1479 1003 1515 de
1034 1478 1096 1514 his
1127 1488 1232 1524 quae
1263 1478 1500 1515 crediderat

735 1536 960 1573 doceretur.

300 1618 344 1656 ln
385 1617 521 1656 eodem
560 1618 644 1655 visu
683 1629 771 1655 cum
810 1616 1039 1666 loqueretur
1077 1617 1113 1654 ei
1146 1615 1267 1667 Deus,
1298 1617 1415 1654 etiam
1446 1615 1519 1654 hoc

184 1679 236 1715 ait
268 1676 313 1714 ad
346 1676 471 1714 illum:
519 1677 604 1724 qu
637 1676 759 1723 Deus,
799 1677 869 1723 qui
899 1676 1026 1713 eduxi
1056 1679 1093 1713 te
1125 1676 1173 1713 de
1204 1676 1369 1722 reqione
1405 1675 1518 1713 Chal-

184 1737 393 1782 daeorum,
440 1741 481 1772 uc
520 1736 607 1772 dem
645 1735 719 1772 tibi
755 1739 906 1772 terram
944 1735 1068 1780 hanc,
1112 1738 1155 1771 ut
1191 1734 1308 1771 heres
1338 1734 1392 1771 sis
1424 1735 1519 1772 eius.

183 1793 257 1831 Ubi
299 1805 388 1831 cum
430 1794 712 1842 interrogasset
756 1791 949 1828 Abraham
991 1790 1206 1829 secundum
1252 1790 1343 1840 quid
1389 1792 1519 1842 sciret,

185 1851 288 1902 quod
310 1851 424 1889 heres
447 1852 531 1889 eius
559 1852 644 1900 erit,
677 1849 773 1887 dixit
798 1849 851 1886 illi
873 1848 994 1887 Deus:
1027 1850 1176 1897 Accipe
1196 1850 1293 1886 milti
1312 1851 1520 1888 iuvencam

185 1913 343 1948 trimam
370 1914 408 1948 et
434 1920 601 1958 capram
627 1910 786 1946 trimam
819 1912 857 1945 et
882 1909 1049 1945 arielem
1075 1909 1234 1945 trimum
1260 1912 1297 1944 et
1323 1912 1520 1946 turturem

185 1973 223 2006 et
254 1969 483 2006 columbam.
547 1967 712 2015 Accepit
750 1971 879 2004 autem
920 1967 978 2003 ille*
1013 1966 1114 2004 haec
1154 1967 1285 2003 onmia
1318 1970 1357 2004 et
1387 1967 1521 2004 divisit

282 2058 336 2099 15)
363 2055 450 2091 Gen.
481 2059 535 2097 15,
562 2060 592 2090 e.

280 2188 297 2218 7
327 2183 505 2227 occultas]
532 2184 589 2217 hic
613 2183 745 2217 desinit
770 2183 903 2217 lacuna
922 2183 962 2216 in
985 2182 1017 2215 A
1038 2184 1050 2225 ΙΙ
1071 2186 1107 2215 11
1140 2183 1176 2216 et
1201 2192 1338 2216 consor.
1366 2193 1431 2218 om.
1461 2181 1519 2227 Vn

188 2235 228 2264 13
256 2231 454 2275 opponitur
488 2230 519 2263 V
536 2232 547 2274 ΙΙ
567 2233 609 2264 528
636 2229 867 2264 iuuenculam
893 2228 929 2262 R
