1548 2562
431 92 483 116 DE
504 91 691 116 CIVITATE
710 91 780 116 DEI
799 92 832 116 L.
852 91 916 116 xx.
937 91 965 116 c.
986 92 1009 116 7.
1299 82 1384 122 419

57 182 219 231 insuper
271 182 383 218 etiam
427 181 467 218 in
513 180 695 230 quasdam
739 179 922 217 ridiculas
965 179 1111 218 fabulas
1155 185 1387 218 verteretur.

55 239 118 277 Ait
151 240 293 289 quippe
320 240 357 276 in
385 238 483 276 libro
511 243 723 276 memorato
756 237 946 276 Iohannes
978 238 1191 288 apostolus:
1224 238 1275 276 Et
1305 239 1389 276 vide?

59 300 244 345 anyelum
271 298 571 335 descendentem
597 298 646 334 de
677 299 800 346 eaelo,
832 298 1041 335 Imbenlem
1073 299 1222 336 elavem
1254 297 1390 345 abyssi

60 361 97 394 et
141 360 322 394 catenam
368 357 409 393 in
452 366 572 393 manu
616 366 700 393 sua.
763 355 814 392 Et
855 357 982 393 tenuit
1024 356 1241 394 draconem
1279 357 1386 392 illum

57 418 277 462 serpentem
318 415 544 461 antiquum,
586 414 657 460 qui
693 415 992 460 coynominatus
1035 418 1091 452 est
1128 414 1309 451 diabolus
1350 418 1387 451 et

57 477 239 519 satanas,
279 476 317 510 et
354 473 535 519 allevavit
571 473 678 509 illum
717 473 821 509 mille
853 473 969 509 annis
1002 476 1039 510 et
1070 474 1175 509 misit
1207 474 1314 509 illum
1346 473 1384 508 in

58 530 242 579 abyssum
252 543 266 575 ;
304 535 341 568 et
373 531 491 568 elusit
522 533 560 567 et
589 531 764 576 siqnave't
793 541 916 578 super
947 541 1051 577 eum,
1089 534 1133 568 ut
1163 541 1240 568 non
1271 531 1386 568 sedu—

58 593 169 627 ceret
198 590 277 626 iam
306 592 460 635 yentes,
501 589 626 626 donec
654 589 855 634 finiantur
887 590 990 626 mille
1022 590 1141 633 ann2';
1168 593 1257 636 post
1287 589 1387 626 haee

57 651 211 695 oportet
247 657 333 684 eum
370 648 469 684 solvi
505 646 617 684 brevi
652 650 836 694 tempore.
899 646 951 684 Et
986 648 1069 684 vidi
1103 648 1215 684 sedes
1255 651 1294 684 et
1328 657 1386 684 se·

57 706 192 743 dentes
235 716 355 753 super
398 715 482 751 eas,
527 709 566 742 et
606 706 798 742 iudicium
836 705 973 742 datum
1013 709 1078 743 est.
1141 705 1192 742 Et
1230 706 1388 743 animae

57 765 278 801 occisorum
313 767 481 811 propter
519 764 780 801 testimonium
821 763 912 801 Iesu
951 767 989 801 et
1020 767 1187 813 propter
1225 764 1387 801 verbum

57 821 149 872 Dei,
189 826 226 859 et
261 823 298 858 sz’
333 823 402 868 qui
439 832 517 859 non
557 822 832 859 adoraverunt
869 821 1032 859 besliam
1072 833 1144 859 nec
1177 823 1389 869 imdyinem

58 881 159 926 eius,
204 891 330 927 neque
368 884 614 927 acceperunt
651 881 947 927 inscriptionem
988 882 1026 917 in
1063 878 1199 927 fronte
1238 884 1307 917 aut
1347 881 1388 917 in

57 949 177 975 manu
208 949 294 984 sua,
327 941 365 975 et
395 942 668 984 remeaverunt
699 949 787 974 cum
815 937 905 975 Iesu
938 939 1042 975 mille
1074 939 1212 982 annz‘s;
1244 939 1390 985 reliqui

57 1007 193 1034 eorum
226 1007 302 1034 non
334 997 539 1042 vixerunt,
579 996 704 1033 donee
741 997 939 1041 finiantur
971 997 1075 1033 mille
1107 997 1214 1033 anni.
1278 997 1388 1033 llaec

56 1056 301 1092 resurreetio
328 1055 463 1101 prima
495 1057 561 1091 est.
624 1053 771 1091 Beatus
803 1058 840 1092 et
870 1059 1033 1091 sanclus
1065 1058 1140 1100 est,
1173 1056 1243 1102 qni
1272 1055 1389 1092 habet

57 1114 97 1150 in
140 1113 218 1150 hac
255 1114 391 1160 prima
435 1114 733 1149 resurreclz'one
766 1116 934 1159 partem.
999 1112 1044 1149 In
1086 1114 1169 1150 isle‘s
1210 1114 1389 1151 secunda

55 1181 160 1208 mors
192 1181 267 1208 non
301 1170 420 1208 habet
444 1174 701 1218 potestalem;
732 1171 806 1207 sed
836 1175 955 1207 erunt
985 1172 1214 1209 sacerdotes
1247 1171 1323 1209 Dei
1353 1175 1391 1209 et

68 1228 216 1266 Christi
252 1233 290 1266 et
325 1229 554 1275 reynabzmt
591 1239 679 1266 cum
717 1239 760 1266 eo
799 1230 903 1266 mille
934 1230 1060 1266 annis.
1123 1228 1197 1273 Qui
1228 1234 1389 1279 propter

61 1285 157 1324 haec
198 1286 313 1324 liuius
354 1285 442 1323 libri
485 1285 600 1323 verba
643 1287 805 1336 primam
848 1288 1177 1325 resurrectionem
1218 1288 1388 1325 futuram

58 1345 242 1394 suspicati
282 1349 372 1382 sunt
410 1343 669 1395 corporalem,
714 1346 816 1383 inter
855 1350 983 1382 cetera
1022 1346 1184 1382 maxime
1225 1357 1388 1383 numero

57 1414 246 1440 annorum
288 1402 391 1440 mille
428 1404 595 1452 permoti
628 1408 734 1454 sunt,
772 1408 967 1453 tamquam
1001 1408 1200 1453 oporteret
1231 1405 1270 1441 111
1304 1415 1388 1442 san·

57 1462 129 1498 ctis
162 1473 206 1498 eo
240 1460 352 1498 modo
392 1460 511 1498 veluti
543 1462 639 1498 tanti
671 1462 857 1510 temporis
890 1462 974 1499 fieri
1008 1461 1295 1513 sabbatismum,
1328 1474 1388 1500 va-

57 1520 208 1557 catione
242 1519 388 1556 scilicet
427 1523 557 1556 sancta
595 1523 684 1568 post
721 1518 872 1556 labores
905 1531 1094 1557 annorum
1127 1532 1193 1557 sex
1227 1520 1388 1572 milium,

57 1589 101 1615 ex
142 1589 218 1627 quo
257 1582 410 1614 creatus
448 1581 507 1614 est
544 1576 659 1614 homo
699 1582 737 1614 et
776 1578 903 1627 magni
935 1577 1037 1615 illius
1068 1579 1216 1628 peccati
1249 1580 1387 1616 merito

57 1637 96 1673 in
128 1635 245 1673 huius
271 1635 516 1673 mortalitatis
542 1646 746 1673 aerumnas
773 1635 818 1673 de
846 1635 1012 1685 paradisi
1045 1635 1225 1673 felicitate
1259 1635 1388 1674 dimis—

59 1705 125 1731 sus
151 1699 221 1743 est,
252 1699 306 1744 ut,
339 1695 520 1742 quoniam
547 1694 735 1743 scriptum
767 1698 844 1731 est:
882 1694 987 1732 Unus
1014 1695 1097 1732 dies
1123 1696 1234 1742 apud
1257 1695 1387 1733 Bomi-

58 1762 150 1790 num
181 1754 285 1789 sicut
315 1753 418 1789 mille
449 1753 555 1799 anni,
589 1756 627 1789 et
656 1754 759 1789 mille
791 1754 890 1789 (mni
919 1754 1022 1790 sicul
1054 1754 1137 1790 dies
1168 1764 1288 1800 unus,
1321 1764 1388 1790 sex

58 1821 248 1847 annorum
285 1808 440 1846 milibus
479 1815 673 1859 tamquam
707 1822 771 1847 sex
805 1809 942 1848 (liebus
973 1810 1159 1862 impletis,
1202 1816 1388 1860 sequatur

58 1867 162 1905 velut
217 1869 404 1918 septimus
456 1867 602 1905 sabbati
661 1869 700 1905 in
750 1869 859 1905 annis
909 1868 1010 1906 mille
1061 1870 1287 1920 postremis,
1341 1868 1385 1906 ad

57 1925 132 1963 hoc
163 1925 310 1963 scilicet
347 1925 548 1963 sabbatum
586 1925 859 1964 celebrandum
899 1926 1193 1977 resurgentibus
1232 1928 1386 1965 sanetis.

60 1982 165 2028 Quae
198 1985 326 2034 opinio
354 1990 458 2022 esset
483 1989 693 2034 utcumque
730 1983 950 2036 tolerabili&
983 1986 1015 2022 si
1048 1985 1195 2035 aliquae
1228 1984 1386 2024 deliciae

155 2073 210 2114 19)
235 2072 346 2116 Apoc.
374 2076 428 2115 20,
457 2076 473 2105 1
503 2084 579 2115 sqq.
630 2075 688 2116 28)
716 2077 746 2107 2.
774 2073 869 2107 Petr.
897 2077 929 2115 3,
956 2075 986 2107 8.

152 2204 171 2234 6
198 2201 234 2234 et
259 2200 374 2244 allig]
403 2201 440 2233 et
465 2210 530 2234 om.
557 2200 682 2241 RAL‚·
708 2201 835 2234 habent
861 2204 978 2234 tamen
1002 2203 1088 2243 420,
1107 2204 1156 2236 24
1187 2202 1198 2244 Η
1231 2206 1247 2235 7
1277 2202 1385 2236 clusit

59 2245 206 2280 RParr.
234 2250 273 2280 ut
299 2247 454 2288 Amiat.;
480 2247 611 2281 clausit
636 2247 692 2280 Av

1031 2305 1102 2339 27*

1413 420 1433 449 5

1415 711 1460 741 10

1417 1002 1458 1033 15

1415 1295 1459 1325 20

1413 1877 1458 1908 30
