1548 2562
402 128 454 154 DE
474 128 662 154 ewmA'rE
682 129 750 153 Dm
770 129 802 153 L.
822 128 886 154 xx.
906 128 934 155 c.
955 129 997 154 24.
1015 115 1059 155 25.
1314 119 1397 159 471

73 230 154 257 ram
192 218 275 256 fieri
313 217 455 255 dicitur
494 216 596 267 quod
635 217 676 255 fit
715 218 850 267 utique
882 218 922 256 in
954 222 1074 256 terra:
1110 217 1285 268 profecto
1317 219 1400 268 ipsa

75 288 192 327 opera
230 274 516 313 misericordiae
555 279 646 313 sunt
685 276 889 327 sacrificia,
926 274 1068 326 quibus
1099 275 1276 326 placetur
1308 274 1400 327 Deo,

74 336 175 373 sicut
205 334 244 371 in
283 332 380 371 libro
419 332 534 371 huius
573 334 701 383 operis
740 333 889 371 decimo
928 345 988 372 me
1021 333 1252 372 disseruisse
1286 335 1399 372 remi-

73 394 220 443 niscor3
257 393 297 429 in
335 389 475 441 quibus
513 390 697 442 operibus
742 390 953 441 disponunt
991 392 1085 430 iusti
1123 396 1402 431 testamentum

73 449 152 502 Dei,
185 451 273 500 quia
297 454 458 500 propter
483 450 772 500 promissiones,
805 461 902 499 quae
930 461 1027 487 novo
1054 451 1138 488 eius
1170 455 1401 488 testamento
1427 457 1447 487 5

73 509 343 559 continentur,
387 506 481 545 haec
523 507 679 546 faciunt.
741 506 849 546 Unde
892 509 1135 558 congregatis
1177 507 1250 547 sibi
1288 509 1401 547 iustis

73 567 154 604 suis
195 571 233 604 et
273 565 319 604 ad
361 577 469 604 suam
511 564 709 604 dexteram
752 567 974 604 constitutis
1015 568 1224 605 novissimo
1266 568 1400 617 utique

72 623 215 663 iudicio
260 623 435 662 dicturus
480 629 538 662 est
583 622 777 662 Christus:
837 623 990 671 Venite,
1035 625 1234 663 benedicti
1270 627 1402 674 patris

72 684 166 729 mei,
212 684 410 732 possidete
453 686 645 731 paratum
696 683 801 721 vobis
844 693 1012 730 reanum
1056 695 1081 721 a
1125 684 1402 722 constitutione

73 741 218 779 mundi.
281 741 446 779 Esurivi
481 742 599 787 enim,
644 744 681 779 et
719 741 882 779 dedistis
919 741 1017 778 mihi
1054 742 1324 788 manducare,
1363 746 1402 779 et
1430 747 1474 779 10

73 804 202 836 cetera
240 810 336 848 quae
375 797 428 836 ibi
465 799 719 848 proferuntur
757 798 803 836 de
842 798 1034 837 bonorum
1075 798 1258 849 operibus
1291 798 1403 837 bonis

73 862 110 894 et
148 856 194 894 de
232 868 368 894 eorum
410 857 592 906 praemiis
633 857 880 907 sempiternis
924 868 994 907 per
1034 856 1209 896 ultimam
1247 862 1402 896 senten·

73 916 164 953 tiam
195 914 411 953 iudicantis.

580 1038 735 1080 CAPUT
762 1038 893 1080 XXV.

78 1125 133 1162 De
158 1124 371 1173 prophetia
398 1124 661 1170 Malachielis,
693 1135 772 1172 qua
800 1124 877 1162 Dei
906 1125 1098 1162 iudicium
1130 1125 1305 1162 ultimum
1339 1126 1403 1163 de·
1433 1132 1474 1163 15

161 1183 347 1220 elaratur
378 1186 416 1220 et
446 1183 697 1229 quorundam
730 1182 880 1220 dicitur
908 1194 983 1230 per
1009 1183 1317 1230 purificatorias

423 1251 576 1288 poenas
604 1238 799 1287 facienda
831 1241 1046 1278 mundatio.

190 1320 383 1371 Propheta
413 1320 611 1358 Malachiel
650 1322 728 1358 sive
762 1320 937 1372 Malaclst,
977 1322 1043 1370 qui
1083 1326 1122 1359 et
1159 1321 1319 1372 angelus
1350 1322 1404 1361 di-

75 1385 160 1418 ctus
188 1384 257 1429 est,
290 1380 356 1429 qui
382 1380 497 1417 etiam
522 1378 666 1416 Esdras
692 1379 884 1430 sacerdos,
917 1380 1029 1416 euius
1055 1378 1127 1417 alia
1151 1380 1191 1418 in
1217 1391 1404 1418 canonem

75 1439 218 1488 scripta
255 1442 410 1487 recepta
449 1441 558 1488 sunt,
596 1436 641 1475 ab
683 1436 874 1487 aliquibus
915 1436 1089 1475 creditur
1121 1433 1230 1490 (nam
1262 1437 1308 1477 de
1341 1438 1405 1476 illo
1432 1447 1476 1477 20

75 1495 172 1534 hanc
205 1506 289 1533 esse
322 1494 588 1533 Hebraeorum
631 1496 852 1545 opinionem
884 1494 978 1533 dicit
1009 1492 1309 1548 Hieronymus),
1348 1498 1403 1535 iu-

75 1553 220 1592 dicium
263 1554 514 1591 novissimum
557 1552 764 1603 prophetat
806 1552 957 1592 dicens:
1002 1553 1110 1593 Eece
1147 1556 1268 1601 venit,
1309 1555 1407 1593 dicit

75 1612 266 1651 Dominus
309 1613 572 1660 omnipotens;
617 1616 654 1650 et
699 1613 788 1659 quis
830 1613 1039 1650 sustinebit
1078 1613 1180 1650 diem
1221 1613 1406 1651 introitus

76 1672 171 1717 eius,
204 1673 275 1708 aut
305 1671 392 1717 quis
420 1668 535 1717 ferre
561 1671 712 1718 poterit
741 1674 785 1708 ut
815 1672 988 1718 aspiciat
1019 1672 1133 1708 eum?
1190 1670 1292 1716 Quia
1325 1672 1406 1720 ipse

77 1729 304 1776 inareditur
340 1729 458 1775 quasi
493 1729 596 1775 iynis
633 1729 862 1775 conflatorii
899 1732 937 1766 et
966 1730 1084 1776 quasi
1112 1729 1238 1767 herba
1270 1730 1405 1767 lavan-
1433 1736 1475 1767 25

76 1788 195 1830 tium,·
233 1790 271 1824 et
299 1785 450 1824 sedebit
489 1787 668 1833 conflans
699 1791 737 1824 et
766 1787 962 1824 mundans
992 1788 1097 1825 sieut
1128 1790 1337 1834 arpentum
1370 1791 1409 1825 et

75 1846 181 1883 sieut
211 1854 365 1891 aarum,
399 1848 437 1882 et
460 1844 667 1882 mundabit
693 1846 798 1890 lilios
829 1844 935 1891 Levi,
968 1848 1007 1883 et
1031 1843 1177 1892 fundet
1207 1856 1272 1883 eos
1302 1846 1407 1883 sieut

77 1913 221 1940 aurum
252 1906 291 1941 et
327 1905 560 1950 arqentutm
596 1905 635 1940 et
665 1906 783 1940 erunt
814 1902 982 1940 Domino
1014 1902 1226 1949 offerentes
1258 1902 1407 1941 hostias

168 2003 204 2045 3)
230 2000 268 2037 C.
296 2005 326 2036 6.
379 2004 435 2045 10)
460 2001 524 2037 Mt.
552 2005 608 2044 25,
635 2005 689 2036 34.
740 2005 798 2045 21)
825 2001 925 2036 Hier.
951 2012 1112 2046 prooem.
1138 2002 1177 2035 in
1202 2002 1358 2036 Malaeh.

173 2145 214 2176 15
245 2139 499 2175 malachihelis
528 2140 657 2182 Parr.;
689 2140 893 2175 Malachiae
919 2151 938 2175 v
975 2142 988 2185 ll
1026 2144 1067 2175 18
1094 2141 1289 2176 malachiel
1314 2141 1406 2184 BA,-

78 2187 279 2222 Malachias
304 2198 323 2222 v
354 2189 366 2231 ΙΙ
396 2190 440 2221 26
467 2190 498 2221 et
522 2198 556 2231 p.
584 2190 662 2229 472,
693 2190 732 2220 15
760 2187 855 2221 sicul]
881 2198 1009 2221 aurum
1035 2188 1073 2221 et
1097 2187 1190 2222 sicut
1215 2198 1290 2232 arg.
1318 2199 1406 2229 mss,-

76 2235 215 2269 inverso
235 2234 360 2269 ordine
378 2244 398 2267 v
417 2235 429 2276 u
448 2237 491 2268 26
512 2233 690 2267 mundans
708 2234 838 2277 scripsi
856 2243 918 2268 see.
942 2233 1067 2268 Graec.
1086 2234 1145 2276 (cf.
1162 2244 1201 2278 p.
1217 2237 1302 2277 472,
1322 2238 1367 2269 15
1365 2238 1406 2278 ),·

77 2280 275 2316 emundans
299 2291 319 2315 v
339 2281 350 2324 ΙΙ
370 2283 412 2314 27
439 2282 472 2314 et
496 2291 530 2324 p.
556 2283 636 2322 472,
664 2283 705 2314 16
731 2279 923 2313 mundabit
945 2279 1001 2321 R‚·
1026 2280 1239 2315 emundabit
1262 2290 1282 2316 v
