1548 2562
392 158 445 182 DE
464 157 650 183 CIVITATE
670 158 737 183 DEI
757 158 789 183 L.
810 159 908 183 xxu.
929 158 957 184 0.
979 160 1020 183 11.
1285 150 1369 191 587

36 247 76 284 in
109 245 280 284 nubibus
311 243 535 297 pendeant?
585 246 663 284 Cur
695 246 961 297 deniqueraer
994 252 1053 286 est
1084 247 1236 286 medius
1267 249 1370 286 inter

38 316 187 343 summa
220 304 316 342 caeli
348 310 386 342 et
417 304 519 343 nuda
551 310 764 356 terrarum,
796 317 947 356 quaqua
981 317 1137 344 versum
1169 305 1275 344 orbis
1308 318 1370 344 ex-

36 362 222 414 tenditur,
254 364 287 400 51
318 362 427 401 106115
460 364 544 401 61115
575 364 678 400 inter
710 362 859 401 caelum
891 369 930 402 et
960 376 1091 416 aquas,
1123 365 1224 403 sicut
1256 376 1370 414 aqua-

35 432 124 459 rum
155 422 258 459 inter
289 422 419 472 ipsum
451 426 490 459 et
520 426 644 459 terras
677 426 736 459 est
767 420 1032 460 constitutus?

152 478 356 517 Postremo
390 480 422 517 si
453 480 506 518 ita
538 483 597 517 est
629 478 913 518 elementorum
945 480 1040 518 ordo
1073 481 1296 532 dispositus,
1328 486 1371 519 ut

36 537 252 575 secundum
289 537 488 575 Platonem
528 535 680 575 duobus
712 537 871 590 mediis,
908 537 946 576 id
980 544 1039 576 est
1071 551 1158 577 aere
1192 544 1230 577 et
1262 550 1371 590 aqua,

36 595 112 634 duo
151 600 344 647 extrema,
387 594 425 633 id
465 600 523 633 est
560 596 660 645 ignis
698 600 738 634 et
775 601 901 647 terra,
938 597 1150 647 iungantur
1199 597 1371 648 caelique

36 653 209 691 obtineat
246 652 307 691 ille
347 654 488 691 summi
528 652 674 700 locum,
714 653 808 692 11366
841 660 970 692 autem
1002 656 1069 692 imi
1101 655 1205 694 velut
1238 656 1370 694 funda-

35 712 150 750 minis
182 711 329 763 mundi,
361 717 400 749 et
430 711 517 749 ideo
549 712 589 749 in
622 711 726 750 caelo
760 724 845 750 esse
878 724 955 750 non
986 718 1115 763 potest
1146 719 1268 752 terra:
1302 726 1372 752 cur

35 775 94 808 est
131 770 214 820 ipse
252 770 352 820 ignis
390 770 429 807 in
469 767 602 807 terra?
665 769 889 808 Secundum
928 771 1026 809 hanc
1069 773 1212 822 quippe
1255 774 1370 810 ratio-

34 839 124 866 nem
155 829 208 866 ita
240 829 312 866 ista
345 827 421 866 duo
450 827 639 866 elementa
671 829 710 866 in
742 828 836 866 locis
867 831 1050 881 propriis,
1082 831 1159 868 imo
1192 842 1235 868 ae
1269 842 1370 869 sum—

34 898 115 937 mo,
148 891 252 924 terra
285 891 323 924 et
360 887 460 936 ignis
494 898 578 924 esse
613 885 849 937 debuerunt,
892 893 954 939 ut,
986 900 1101 938 quem
1135 888 1180 926 ad
1213 888 1372 927 modum

34 944 172 983 nolunt
196 946 236 982 in
264 956 415 982 summo
443 956 527 982 esse
553 956 668 994 posse
696 944 799 994 quod
832 946 898 983 imi
930 951 1001 997 est,
1032 948 1085 984 ita
1118 959 1190 984 nec
1222 948 1261 984 in
1293 949 1371 985 imo

33 1008 167 1054 posset
205 1014 290 1041 esse
331 1002 432 1052 quod
473 1003 613 1040 summi
652 1008 721 1041 est.
785 1002 895 1041 Sicut
932 1016 1024 1053 ergo
1057 1004 1201 1042 nullam
1234 1010 1372 1055 putant

33 1061 93 1099 vel
125 1073 211 1099 esse
243 1060 303 1098 vel
335 1061 507 1098 futuram
540 1072 624 1098 esse
658 1066 785 1099 terrae
818 1062 1048 1111 particulam
1081 1064 1120 1100 in
1153 1063 1280 1114 caelo,
1320 1065 1371 1101 ita

34 1118 178 1157 nullam
210 1118 440 1169 particulam
472 1118 603 1156 videre
636 1118 842 1157 debuimus
875 1120 974 1170 ignis
1008 1121 1047 1158 in
1079 1126 1195 1159 terra.
1258 1121 1371 1159 Nunc

32 1189 124 1215 vero
156 1188 235 1215 non
261 1176 385 1215 solum
412 1177 451 1214 in
484 1178 613 1228 terris,
646 1189 780 1215 verum
813 1178 928 1216 etiam
961 1177 1033 1216 sub
1066 1180 1183 1217 terris
1216 1180 1267 1217 ita
1300 1185 1371 1231 651,

33 1240 76 1275 111
101 1247 191 1274 611111
217 1240 400 1273 eructent
425 1236 592 1272 vertices
619 1236 821 1287 montium,
853 1242 1010 1286 praeter
1038 1236 1140 1287 quod
1167 1238 1206 1275 in
1233 1237 1370 1276 usibus

32 1293 235 1332 hominum
274 1299 313 1331 et
354 1305 439 1331 esse
477 1294 606 1342 ignem
644 1294 683 1330 111
727 1299 830 1331 terra
863 1299 901 1331 et
933 1306 1022 1332 eum
1054 1296 1161 1333 nasci
1194 1295 1370 1334 videmus

34 1364 79 1390 ex
111 1357 233 1403 terra3
266 1350 418 1401 quando
447 1350 602 1401 quidem
635 1356 673 1389 et
705 1351 751 1389 de
784 1351 897 1402 lignis
931 1358 969 1390 et
1000 1353 1046 1390 de
1079 1353 1271 1404 lapidibus
1304 1366 1368 1392 113-

34 1412 174 1461 scitur,
212 1421 309 1460 quae
352 1415 443 1447 sunt
475 1421 638 1459 corpora
671 1411 753 1447 51116
787 1409 1028 1449 dubitatione
1061 1417 1229 1449 terrena.
1293 1412 1369 1450 Sed

33 1468 108 1520 ille,
140 1469 343 1519 inquiunt,
375 1468 475 1518 ignis
509 1472 569 1505 est
601 1467 844 1520 tranquillus,
875 1481 1011 1521 purus,
1043 1471 1237 1522 innoxius,
1271 1483 1368 1509 sem-

34 1528 229 1578 piternus3
261 1527 334 1564 iste
367 1531 496 1564 autem
532 1524 724 1578 turbidus,
756 1527 923 1579 fumeus,
955 1527 1221 1579 corruptibilis
1254 1534 1369 1579 atque

34 1590 253 1636 corruptor.
315 1583 394 1622 Nec
436 1589 564 1622 tamen
603 1586 819 1635 corrumpit
857 1591 1027 1638 monteS‚
1065 1588 1104 1624 in
1137 1586 1279 1637 quihus
1312 1589 1369 1625 iu-

34 1645 133 1694 giter
166 1647 332 1694 aestuat,
365 1654 628 1692 cavernasque
661 1647 867 1682 terrarum.
929 1643 1073 1682 Verum
1105 1650 1202 1697 esto,
1234 1646 1285 1683 sit
1316 1645 1370 1684 illi
1423 1654 1435 1663 ³

34 1703 106 1740 iste
149 1700 368 1751 dissimilis,
412 1706 453 1738 ut
495 1701 664 1738 terrenis
706 1700 1009 1740 habitationibus
1049 1709 1255 1753 congruat:
1299 1716 1370 1742 cur

35 1771 127 1810 ergo
166 1759 320 1810 nolunt,
358 1763 401 1796 ut
434 1759 637 1797 credamus
669 1765 846 1798 naturam
879 1772 1087 1811 corporum
1121 1767 1370 1800 terrenorum

35 1817 238 1868 aliquando
265 1816 603 1867 incorruptibilem
629 1817 768 1855 factam
800 1818 905 1856 caelo
938 1820 1234 1857 convenientem
1267 1820 1369 1859 futu-

35 1887 135 1927 ram,
179 1877 280 1913 sicut
318 1887 421 1913 nunc
460 1876 560 1926 ignis
601 1875 867 1926 corruptibilis
906 1876 967 1915 his
1006 1879 1186 1916 convenit
1223 1876 1370 1917 terris?

35 1933 139 1971 Nihil
168 1934 287 1984 igitur
324 1933 492 1971 afferunt
530 1945 576 1971 ex
613 1933 853 1984 ponderibus
886 1941 1000 1985 atque
1034 1936 1169 1973 ordine
1203 1936 1369 1975 elemen-

35 1998 185 2040 torum,
229 1991 331 2030 unde
370 1992 627 2042 omnipotenti
665 1991 762 2044 Deo,
806 1995 1014 2043 quominus
1054 1994 1168 2032 faciat
1206 2006 1370 2046 corpora

37 2055 169 2088 nostra
212 2049 324 2100 talia,
367 2055 411 2088 ut
451 2051 566 2088 etiam
604 2051 643 2088 in
682 2050 786 2089 63610
828 2053 979 2102 possint
1020 2051 1217 2104 habitare,
1261 2065 1370 2104 prae-

36 2107 217 2147 scribant.

133 2247 172 2277 13
198 2254 304 2287 posse
331 2253 394 2277 om.
421 2242 457 2277 R

1401 781 1441 810 10

1400 1072 1441 1102 15

1397 1947 1441 1977 30
