1611 2465
115 753 155 782 10

115 1161 154 1191 15

111 1453 153 1483 20

110 1743 153 1773 25

110 2034 152 2064 30

185 121 269 161 5³22
721 129 747 154 5.
767 128 985 156 AUGUSTun

185 220 366 258 tendatur
411 231 503 269 ergo
549 231 591 257 ac
635 218 895 269 profundatur
944 219 1031 257 fons
1075 219 1192 258 huius
1231 219 1523 258 misericordiae

183 290 308 328 usque
343 277 388 315 ad
422 277 622 315 damnatos
656 277 812 328 angelos
846 276 982 315 saltem
1014 282 1104 328 post
1135 277 1255 316 multa
1288 283 1402 328 atque
1434 290 1522 329 pro-

183 336 257 374 lixa
290 335 575 387 (piantumlibet
613 335 766 374 saecula
804 335 1037 374 liberandos.
1100 335 1178 375 Cur
1210 348 1336 386 usque
1368 337 1522 375 univer—

184 408 265 433 sam
298 400 476 432 naturam
509 399 638 432 manat
670 393 889 446 humanam,
922 400 960 432 et
991 407 1079 433 cum
1113 394 1158 432 ad
1191 394 1402 445 angelicam
1434 406 1522 433 ven·

184 460 266 491 tum
299 453 436 504 suerit,
477 464 566 490 mox
599 450 768 491 arescit?
829 452 914 490 Non
947 452 1092 491 audent
1123 458 1252 491 tamen
1285 465 1326 491 se
1357 452 1524 492 ulterius

183 510 402 549 miserando
452 512 655 561 porrigere
707 516 745 549 et
794 511 841 549 ad
885 511 1155 549 liberationem
1198 512 1321 562 ipsius
1366 523 1521 562 quoque

183 569 323 607 diaboli
350 571 567 620 pervenire.
630 568 774 608 Verum
810 571 842 608 si
877 569 1015 620 aliquis
1048 570 1200 620 audeat,
1232 570 1351 608 vincit
1383 581 1522 621 nempe

182 629 288 666 istos.
351 627 401 665 Et
450 633 579 666 tamen
630 633 737 666 tanto
788 622 985 666 invenitur
1036 640 1167 666 errare
1220 627 1435 666 deformius
1485 633 1524 667 et

183 692 318 724 contra
359 692 465 724 recta
504 686 573 724 Dei
617 685 733 724 verba
775 688 1028 738 perversius,
1073 692 1217 737 quanto
1256 685 1330 724 sibi
1370 686 1524 725 videtur

182 747 329 783 sentire
363 744 605 784 clementius.

686 881 839 924 CAPUT
871 881 1030 924 XVIII.

183 956 242 993 De
262 957 333 1001 leis,
363 957 433 1003 qm?
451 957 660 993 novissimo
683 957 832 993 iudicio
850 961 1019 1004 propter
1040 957 1346 994 intercessiones
1365 960 1522 995 sancto-

288 1025 377 1051 rum
404 1015 596 1051 neminem
624 1015 824 1051 hominum
847 1018 993 1062 [munet
1018 1025 1102 1051 esse
1128 1015 1410 1052 damnandum.

301 1094 400 1133 Sunt
442 1096 573 1146 etiam,
619 1094 751 1145 quales
794 1096 835 1133 in
874 1094 1213 1133 conlocutionibus
1254 1096 1399 1134 nostris
1438 1097 1522 1147 ipse

183 1165 269 1191 sum
297 1159 493 1204 expertus,
527 1154 605 1205 qui,
639 1165 727 1191 cum
753 1154 932 1191 venerari
957 1152 1162 1191 videantur
1188 1154 1404 1204 scripturas
1436 1166 1521 1193 san-

181 1217 280 1261 ctas,
321 1211 497 1249 moribus
535 1210 769 1262 inprobandi
807 1216 898 1249 sunt
942 1217 980 1249 et
1021 1211 1169 1261 agendo
1212 1223 1368 1250 causam
1412 1224 1523 1252 suam

181 1269 303 1308 multo
331 1271 519 1307 maiorem
545 1281 661 1320 quam
686 1270 752 1307 isti
778 1269 1086 1308 misericordiam
1115 1269 1194 1307 Deo
1224 1269 1405 1308 tribuunt
1431 1282 1522 1321 erga

180 1328 395 1366 humanum
439 1340 575 1378 genus.
646 1327 789 1366 Dicunt
832 1328 937 1366 enim
981 1327 1027 1366 de
1068 1327 1178 1366 malis
1223 1333 1262 1366 et
1299 1327 1521 1368 infidelibus

180 1386 403 1424 hominibus
435 1386 619 1424 divinitus
653 1385 811 1436 quidem
843 1397 979 1424 verum
1009 1385 1255 1437 praedictum
1286 1398 1384 1434 csse,
1418 1387 1521 1438 quod

181 1444 286 1494 digni
328 1450 435 1495 sunt3
474 1444 541 1482 sed
581 1456 670 1482 cum
708 1444 754 1482 ad
789 1444 978 1482 iudicium
1009 1449 1168 1482 ventum
1200 1445 1339 1496 fuerit,
1369 1446 1520 1484 miseri-

180 1503 352 1541 cordiam
391 1515 477 1541 esse
517 1508 800 1553 superaturam.
862 1501 1028 1541 Donabit
1067 1504 1172 1541 enim
1205 1515 1288 1555 eos,
1326 1504 1520 1556 inquiunt,

180 1562 404 1599 misericors
446 1560 550 1599 Deus
592 1560 776 1612 precibus
821 1566 860 1599 et
900 1560 1250 1599 intercessionibus
1296 1567 1519 1601 sanctorum

181 1631 354 1658 suorum.
419 1618 460 1657 Si
487 1621 590 1657 enim
617 1618 780 1658 orabant
811 1631 882 1670 pro
915 1618 1002 1670 illis,
1035 1618 1190 1669 quando
1223 1631 1289 1657 eos
1321 1619 1519 1670 patieban-

183 1684 244 1716 tur
276 1678 467 1728 inimicos,
500 1682 645 1728 quanto
672 1679 794 1728 magis
826 1677 979 1728 quando
1012 1677 1199 1716 videbunt
1230 1677 1396 1716 humiles
1429 1691 1519 1729 sup-

180 1736 380 1786 plicesque
411 1734 647 1786 prostratos!
697 1735 832 1786 Neque
871 1737 975 1773 enim
1008 1735 1248 1774 credendum
1279 1741 1356 1784 est,
1400 1738 1520 1789 aiunt,

181 1800 272 1832 tunc
306 1795 518 1832 amissuros
546 1799 700 1837 sanctos
733 1795 882 1832 viscera
914 1793 1219 1846 misericordiae,
1251 1806 1341 1832 cum
1372 1794 1520 1834 fuerint

179 1852 425 1903 plenissimae
452 1863 495 1889 ac
522 1852 830 1902 perfectissimae
863 1853 1090 1903 sanctitatis,
1122 1858 1177 1904 ut,
1210 1853 1277 1902 qui
1308 1858 1402 1891 tunc
1434 1864 1518 1891 ora-

179 1910 272 1949 bant
308 1922 379 1961 pro
419 1911 587 1948 inimicis
626 1912 724 1957 suis,
768 1909 921 1960 quando
954 1915 993 1948 et
1025 1911 1099 1960 ipsi
1131 1911 1214 1948 sine
1246 1916 1407 1960 peccato
1439 1922 1517 1949 non

180 1973 308 2020 erant,
346 1974 439 2006 tunc
472 1980 550 2006 non
583 1973 697 2006 orent
728 1980 799 2018 pro
832 1967 1074 2018 supplicibus
1108 1969 1209 2019 suis,
1248 1968 1401 2018 quando
1433 1968 1517 2007 nul-

180 2026 260 2064 lum
287 2027 490 2077 coeperint
515 2025 657 2064 habere
685 2031 901 2076 peccatum.
963 2025 1040 2064 Aut
1070 2037 1162 2063 vero
1189 2025 1292 2064 Deus
1324 2032 1418 2065 tunc
1451 2039 1518 2066 eos

180 2097 257 2122 non
291 2084 471 2123 exaudiet
502 2089 559 2123 tot
591 2089 629 2122 et
661 2083 756 2122 tales
788 2083 887 2122 filios
920 2095 1023 2136 suos,
1056 2083 1210 2134 quando
1242 2085 1283 2122 in
1314 2089 1420 2123 tanta
1454 2097 1516 2123 eo-

272 2247 291 2275 3
312 2253 428 2286 usque
448 2242 519 2276 ΒΑ
538 2245 636 2284 (101,
656 2245 721 2284 11‚·
740 2245 827 2285 26)‚·
852 2253 967 2286 usque
987 2241 1034 2276 ad
1054 2253 1072 2277 v
1092 2244 1104 2287 Η
1124 2247 1143 2277 7
1165 2242 1307 2277 audete>
1326 2244 1338 2287 ΙΙ
1359 2247 1400 2278 19
1421 2243 1518 2287 quod

179 2288 281 2333 digni
308 2291 392 2323 sunt
418 2300 486 2323 mss
511 2291 614 2331 (523,
640 2292 715 2331 287·
739 2289 806 2324 vol.
834 2289 870 2333 Ι,
896 2292 984 2331 236,
1011 2291 1067 2333 6);
1094 2301 1154 2333 qu.
1181 2288 1213 2323 d.
1242 2300 1268 2324 5.
1295 2300 1415 2334 poena
1438 2300 1458 2324 v
