1495 2489
15 408 34 438 <51

0 701 35 731 [O

0 993 34 1023 [5

0 1285 34 1315 ΞΟ

0 1868 32 1898 {O

61 68 115 108 68
583 75 609 100 s.
629 74 847 100 AUGUSTINI

60 166 207 204 dictum
241 171 317 203 est:
352 166 490 203 Nonne
521 166 556 202 si
587 169 696 201 reete
728 164 890 211 offeras,
923 169 1033 203 recte
1065 170 1195 203 autem
1228 176 1306 204 non
1339 166 1396 203 di-

61 226 184 272 vidas,
213 225 422 273 peccasle'?
457 224 546 272 quia
573 234 648 259 non
671 221 799 259 elucet
826 234 897 260 cur
928 222 988 260 vel
1020 222 1122 260 unde
1156 225 1206 261 sit
1238 223 1398 274 dictum,

60 283 205 321 multos
249 294 388 320 sensus
431 282 584 331 peperit
628 281 712 318 eius
764 279 1001 332 obscuritas,
1046 293 1135 319 cum
1179 281 1399 320 divinarum

61 343 347 392 scripturarum
373 341 538 390 quisque
566 344 753 377 tractator
785 339 1000 377 secundum
1032 339 1121 378 fidei
1153 340 1326 390 regulam
1358 340 1397 378 id

62 406 225 438 conatur
250 410 457 449 exponere.
520 397 639 435 Recte
666 398 809 448 quippe
836 398 997 436 offertur
1030 399 1275 449 sacrificium,
1308 410 1396 437 cum

62 460 225 497 offertur
268 457 346 495 Deo
389 468 479 493 vero
490 487 500 507 ,
549 457 613 494 cui
663 457 730 494 uni
783 456 1049 494 tantummodo
1101 457 1397 495 sacrificandum

61 522 132 555 est.
194 516 279 554 Non
317 520 448 553 autem
485 520 592 552 recte
630 514 833 566 dividitur,
871 514 963 553 dum
1003 527 1080 553 non
1118 515 1398 554 discernuntur

62 582 168 614 recte
202 574 258 612 vel
297 574 380 612 loca
417 572 477 611 vel
508 579 683 623 tempora
715 573 773 611 vel
811 585 875 611 res
906 575 1012 624 ipsae
1045 586 1143 624 quae
1176 574 1398 612 offeruntur

62 634 121 672 vel
154 635 219 683 qui
246 633 360 670 offert
386 637 425 670 et
456 632 518 670 cui
539 632 702 669 offertur
734 631 791 669 vel
824 631 874 678 hi,
909 631 1052 681 quibus
1084 632 1129 670 ad
1162 632 1398 670 vescendum

62 692 312 731 distribuitur
338 690 441 740 quod
467 689 638 728 oblatum
664 696 734 741 est,
767 695 810 727 ut
841 690 1069 728 divisionem
1099 690 1164 729 hic
1196 691 1396 729 discretio-

62 763 151 789 nem
176 749 464 799 intellegamus3
497 750 577 786 sive
610 760 699 787 cum
731 749 905 800 offertur,
938 748 1005 786 ubi
1036 761 1113 786 non
1147 754 1301 799 oportet
1332 754 1399 787 aut

61 809 165 860 quod
192 820 269 846 non
295 807 360 855 ibi,
393 807 461 845 sed
487 806 576 845 alibi
602 811 767 858 oportet,
800 808 879 844 sive
913 819 1001 845 cum
1035 808 1210 859 offertur,
1243 807 1396 857 quando

61 880 139 906 non
177 872 333 918 oportet
371 871 437 904 aut
475 865 577 916 quod
616 877 693 903 non
733 870 844 916 tune,
884 865 950 903 sed
984 865 1075 903 alias
1108 871 1279 917 oportet,
1318 867 1396 904 sive

61 938 151 965 cum
177 927 352 976 offertur,
385 923 487 975 quod
521 936 712 974 nusquam
751 929 789 962 et
820 936 1032 974 numquam
1064 925 1220 974 penitus
1252 923 1397 971 debuit,

61 986 140 1023 sive
168 996 255 1022 cum
283 983 464 1021 electiora
493 982 566 1020 sibi
593 981 768 1020 eiusdem
793 983 948 1032 generis
974 994 1108 1021 rerum
1132 988 1241 1021 tenet
1270 982 1398 1034 homo,

61 1055 177 1093 quam
210 1047 301 1080 sunt
327 1054 382 1089 ea,
415 1053 513 1091 quae
546 1042 659 1079 offert
687 1040 777 1091 Deo,
810 1042 888 1078 sive
922 1042 1005 1079 eius
1038 1042 1107 1092 rei,
1140 1053 1237 1091 quae
1271 1040 1396 1079 oblata

61 1107 133 1153 est,
163 1102 205 1139 fit
236 1102 432 1151 particeps
471 1100 657 1150 profanus
698 1105 764 1137 aut
796 1098 959 1149 quilibet
991 1111 1105 1149 quem
1139 1100 1195 1137 sas
1227 1111 1305 1138 non
1339 1105 1398 1138 est

60 1160 156 1198 fieri.
218 1159 260 1197 In
301 1171 377 1209 quo
417 1164 544 1196 autem
577 1158 717 1196 horum
750 1156 828 1195 Deo
861 1157 1104 1208 displicuerit
1135 1157 1247 1210 Cain,
1285 1157 1396 1196 facile

60 1230 139 1256 non
164 1223 293 1268 potest
318 1218 494 1255 inveniri.
534 1216 608 1254 Sed
636 1217 818 1267 quoniam
844 1215 1035 1254 Iohannes
1067 1216 1276 1268 apostolus,
1308 1228 1397 1254 cum

61 1277 107 1315 de
141 1276 200 1314 his
239 1275 424 1314 fratribus
462 1275 707 1325 loqueretur:
751 1276 837 1313 Non
869 1276 973 1313 sicut
1009 1275 1124 1323 Cain,
1162 1276 1307 1326 inquit,
1346 1287 1398 1314 ex

59 1337 233 1382 male'qno
278 1339 368 1372 erat
410 1339 449 1372 et
491 1335 639 1372 occidit
678 1333 853 1381 fratrem
896 1345 1033 1379 sunm,-
1078 1339 1115 1372 εἴ
1171 1336 1286 1372 cuius
1335 1335 1400 1372 rei

57 1395 197 1442 qralict
230 1394 403 1431 occidit?
472 1394 574 1438 Quia
601 1403 724 1441 opera
758 1394 862 1429 illius
893 1394 1070 1439 maliyna
1098 1391 1278 1440 fuerunt,
1307 1391 1395 1440 fra-

60 1454 133 1490 tris
177 1456 308 1490 autem
351 1453 436 1489 eius
480 1453 603 1488 iusta:
653 1450 765 1488 datur
812 1449 983 1500 intellegi
1023 1456 1230 1501 propterea
1273 1450 1396 1488 Deum

60 1522 138 1548 non
176 1511 395 1560 respexisse
434 1511 473 1547 in
506 1521 648 1547 munus
686 1510 788 1556 eius,
830 1510 919 1558 quia
951 1508 1023 1546 hoc
1055 1510 1138 1559 ipso
1172 1508 1269 1547 male
1302 1508 1395 1547 divi-

61 1568 187 1615 debat,
221 1568 315 1606 dans
342 1567 421 1605 Deo
448 1567 591 1617 aliquid
619 1579 744 1618 suum,
777 1566 850 1604 sibi
876 1572 1005 1604 autem
1033 1579 1072 1605 se
1099 1569 1238 1617 ipsum.
1284 1566 1397 1612 Quod

59 1639 194 1665 omnes
227 1627 390 1677 faciunt,
425 1627 491 1676 qui
523 1638 600 1663 non
632 1624 721 1676 Dei,
754 1624 821 1663 sed
854 1637 963 1663 suam
996 1631 1191 1664 sectantes
1223 1625 1395 1664 volunta-

60 1692 158 1736 tem,
204 1684 241 1723 id
275 1690 333 1722 est
366 1696 443 1722 non
476 1689 604 1735 recto,
644 1683 710 1721 sed
743 1695 927 1734 perverso
961 1683 1077 1722 corde
1110 1685 1306 1736 viventes,
1339 1684 1393 1722 of-

59 1744 191 1781 ferunt
235 1749 363 1780 tamen
408 1742 486 1779 Deo
527 1754 690 1793 munus,
734 1754 810 1792 quo
848 1747 986 1792 putant
1024 1755 1112 1780 eum
1154 1742 1310 1794 redimi,
1354 1748 1398 1781 ut

59 1813 195 1840 eorum
237 1813 314 1838 non
352 1800 566 1850 opituletur
604 1800 784 1837 sanandis
825 1802 952 1850 pravis
985 1800 1282 1852 cupiditatibus,
1327 1801 1396 1839 sed

60 1859 271 1910 explendis.
332 1858 381 1897 Et
413 1858 486 1896 hoc
519 1864 577 1896 est
610 1863 787 1896 terrenae
820 1860 1022 1908 proprium
1055 1860 1240 1910 civitatis,
1272 1858 1395 1897 Deum

60 1918 115 1955 vel
149 1918 242 1955 deos
269 1917 409 1969 colere,
442 1916 583 1967 quibus
609 1915 878 1954 adiuvantibus
911 1922 1048 1966 regnet
1078 1918 1118 1954 in
1151 1918 1323 1955 victoriis
1356 1925 1394 1956 et

151 2019 210 2061 23)
238 2021 268 2052 1.
295 2018 344 2053 Io.
372 2021 404 2061 3,
433 2021 485 2052 12.

154 2150 197 2180 14
225 2156 308 2179 cum
342 2145 446 2186 V¹R‚·
473 2156 556 2179 cum
581 2145 620 2179 id
644 2155 663 2179 υ
689 2145 701 2188 Η
729 2149 770 2179 16
799 2144 875 2178 siue
909 2144 1033 2185 VRA,·
1065 2144 1141 2178 sive
1168 2156 1250 2179 cum
1275 2156 1295 2179 v
1320 2147 1331 2188 ΙΙ
1351 2149 1395 2179 20

57 2205 101 2227 ex
125 2193 288 2236 maligno
324 2191 426 2225 VRA
451 2202 516 2226 sec.
543 2191 685 2233 Graec.;
721 2191 784 2235 qui
810 2202 853 2225 ex
878 2203 923 2226 m.
952 2190 1102 2234 Fv1122
1129 2191 1264 2226 occidit
1288 2196 1395 2226 eum?

56 2251 75 2273 v
95 2242 107 2283 Η
128 2243 169 2273 23
197 2239 274 2273 eius
308 2238 394 2280 VR·
420 2249 485 2273 om.
513 2238 601 2281 AF;
628 2238 727 2272 illius
754 2249 773 2272 v
