1548 2562
395 145 447 170 DE
467 144 656 170 CIVITATE
675 145 744 170 DEI
762 145 796 170 L.
817 145 897 170 XIV.
917 144 946 170 c.
967 145 1007 170 13.
1307 136 1362 178 33

42 234 146 285 quod
189 239 249 272 est
291 233 575 284 oboedientiae,
620 245 716 283 quae
760 234 835 271 nisi
872 233 1074 272 humilium
1117 246 1194 272 non
1235 240 1364 284 potest

43 305 139 331 esse.
200 292 269 330 Est
294 293 412 342 igitur
443 291 584 341 aliquid
617 290 843 329 humilitatis
875 293 972 329 miro
1004 291 1117 329 modo
1150 292 1253 342 quod
1279 304 1362 330 sur-

43 363 129 390 sum
160 351 273 393 faciat
305 362 389 401 cor,
421 355 459 387 et
490 355 549 386 est
581 349 723 399 aliquid
756 349 930 393 elationis
964 351 1065 400 quod
1097 350 1279 388 deorsum
1311 351 1362 388 fa-

43 410 118 447 ciat
149 420 226 446 cor.
287 407 368 446 Hoc
394 407 549 457 quidem
576 409 686 457 quasi
711 410 954 446 contrarium>
980 408 1143 459 videtur,
1176 415 1218 447 ut
1250 408 1362 447 elatio

42 468 93 505 sit
123 467 304 505 deorsum
351 471 389 504 et
419 465 613 503 humilitas
656 477 823 503 sursum.
886 466 961 504 Sed
992 468 1054 517 pia
1085 466 1280 505 humilitas
1312 467 1363 504 fa-

42 526 96 563 cit
126 524 323 563 subditum
355 525 563 574 superiori;
601 523 695 561 nihil
728 530 787 561 est
818 530 945 562 autem
978 526 1158 575 superius
1190 524 1286 576 De03
1326 530 1364 563 et

42 583 128 621 ideo
167 583 306 621 exaltat
343 582 555 633 humilitas,
596 593 693 632 quae
732 582 822 619 facit
862 582 1058 621 subditum
1091 582 1180 621 Deo.
1241 583 1363 621 Elati'o

42 646 182 692 autem,
214 653 310 691 quae
343 642 381 678 in
414 642 504 678 vitio
537 644 608 690 est,
639 652 685 678 eo
717 641 800 690 ipso
832 642 982 690 respuit
1014 640 1295 680 subiectionem
1327 647 1365 679 et

43 699 144 737 cadit
176 698 222 737 ab
253 698 335 751 illo,
367 711 443 749 quo
476 710 552 736 non
584 703 644 736 est
675 699 881 748 quicquam
913 700 1111 750 superius,
1144 705 1182 737 et
1214 712 1259 738 ex
1291 699 1364 737 hoc

42 759 117 796 erit
146 758 310 795 inferius
342 762 381 795 et
405 757 447 794 fit
473 756 575 806 quod
608 757 795 806 scriptum
827 762 903 794 est:
935 758 1127 795 Deiecistz'
1156 770 1243 809 eos,
1275 770 1364 796 cum

42 818 338 855 extollerentur.
400 814 485 852 Non
528 816 631 852 enim
663 816 732 852 ait:
774 813 900 865 „Cum
943 815 1031 853 elati
1069 816 1233 854 fuissent
1247 812 1279 867 (ί,
1322 821 1366 854 ut

41 875 150 924 prius
182 873 460 911 extollerentur
491 878 529 910 et
559 878 691 923 postea
723 872 987 924 deicerentur3
1026 874 1094 911 sed
1126 886 1214 911 cum
1246 873 1364 912 extol-

42 932 234 982 lerentur,
278 937 371 969 tunc
415 931 554 981 deiecti
599 937 699 969 sunt.
767 931 898 981 Ipsum
941 933 1083 982 quippe
1122 931 1253 969 extolli
1290 934 1365 970 iam

42 990 140 1028 deici
174 996 242 1028 est.
304 990 548 1040 Quapropter
581 989 683 1038 quod
715 1001 818 1027 nunc
849 991 888 1026 in
921 991 1073 1027 civitate
1106 989 1173 1027 Dei
1206 995 1244 1027 et
1276 992 1364 1027 civi-

42 1049 112 1086 tati
138 1047 207 1085 Dei
231 1049 270 1085 in
297 1047 370 1085 hoc
395 1048 659 1098 peregrinanti
691 1047 843 1085 saeculo
876 1049 1039 1085 maxime
1072 1049 1365 1086 commendatur

42 1105 236 1144 humilitas
269 1111 307 1144 et
338 1107 377 1143 in
410 1107 491 1143 eius
524 1117 626 1156 rege,
658 1107 724 1155 qui
756 1105 815 1143 est
841 1105 1030 1157 Christus,
1061 1100 1224 1144 maxime
1256 1119 1365 1157 prae-

45 1165 197 1202 dicatur
224 1166 541 1213 contrariumque
567 1163 657 1201 111116
684 1165 817 1201 virtuti
844 1163 1019 1202 elationis
1045 1166 1180 1202 vitium
1212 1166 1251 1202 in
1284 1166 1366 1202 eius

43 1222 278 1273 adversario,
317 1223 383 1272 qui
421 1228 491 1260 est·
510 1221 701 1273 diabolus,
738 1223 902 1260 maxime
935 1223 1124 1260 dominari
1156 1224 1276 1260 sacris
1307 1222 1365 1260 lit-

43 1282 137 1319 teris
175 1280 378 1319 edocetur:
422 1280 596 1330 profecto
635 1281 706 1317 ista
751 1286 810 1318 est
848 1292 981 1331 magna
1020 1278 1253 1330 differentia,
1292 1293 1365 1331 qua

42 1340 194 1389 civitas,
231 1338 333 1376 unde
366 1338 577 1388 loquimur,
616 1344 781 1388 utraque
819 1338 1072 1389 discernitur,
1110 1351 1186 1377 una
1219 1339 1366 1377 scilicet

43 1398 206 1435 societas
237 1398 390 1447 piorum
421 1396 636 1447 homiuum,
668 1396 786 1434 altera
818 1398 1037 1447 impiorum,
1070 1397 1218 1447 singula
1251 1409 1364 1447 quae-

42 1467 117 1505 que
145 1466 233 1493 cum
259 1454 403 1504 angelis
430 1454 475 1492 ad
507 1467 547 1491 se
580 1454 877 1505 pertinentibus,
908 1457 947 1492 in
981 1454 1122 1505 quibus
1154 1457 1366 1505 praecessit

43 1513 113 1551 hac
144 1525 250 1551 amor
283 1512 362 1564 Dei,
393 1512 462 1550 hac
495 1525 601 1550 amor
633 1514 704 1550 sui.

158 1570 360 1609 Manifesto
405 1583 496 1621 ergo
540 1576 751 1621 apertoque
795 1576 972 1621 peccam,
1016 1570 1082 1609 ubi
1121 1572 1264 1609 factum
1307 1577 1366 1609 est

44 1629 145 1679 quod
184 1629 286 1667 Deus
322 1629 406 1666 fieri
442 1628 711 1679 prohibuerat,
748 1628 922 1666 diabolus
960 1629 1154 1667 hominem
1195 1641 1270 1666 non
1304 1641 1363 1667 66-

43 1689 175 1738 pisset,
207 1688 281 1724 nisi
305 1688 380 1724 iam
405 1687 466 1724 ille
494 1687 566 1724 sibi
592 1688 665 1737 ipsi
697 1686 847 1737 placere
881 1688 1082 1737 coepisset.
1133 1686 1230 1724 Hinc
1263 1688 1365 1724 enim

43 1751 82 1783 et
118 1745 321 1783 delectavit
364 1744 465 1794 quod
512 1745 655 1782 dictum
702 1751 778 1782 est:
823 1745 947 1783 Eritis
984 1748 1089 1783 sicut
1126 1746 1193 1783 de‘e’.
1255 1744 1366 1789 Quod

43 1803 182 1841 melius
215 1815 299 1840 esse
326 1808 486 1853 possent
517 1815 666 1840 summo
700 1815 867 1853 veroque
900 1804 1090 1853 principio
1123 1803 1365 1841 cohaerendo

43 1873 113 1912 per
138 1860 432 1912 oboedientiam,
464 1873 540 1898 non
567 1873 679 1899 suum
706 1860 778 1899 sibi
804 1862 1004 1899 existendo
1031 1862 1264 1912 principium
1296 1873 1365 1911 per

43 1918 275 1970 superbiam.
336 1918 395 1956 Dii
439 1921 541 1957 enim
585 1921 703 1957 creati
743 1932 819 1957 non
864 1931 930 1957 sua
968 1921 1146 1970 veritate,
1190 1919 1256 1956 sed
1296 1919 1366 1957 Dei

43 1978 124 2015 veri
148 1978 440 2028 participatione
468 1983 559 2015 sunt
584 1978 646 2015 dii.
708 1977 798 2015 Plus
830 1983 958 2016 autem
991 1977 1204 2028 appetendo
1238 1979 1365 2015 minus

44 2040 122 2087 est,
155 2037 237 2087 qui,
281 2035 372 2073 dum
405 2034 478 2073 sibi
509 2036 687 2073 sufficere
720 2035 868 2087 deligit,
913 2035 958 2073 ab
990 2035 1072 2086 illo,
1110 2036 1176 2085 qui
1209 2037 1244 2073 ei
1275 2047 1363 2073 vere

138 2114 195 2155 11)
221 2112 275 2146 Ps.
304 2116 358 2154 72,
387 2116 439 2146 18.
490 2113 546 2155 27)
573 2112 660 2147 Gen.
688 2117 719 2155 3,
746 2116 777 2146 5.

43 2179 120 2239 ,ἶ-
137 2209 156 2240 8
181 2205 261 2249 ipso
288 2216 379 2249 resp.
405 2216 493 2246 mss‚·
517 2206 597 2249 ipso
623 2217 694 2249 quo
720 2217 812 2249 resp.
831 2217 851 2239 v
871 2207 882 2250 ΙΙ
902 2210 944 2240 26
971 2205 1042 2250 ipsi
1066 2216 1131 2242 om.
1151 2205 1185 2239 A
1205 2207 1277 2249 1132
1304 2205 1364 2239 de-

43 2250 126 2295 ligit
148 2251 218 2285 VF
228 2251 526 2296 (deligit-deficit3
552 2253 594 2286 de
618 2253 798 2295 infinitivo
824 2253 868 2295 cf.
893 2253 959 2287 vol.
986 2253 1023 2294 I,
1049 2255 1130 2294 349,
1156 2256 1240 2295 24)‚·
1266 2252 1364 2286 dele-

43 2297 98 2341 git
122 2298 176 2339 A‚·
201 2298 324 2342 diligit,
346 2309 366 2333 v
385 2299 397 2342 ΙΙ
416 2298 449 2332 61
474 2309 537 2333 om.
564 2299 599 2332 A

112 2369 186 2388 Auo.
205 2370 246 2388 me
266 2361 330 2389 (κνᾷ
346 2369 409 2389 nm.
446 2363 485 2388 Π.
1063 2361 1082 2391 3
1099 2358 1101 2361 ’

1392 766 1434 796 10

1393 1057 1434 1087 15

1391 1347 1435 1377 20

1391 1637 1434 1667 25

1390 1927 1434 1958 30
