1548 2562
457 135 508 159 DE
529 133 716 159 civaTE
736 134 805 158 DEI
823 134 858 159 L.
878 133 961 158 mx.
981 133 1010 159 c.
1031 135 1054 158 1.
1330 122 1413 163 347

88 228 279 276 ponerent
304 228 342 261 et
367 222 567 260 malorum.
629 221 685 259 Ex
717 234 792 272 qua
817 223 1011 272 tripertita
1043 221 1146 259 velut
1176 220 1414 271 generalium

88 281 361 321 distributione
401 285 594 318 sectarum
638 280 791 318 Marcus
834 280 953 318 Varro
991 281 1031 318 in
1068 279 1167 318 libro
1206 278 1252 316 de
1293 278 1415 329 philo-

89 340 223 391 sophia
271 345 350 377 tam
392 338 551 376 multam
596 339 817 388 dogmatum
861 340 1085 376 varietatem
1129 337 1334 386 diligenter
1378 343 1418 374 et

88 397 284 437 subtiliter
322 402 518 435 scrutatus
557 396 738 443 advertit,
781 402 823 434 ut
854 397 900 434 ad
932 396 1120 435 ducentas
1152 396 1347 445 octoginta
1379 400 1418 433 et

87 461 176 495 octo
209 461 345 507 sectas,
376 467 454 493 non
486 466 583 505 quae
616 455 691 492 iam
724 460 867 505 essent,
899 455 965 493 sed
998 466 1096 505 quae
1129 466 1213 492 esse
1245 458 1418 504 possent,
1445 462 1463 492 5

88 514 275 553 adhibens
307 512 491 564 quasdam
523 512 760 550 differentias
792 513 969 551 facillime
1002 514 1236 563 perveniret.

207 571 318 617 Quod
362 576 405 609 ut
446 570 616 609 breviter
654 570 875 622 ostendam,
917 571 1008 609 inde
1041 576 1194 621 oportet
1225 571 1419 620 incipiam,

90 630 192 681 quod
224 632 306 680 ipse
339 629 504 667 advertit
535 634 573 667 et
604 630 734 679 posuit
765 630 805 667 in
836 629 935 667 libro
968 635 1203 681 memorato,
1235 633 1420 678 quattuor

89 701 175 727 esse
203 688 402 739 quaedam,
435 699 532 738 quae
558 687 735 725 homines
762 688 844 725 sine
877 689 1074 738 magistro,
1106 689 1188 725 sine
1221 687 1298 725 ullo
1331 686 1419 724 doc-

90 748 213 785 trinae
251 745 506 797 adminiculo,
550 746 633 784 sine
670 745 862 783 industria
899 746 958 784 vel
991 751 1072 784 arte
1105 745 1277 796 vivendi,
1322 755 1419 795 quae
1449 742 1548 787 10Ql‘

89 807 213 843 virtus
251 804 393 842 dicitur
431 809 469 842 et
505 803 642 854 procul
679 803 797 841 dubio
838 803 1020 854 discitur,
1057 803 1162 842 velut
1195 803 1421 841 naturaliter

89 867 289 913 appetunt,
322 867 388 900 aut
419 861 675 913 voluptatem,
707 874 781 911 qua
814 862 1094 900 delectabiliter
1127 867 1305 900 movetur
1336 872 1419 899 cor-

92 922 197 972 poris
236 932 394 971 sensus,
431 926 496 958 aut
534 921 723 970 quietem,
763 932 837 970 qua
877 921 919 958 fit
957 926 999 958 ut
1030 919 1173 958 nullam
1206 920 1422 958 molestiam

91 980 268 1030 corporis
294 979 458 1028 quisque
484 979 663 1028 patiatur,
696 983 761 1015 aut
786 984 1004 1029 utramque,
1036 990 1150 1028 quam
1183 983 1312 1015 tamen
1344 989 1421 1015 uno

93 1038 248 1075 nomine
275 1036 481 1086 voluptatis
507 1035 701 1086 Epicurus
734 1036 910 1086 appellat,
943 1042 1009 1074 aut
1040 1036 1313 1074 universaliter
1344 1037 1421 1085 pri·
1451 1045 1492 1074 15

92 1107 153 1133 ma
191 1099 370 1145 naturae,
407 1096 447 1131 in
479 1093 620 1144 quibus
658 1100 696 1132 et
728 1093 822 1132 haec
856 1100 947 1132 sunt
979 1100 1017 1132 et
1049 1094 1137 1142 alia,
1175 1094 1234 1132 vel
1266 1095 1306 1132 in
1339 1106 1422 1131 cor-

92 1165 199 1205 pore,
230 1158 274 1191 ut
299 1151 563 1190 membrorum
590 1153 793 1202 integritas
825 1158 863 1190 et
895 1152 998 1191 salus
1031 1159 1145 1203 atque
1178 1152 1424 1190 incolumitas

92 1213 190 1262 eius,
222 1210 280 1248 vel
305 1211 345 1248 in
371 1211 510 1261 animo,
542 1215 585 1248 ut
616 1216 707 1249 sunt
739 1223 795 1262 ea,
827 1223 936 1260 quae,
957 1210 1017 1248 vel
1049 1223 1165 1261 parva
1197 1210 1256 1248 vel
1289 1222 1422 1260 magna

94 1271 133 1308 in
171 1269 372 1306 hominum
410 1269 662 1319 reperiuntur
700 1270 875 1318 ingeniis.
938 1268 1040 1307 Haec
1078 1271 1197 1319 igitur
1229 1274 1465 1325 quattuor&

93 1327 132 1366 id
165 1332 224 1365 est
255 1326 449 1378 voluptas,
480 1328 602 1376 quies,
635 1332 857 1377 utrumque,
889 1328 1012 1377 prima
1046 1333 1218 1378 naturae,
1249 1329 1302 1365 ita
1334 1332 1426 1364 sunt
1451 1336 1548 1378 203:

94 1387 134 1424 in
160 1384 285 1436 nobis,
316 1390 359 1423 ut
384 1384 443 1422 vel
468 1386 603 1436 virtus,
636 1396 750 1434 quam
781 1390 916 1435 postea
948 1385 1125 1423 doctrina
1156 1387 1305 1436 inserit,
1337 1396 1451 1435 pro-⁴

94 1449 182 1495 pter
220 1443 315 1481 haec
353 1443 568 1493 appetenda
601 1444 668 1495 sit,
713 1448 778 1481 aut
815 1444 887 1481 ista
918 1450 1080 1494 propter
1112 1445 1317 1494 virtutem,
1362 1411 1463 1505 aut}

95 1506 260 1552 utraque
291 1507 453 1552 propter
485 1513 525 1539 se
557 1503 676 1552 ipsap
688 1513 732 1539 ac
763 1513 833 1551 per
865 1501 938 1539 hoc
970 1502 1069 1540 fiunt
1100 1502 1189 1539 hinc
1222 1502 1437 1539 duodecim·

96 1565 242 1610 sectae3
286 1571 356 1609 per
407 1559 504 1597 hanc
555 1561 658 1597 enim
702 1561 892 1597 rationem
936 1560 1109 1609 singulae
1160 1560 1427 1610 triplicantur3

96 1617 198 1668 quod
232 1629 320 1655 cum
358 1618 397 1654 in
431 1630 505 1655 una
537 1618 872 1668 demonstravero,
913 1617 1068 1655 difficile
1101 1629 1179 1655 non
1213 1619 1286 1655 erit
1317 1617 1355 1655 id
1387 1619 1427 1655 in
1453 1625 1498 1656 25

96 1677 239 1714 ceteris
269 1676 455 1713 invenire.
518 1675 614 1714 Cum
652 1687 744 1726 ergo
782 1675 958 1726 voluptas
998 1677 1173 1726 corporis
1206 1677 1322 1713 animi
1354 1677 1427 1713 vir-

97 1735 171 1772 tuti
213 1738 278 1771 aut
321 1732 501 1772 subditur
542 1739 607 1771 aut
643 1734 865 1784 praefertur
903 1740 969 1772 aut
1006 1735 1197 1785 iungitur,
1235 1735 1429 1784 tripertita

98 1792 268 1829 variatur
317 1791 539 1830 diversitate
590 1797 795 1830 sectarum.
867 1791 1055 1830 Subditur
1105 1798 1233 1830 autem
1284 1793 1429 1842 virtuti,

97 1849 251 1900 quando
296 1850 336 1887 in
374 1861 489 1888 usum
527 1851 679 1888 virtutis
712 1850 939 1888 adsumitur.
1000 1849 1176 1888 Pertinet
1208 1851 1351 1901 quippe
1383 1850 1429 1887 ad

97 1909 252 1946 virtutis
279 1907 450 1945 officium
476 1913 515 1946 et
540 1909 668 1946 vivere
694 1910 840 1959 patriae
874 1913 912 1947 et
943 1914 1104 1959 propter
1136 1910 1299 1958 patriam
1332 1908 1430 1946 filios
1456 1916 1500 1947 30

98 1977 330 2017 procreare,
382 1978 547 2015 quorum
599 1972 782 2005 neutrum
827 1967 911 2005 fieri
954 1972 1084 2017 potest
1127 1968 1210 2004 sine
1255 1968 1430 2017 eorporis

99 2023 312 2074 voluptate3
351 2035 436 2062 nam
477 2026 559 2062 sine
598 2024 659 2062 illa
692 2037 764 2063 nec
797 2024 907 2063 cibus
938 2030 1132 2075 potusque
1166 2026 1352 2076 sumitur,
1388 2029 1433 2062 ut

100 2082 260 2133 vivatur,
292 2093 363 2119 nec
396 2082 688 2134 concumbitur,
719 2088 763 2121 ut
793 2084 992 2134 generatio
1024 2088 1272 2134 propagetur.
1335 2082 1432 2121 Cum

100 2151 190 2177 vero
230 2140 451 2190 praefertur
487 2142 639 2191 virtuti,
676 2142 759 2191 ipsa
797 2143 992 2192 appetitur
1031 2146 1193 2192 propter
1224 2153 1264 2179 se
1298 2142 1432 2193 ipsam,

194 2290 216 2319 4
242 2287 279 2320 et
305 2287 386 2321 octo
413 2286 506 2327 RA,·
531 2288 613 2321 octo
638 2297 659 2321 v
