1548 2562
414 178 465 203 DE
486 177 674 204 CIVITATE
692 178 762 203 DEI
781 179 813 203 L.
833 178 947 204 xvm.
969 179 998 204 c.
1018 180 1060 203 44.
1079 180 1121 204 45.
1354 169 1439 210 325

108 266 250 317 lorum,
289 268 377 316 quia
416 272 455 304 et
491 268 563 317 ipsi
602 279 648 304 ex
681 269 904 318 utriusque,
941 266 979 305 id
1012 273 1071 305 est
1103 279 1149 305 ex
1181 266 1368 305 Hebraeis
1401 273 1440 306 et

109 337 154 362 ex
188 324 455 376 Septuaginta,
496 326 717 363 testimonia
748 325 974 376 prophetica
1005 330 1241 377 posuerunt,
1273 331 1438 375 utraque

108 384 336 421 auctoritate
376 382 565 420 utendum
602 384 750 434 putavi,
788 385 970 433 quoniam
1010 391 1174 433 utraque
1215 394 1291 421 una
1324 389 1439 433 atque

108 441 233 479 divina
260 446 329 478 est.
375 440 450 479 Sed
476 442 551 478 iam
578 453 676 491 quae
702 446 864 492 restant,
889 447 933 480 ut
956 443 1163 493 possimus,
1189 453 1439 491 exequamur.

616 564 770 607 CAPUT
802 565 929 610 XLV.
1466 577 1486 607 5

114 650 228 696 ana’
247 654 337 698 post
361 651 693 688 instaurationem
727 652 860 698 templi
878 652 1097 699 prophetas
1125 651 1270 689 Iudaei
1293 652 1442 690 habere

108 709 332 746 destiterint
362 712 401 746 et
431 709 578 746 exinde
609 719 733 756 usqae
765 710 820 746 aci
849 711 1095 747 nativitatem
1139 710 1288 747 Christi
1318 712 1440 748 conti—

138 768 228 804 nuis
259 767 570 804 adversitatibus
600 768 681 804 sint
711 765 866 818 afflicti,
897 772 941 805 ut
966 768 1214 815 probaretur
1246 770 1412 806 allerias

219 826 353 873 templi
383 825 703 870 aedificationem
732 826 977 873 propheticis
1009 826 1169 863 vocibus
1197 824 1325 873 fuisse

647 885 894 931 promissam.
1470 892 1511 922 10

225 962 364 1001 Postea
392 975 506 1013 quam
539 976 634 1014 gens
661 963 798 1001 Iudaea
832 966 960 1014 coepit
992 976 1069 1002 non
1101 964 1243 1003 habere
1275 965 1440 1016 prophe-

108 1028 185 1073 tas,
223 1021 360 1071 procul
392 1021 508 1059 dubio
548 1021 718 1059 deterior
751 1022 848 1060 saeta
881 1027 959 1073 est,
997 1034 1042 1060 eo
1075 1022 1223 1061 scilieet
1255 1029 1442 1075 tempore,

109 1091 185 1129 quo
218 1091 259 1117 se
292 1079 472 1130 sperabat
497 1081 713 1117 instaurato
745 1080 887 1130 templo
920 1086 1008 1130 post
1039 1082 1311 1132 captivitatem,
1344 1094 1440 1132 quae

109 1138 181 1176 fuit
211 1138 251 1175 in
277 1136 496 1188 Babylonia,
529 1138 700 1176 futuram
725 1150 810 1176 esse
838 1138 1048 1177 melIorem.
1113 1139 1176 1177 Sic
1210 1141 1352 1190 quippe
1384 1142 1440 1178 in-

108 1194 314 1246 tellegebat
359 1196 527 1246 populus
565 1196 627 1234 ille
661 1196 846 1248 carnalis,
890 1197 991 1247 quod
1025 1200 1339 1247 praenuntiatum
1382 1205 1441 1237 est
1470 1207 1510 1237 15

108 1266 178 1304 per
222 1254 417 1304 Aggaeum
460 1254 688 1305 prophetam
733 1254 943 1293 dicentem:
996 1256 1148 1303 Maqna
1190 1259 1268 1294 erit
1308 1259 1441 1304 yloria

109 1314 246 1351 domus
290 1314 402 1350 istius
446 1315 698 1359 novissimae,
738 1316 830 1361 plus
873 1326 990 1361 quam
1027 1317 1206 1362 primae;
1251 1315 1352 1364 quod
1395 1315 1441 1353 de

109 1382 207 1408 novo
240 1375 472 1409 testamento
498 1370 645 1409 dietum
678 1383 763 1409 esse
795 1372 909 1422 paulo
941 1373 1122 1422 superius
1154 1373 1442 1425 demonstravit,

109 1427 176 1466 ubi
214 1430 266 1466 ait
310 1434 441 1479 aperte
481 1428 679 1467 Christum
724 1431 972 1479 promittens:
1017 1431 1069 1468 Et
1107 1432 1266 1469 movebo
1310 1443 1442 1470 omnes

106 1491 255 1535 qentes,
288 1492 326 1525 et
355 1489 483 1526 veniet
514 1489 765 1526 desideratus
797 1491 952 1527 eunetis
980 1490 1176 1536 yentibas.
1239 1488 1323 1534 Quo
1356 1489 1440 1528 loeo
1467 1497 1511 1527 20

111 1546 353 1595 septuaginta
385 1546 620 1596 interpretes
647 1546 764 1583 alium
796 1558 953 1584 sensum
986 1548 1106 1597 magis
1139 1549 1294 1598 corpori
1327 1560 1440 1598 quam

110 1604 244 1655 capiti,
281 1603 355 1641 hoc
388 1609 447 1642 est
478 1605 599 1654 magis
631 1604 818 1642 ecelesiae
851 1616 965 1654 quam
999 1605 1171 1656 Christo,
1209 1607 1440 1644 convenien-

110 1667 188 1699 tem
219 1661 446 1712 prophetica
479 1663 708 1700 auctoritate
741 1662 939 1701 dixerunt:
988 1663 1151 1701 Venient
1181 1676 1284 1711 qaae
1316 1666 1441 1703 eiecta

110 1724 203 1757 sunt
228 1720 390 1758 Domini
414 1721 463 1758 de
494 1722 649 1758 eunetis
671 1722 866 1768 yentibus,
898 1720 935 1758 id
970 1726 1028 1759 est
1058 1721 1247 1772 immines,
1279 1721 1325 1759 de
1358 1724 1440 1772 qui-

110 1777 184 1815 bus
215 1778 298 1827 ipse
330 1777 438 1816 Iesus
470 1779 509 1815 in
542 1778 756 1827 evangelio:
797 1779 932 1825 Malti,
965 1780 1107 1831 inquit,
1140 1783 1288 1827 vocati,
1315 1784 1443 1829 pauci
1468 1789 1511 1820 25

110 1846 204 1874 vero
241 1837 365 1874 electi.
436 1835 593 1874 Talibus
631 1838 734 1874 enim
771 1836 904 1874 electis
942 1839 1115 1887 gentium
1160 1837 1297 1877 domus
1341 1839 1440 1877 aedi-

111 1894 249 1931 ficatur
286 1893 355 1931 Dei
386 1905 456 1944 per
489 1899 762 1932 testamentum
795 1907 937 1932 novum
968 1895 1159 1946 lapidibus
1190 1898 1297 1947 vivis,
1328 1896 1440 1948 longe

111 1951 332 2003 gloriosior,
371 1964 484 2002 quam
525 1952 711 2003 templum
743 1952 835 1991 illud
875 1954 963 2005 suit,
1002 1954 1104 2004 quod
1149 1967 1168 1992 a
1212 1967 1303 2005 rege
1337 1955 1440 1993 Salo-

111 2021 225 2047 mone
266 2016 535 2048 eonstruetum
576 2017 636 2049 est
675 2017 714 2049 et
750 2017 838 2062 post
879 2013 1138 2061 captivitatem
1170 2014 1439 2052 instauratum.

110 2067 277 2118 Propter
317 2068 390 2106 hoc
430 2080 522 2119 ergo
561 2080 633 2107 nec
671 2069 880 2119 prophetas
919 2082 964 2107 ex
1004 2070 1067 2108 illo
1100 2076 1275 2121 tempore
1307 2071 1442 2110 habuit
1468 2081 1511 2110 30

112 2125 175 2163 illa
206 2137 300 2176 gens
326 2132 365 2164 et
390 2126 521 2164 multis
549 2126 722 2165 cladibus
749 2127 888 2165 asssieta
916 2134 976 2166 est
1007 2128 1053 2166 ab
1086 2128 1310 2179 alienigenis
1343 2132 1439 2180 regi-

112 2183 185 2221 bus
216 2185 389 2234 ipsisque
421 2184 616 2236 Romanis‚
648 2197 695 2223 ne
729 2185 827 2223 hane
860 2187 999 2236 Aggaei
1032 2187 1276 2237 prophetiam
1307 2189 1347 2226 in
1378 2188 1440 2226 illa

111 2243 393 2280 instauratione
426 2242 559 2292 templi
591 2245 816 2293 opinaretur
848 2244 1054 2294 impletam.

205 2331 264 2373 2ο)
289 2330 382 2375 Agg.
409 2334 441 2373 2,
470 2334 529 2373 ιο;
557 2335 587 2365 8.
637 2333 696 2374 26)
721 2332 785 2366 Mt.
814 2336 869 2374 22,
896 2336 948 2366 14.
