1548 2562
425 123 477 148 DE
497 122 685 148 01V1TATE
705 123 774 147 DEI
793 123 825 147 L.
844 122 908 147 xv.
928 122 957 147 c.
978 123 1002 148 6.
1022 123 1045 147 7.
1330 113 1384 153 67

57 214 137 250 irae
164 223 251 249 vasa
277 210 518 262 discernens,
550 210 837 262 dispensatione
865 222 938 261 qua
969 212 1052 261 ipse
1085 211 1191 249 novit
1222 211 1386 249 multum

57 269 220 321 occulta,
251 269 318 307 sed
346 274 474 307 tamen
501 270 612 307 iusta.
674 268 761 319 Ipso
795 270 936 319 quippe
969 268 1171 306 adiuvante
1205 268 1386 307 mirabili-

56 327 130 366 bus
168 333 207 366 et
243 326 452 365 latentibus
490 326 632 377 modis,
671 338 758 365 cum
799 332 1002 377 peccatum
1034 327 1136 377 quod
1169 326 1316 365 habitat
1347 329 1387 365 in

57 385 242 424 membris
269 387 425 436 nostris,
458 396 554 435 quae
581 386 711 435 potius
744 387 817 422 iam
849 397 973 435 poena
1003 386 1153 435 peccati
1185 391 1256 437 est,
1287 387 1389 424 sicut

58 443 254 494 apostolus
286 444 491 494 praecipit,
523 454 601 480 non
632 448 769 493 regnat
801 444 840 480 in
873 448 1006 481 nostro
1038 443 1191 481 mortali
1224 455 1387 494 corpore

57 502 104 540 ad
145 501 430 540 oboediendum
469 500 673 538 desideriis
711 502 795 538 eius
839 513 910 539 nec
958 503 994 539 ei
1044 501 1216 540 membra
1256 507 1389 540 nostra

58 560 163 598 velut
193 561 409 610 iniquitatis
441 571 547 597 arma
584 558 829 608 exhibemus,
868 561 1110 598 convertitur
1142 560 1187 598 ad
1219 565 1390 598 mentem

57 630 135 656 non
180 617 253 656 sihi
296 617 342 656 ad
386 617 503 668 mala,
547 616 626 655 Deo
664 622 845 667 regente,
889 620 1197 656 consentientem
1236 623 1275 657 et
1306 630 1390 656 eam

57 681 258 727 regentem
296 675 543 726 tranquillius
581 687 686 713 nunc
725 674 898 726 habebit,
936 681 1070 726 postea
1109 678 1271 715 sanitate
1302 689 1389 727 per-

57 735 157 773 fecta
189 739 303 784 atque
334 733 609 772 inmortalitate
642 739 826 784 percepta
857 733 972 771 homo
1005 735 1087 772 sine
1119 734 1196 772 ullo
1229 740 1388 786 peccato

57 795 95 831 in
129 797 285 831 aeterna
316 803 410 843 pace
443 790 629 842 regnabit.

587 939 737 982 CAPUT
769 939 863 982 VII.

58 1026 117 1064 De
155 1036 280 1064 causa
319 1028 357 1062 et
389 1026 621 1073 pertinacia
652 1026 816 1063 sceleris
852 1025 967 1073 Cain,
1005 1036 1119 1072 quem
1151 1038 1176 1063 a
1204 1025 1392 1074 facinore

322 1088 510 1131 concepto
543 1094 616 1121 nec
648 1083 724 1121 Dei
752 1094 881 1121 sermo
912 1086 1125 1122 revocavit.

176 1163 251 1202 Sed
293 1163 367 1201 hoc
410 1165 555 1215 ipsum,
599 1163 701 1213 quod
746 1165 847 1202 sicut
892 1166 1089 1214 potuimus
1128 1166 1389 1218 exposuimus,

58 1234 147 1261 cum
179 1222 282 1260 Deus
313 1221 466 1260 locutus
499 1227 603 1260 esset
634 1221 679 1259 ad
714 1221 805 1260 Cain
838 1234 883 1260 eo
916 1234 1042 1274 more,
1083 1235 1159 1273 quo
1192 1235 1281 1261 cum
1312 1225 1389 1274 pri—

58 1282 130 1319 mis
161 1279 383 1318 hominibus
421 1292 491 1330 per
529 1284 748 1318 creaturam
780 1280 994 1319 subiectam
1026 1281 1130 1319 velut
1162 1293 1298 1319 eorum
1330 1293 1389 1319 so-

59 1341 142 1377 cius
174 1339 296 1376 forma
329 1350 499 1387 congrua
537 1338 785 1388 loquebatur,
825 1339 915 1388 quid
950 1340 984 1377 ei
1016 1337 1192 1388 profuit?
1254 1339 1389 1378 Nonne

59 1401 291 1447 conceptum
331 1396 458 1434 scelus
496 1398 535 1434 in
573 1397 746 1434 necando
785 1397 903 1435 fratre
943 1398 1057 1435 etiam
1099 1403 1187 1448 post
1228 1397 1390 1436 verbum

60 1455 209 1494 divinae
236 1454 508 1492 admonitionis
535 1452 738 1505 implevit?
787 1454 882 1493 Nam
909 1467 997 1495 cum
1025 1456 1212 1494 sacrificia
1246 1456 1388 1494 discre—

58 1515 178 1551 visset
197 1512 410 1564 amborum,
436 1514 473 1551 in
495 1512 597 1550 illius
624 1514 850 1564 respicienS,
882 1514 997 1552 huius
1025 1513 1254 1564 despicienS,
1287 1515 1390 1564 quod

59 1583 136 1609 non
168 1570 422 1609 dubitandum
461 1576 521 1609 est
557 1573 731 1621 potuisse
765 1573 952 1621 'cognosci
984 1573 1093 1622 signo
1127 1572 1253 1622 aliquo
1286 1573 1390 1610 adte-

60 1634 186 1667 stante
218 1628 370 1680 visibili,
403 1634 440 1666 et
471 1629 544 1666 hoc
576 1629 662 1667 ideo
696 1630 853 1667 fecisset
883 1629 997 1681 Deus,
1031 1631 1118 1679 quia
1152 1630 1248 1668 mala
1280 1637 1391 1668 erant

60 1699 177 1737 opera
208 1687 335 1738 huius,
368 1688 499 1724 fratris
531 1699 622 1725 vero
655 1688 739 1725 eius
771 1687 887 1726 bona:
921 1690 1173 1726 contristatus
1207 1694 1265 1726 est
1297 1688 1388 1726 Cain

60 1745 166 1783 valde
200 1750 239 1783 et
270 1744 438 1782 concidit
471 1745 587 1782 facies
621 1746 715 1783 eius.
779 1744 841 1783 Sic
875 1747 976 1783 enim
1010 1747 1199 1796 scriptum
1232 1751 1307 1785 est:
1339 1747 1390 1785 Et

60 1805 165 1842 dixit
190 1804 381 1841 Dominus
407 1804 464 1841 ad
492 1804 608 1841 Cain:
648 1804 781 1849 Quare
807 1806 932 1842 tristis
960 1804 1097 1852 factus
1129 1817 1169 1842 es
1201 1809 1239 1843 et
1263 1816 1392 1852 quare

60 1863 236 1901 concidit
256 1861 386 1909 facies
413 1863 509 1899 tua?
559 1862 697 1900 Nonne
721 1864 757 1899 si
786 1866 895 1901 recte
925 1863 1086 1910 offeras,
1119 1868 1229 1901 recte
1260 1868 1391 1901 autem

60 1932 137 1958 non
179 1921 350 1970 dividaS,
389 1922 595 1968 peccasti?
652 1921 839 1966 Quiesce;
883 1922 938 1958 ad
973 1926 1010 1959 te
1050 1923 1152 1959 enim
1184 1924 1390 1959 conversio

60 1981 161 2025 eim,
205 1983 243 2016 et
279 1983 320 2016 tu
360 1979 627 2016 dominaberis
666 1981 779 2017 illius.
842 1978 885 2016 In
924 1978 993 2016 hac
1031 1979 1290 2017 admonitione
1331 1979 1390 2017 vel

60 2037 228 2083 monitu,
267 2048 383 2086 quem
415 2035 518 2074 Deus
549 2036 712 2086 protulit
744 2036 788 2074 ad
823 2036 933 2087 Cain,
971 2036 1063 2074 illud
1097 2037 1252 2086 quidem
1287 2037 1389 2087 quod

155 2139 188 2180 7)
213 2136 316 2171 Rom.
345 2140 376 2179 6,
405 2139 445 2170 12
473 2148 525 2180 sq.
576 2138 633 2180 29)
661 2136 748 2171 Gen.
776 2141 807 2180 4,
835 2141 854 2171 6
882 2148 932 2180 sq.

155 2278 198 2308 29
226 2274 485 2319 admonitione,
512 2287 621 2319 quam
647 2287 667 2310 v
693 2277 833 2319 (omisso
858 2276 916 2310 vel
943 2275 1096 2319 monitu)

1060 2334 1107 2368 5*

1418 742 1460 773 10

1418 1174 1459 1203 15

1415 1754 1459 1785 25

1415 2045 1460 2076 30
