1495 2489
32 846 74 876 10

34 1137 75 1167 15

33 1430 76 1460 20

35 1720 79 1750 25

37 2011 81 2041 30

102 123 180 164 138
629 131 655 156 s.
676 130 894 156 AUGUSTINI

634 262 790 304 CAPUT
818 263 889 303 IX.

122 351 181 387 An
217 348 449 397 inferiorem
477 354 633 396 partem
667 353 814 394 terrae,
847 359 950 394 quae
981 352 1142 385 nostrae
1173 348 1414 385 habitationi

213 409 424 446 contraria
457 412 525 452 est,
558 407 770 454 antipodas
802 406 953 444 habere
984 407 1230 443 credendum
1260 407 1320 443 sit.

217 488 328 533 Quod
368 499 458 524 vero
502 493 540 525 et
572 487 774 537 antipodas
807 499 892 524 esse
926 486 1167 538 fabulantur,
1206 486 1243 524 id
1277 492 1335 524 est
1366 486 1433 523 ho-

102 549 225 585 mines
252 558 271 583 a
298 547 493 583 contraria
519 551 628 595 parte
658 551 798 596 terrae,
831 544 897 582 ubi
930 544 986 581 sol
1018 546 1155 595 oritur,
1187 544 1340 594 quando
1372 556 1434 582 oc-

102 605 194 642 cidit
220 604 344 655 nobis,
377 604 535 641 adversa
562 603 726 654 pedibus
759 604 903 641 nostris
937 602 1085 640 calcare
1118 603 1299 652 vestigiat
1331 602 1434 640 nulla

101 665 249 701 ratione
290 662 527 700 credendum
568 667 637 699 est.
700 661 833 711 Neque
875 661 949 698 hoc
981 660 1057 699 ulla
1089 660 1273 698 historica
1305 662 1434 710 cogni-

101 723 205 759 tione
239 720 420 759 didicisse
460 732 500 758 se
545 719 764 770 adfirmant,
805 719 872 757 sed
906 720 1016 769 quasi
1048 718 1313 757 ratiocinando
1345 731 1434 756 con-

101 781 265 830 iectant,
307 791 352 816 eo
395 779 497 828 quod
536 780 638 815 intra
677 789 847 815 convexa
889 777 984 815 caeli
1017 783 1121 815 terra
1153 789 1342 827 suspensa
1375 778 1436 828 sit,

103 838 348 887 eundemque
375 836 503 874 locum
530 836 698 874 mundus
731 834 869 873 habeat
901 841 939 873 et
970 836 1146 873 infimum
1178 841 1217 873 et
1248 835 1436 886 medium3

103 903 141 935 et
167 909 213 934 ex
241 896 311 933 hoc
340 896 549 945 opinantur
576 894 734 932 alteram
761 900 889 932 terrae
916 899 1079 944 partem,
1111 905 1209 943 quae
1234 894 1334 931 infra
1366 900 1437 944 est,

102 954 337 992 habitatione
376 953 576 990 hominum
616 964 749 990 carere
789 964 865 989 non
905 964 1031 1002 posse.
1093 951 1172 990 Nec
1211 951 1437 1003 adtendunt,

103 1014 254 1051 etiamsi
291 1012 413 1062 figura
452 1010 677 1061 conglobata
716 1016 754 1048 et
785 1010 954 1048 rutunda
985 1010 1155 1048 mundus
1186 1022 1271 1048 esse
1304 1009 1436 1048 creda-

104 1077 167 1110 tur
200 1073 279 1109 sive
318 1070 443 1120 aliqua
475 1071 625 1107 ratione
658 1075 916 1119 monstretur,
957 1081 1034 1106 non
1066 1074 1196 1106 tamen
1228 1080 1314 1106 esse
1347 1080 1435 1106 con-

103 1141 283 1180 sequens,
314 1134 358 1166 ut
384 1130 498 1166 etiam
525 1140 572 1166 ex
597 1127 657 1165 illa
685 1133 793 1178 parte
823 1126 869 1164 ab
902 1139 1089 1177 aquarum
1121 1128 1302 1177 congerie
1335 1126 1437 1165 nuda

104 1190 152 1226 sit
184 1194 307 1238 terra3
346 1187 485 1225 deinde
519 1187 670 1224 etiamsi
702 1185 803 1223 nuda
837 1186 903 1237 sit,
942 1197 1068 1235 neque
1101 1184 1173 1223 hoc
1207 1186 1338 1223 statim
1371 1197 1436 1222 ne-

104 1258 212 1285 cesse
257 1257 366 1296 esse,
410 1251 453 1283 ut
497 1244 674 1282 homines
716 1243 865 1281 habeat.
940 1244 1130 1288 Quoniam
1174 1242 1279 1281 nullo
1323 1243 1437 1280 modo

103 1307 297 1355 scriptura
340 1305 414 1341 ista
468 1304 680 1353 mentitur,
730 1314 827 1352 quae
872 1303 1038 1339 narratis
1082 1303 1303 1352 praeteritis
1348 1302 1439 1339 facit

105 1364 218 1401 tidem
245 1375 303 1413 eo,
336 1361 437 1412 quod
465 1363 549 1399 eius
581 1361 777 1411 praedicta
803 1360 1047 1410 conplentur,
1079 1361 1270 1410 nimisque
1303 1359 1437 1398 absur-

104 1422 196 1460 dum
223 1426 293 1471 est,
326 1426 368 1457 ut
395 1420 545 1457 dicatur
578 1419 726 1469 aliquos
756 1419 932 1456 homines
965 1431 1010 1456 ex
1044 1418 1114 1456 hac
1146 1420 1183 1455 in
1218 1418 1320 1456 illam
1351 1429 1437 1468 par-

104 1486 204 1530 tem,
248 1478 392 1517 Oceani
433 1479 679 1515 inmensitate
721 1478 905 1527 traiecta,
946 1478 1125 1526 navigare
1158 1488 1200 1514 ac
1233 1477 1437 1527 pervenire

105 1539 297 1588 potuisse,
335 1542 378 1574 ut
415 1538 530 1574 etiam
568 1535 645 1573 illic
687 1548 733 1573 ex
765 1547 842 1573 uno
875 1534 938 1572 illo
971 1536 1096 1585 primo
1128 1534 1283 1572 homine
1315 1545 1438 1585 genus

105 1597 380 1634 institueretur
405 1594 629 1632 humanum.
680 1593 925 1644 Quapropter
951 1594 1054 1631 inter
1079 1593 1164 1631 illos
1191 1598 1284 1631 tunc
1315 1592 1437 1630 homi-

107 1666 199 1692 num
231 1653 407 1704 populos,
439 1654 504 1702 qui
536 1664 606 1703 per
638 1653 881 1702 septuaginta
913 1650 1008 1688 duas
1040 1656 1176 1701 gentes
1208 1656 1246 1689 et
1276 1651 1438 1689 totidem

106 1712 257 1762 linguas
296 1711 532 1760 colliguntur
565 1711 685 1748 fuisse
718 1710 847 1761 divisi,
879 1721 1132 1760 quaeramus,
1164 1711 1197 1747 si
1228 1721 1438 1759 possumus

106 1772 304 1821 invenire,
348 1769 451 1806 illam
506 1771 545 1806 in
597 1770 712 1806 terris
762 1770 1076 1818 peregrinantem
1121 1769 1314 1805 civitatem
1358 1766 1439 1817 Dei,

107 1841 204 1879 quae
237 1840 361 1878 usque
395 1827 440 1864 ad
474 1826 658 1865 diluvium
702 1838 909 1876 arcamque
941 1826 1130 1876 perducta
1162 1831 1221 1863 est
1253 1832 1367 1875 atque
1400 1826 1439 1862 in

108 1887 194 1925 tiliis
226 1886 306 1924 Noe
339 1897 409 1936 per
448 1897 583 1922 eorum
622 1884 913 1922 benedictiones
946 1895 1216 1933 perseverasse
1249 1889 1438 1921 monstra-

108 1951 189 1996 tur,
222 1946 386 1982 maxime
420 1945 459 1980 in
492 1944 674 1993 maximo,
707 1944 773 1992 qui
806 1948 863 1980 est
896 1941 1109 1992 appellatus
1143 1941 1252 1992 Sem,
1284 1941 1438 1992 quando

109 2003 266 2053 quidem
292 2001 452 2052 lapheth
484 2002 536 2039 ita
568 2000 798 2039 benedictus
824 2005 894 2051 est,
926 2005 970 2038 ut
1001 2001 1041 2038 in
1074 2001 1169 2050 eiuS‚
1203 2000 1335 2038 fratris
1368 2001 1440 2050 sui,

107 2060 286 2099 domibus
318 2059 520 2098 habitaret.

203 2224 244 2252 13
270 2218 414 2252 rutund.
450 2217 516 2250 VR
534 2218 546 2261 ΙΙ
566 2220 609 2250 30
636 2216 798 2251 eiusdem
823 2227 843 2249 v
