1495 2489
51 719 93 749 10

51 1010 93 1041 15

50 1302 93 1333 20

51 1593 93 1623 25

51 1886 94 1916 30

118 86 171 126 78
662 93 688 119 s.
709 92 927 119 AUGUSTINI

117 185 211 237 Noe,
244 191 362 236 quoto
390 186 473 223 eius
500 195 600 221 anno
627 183 814 221 diluvium
845 182 991 220 factum
1023 187 1098 221 est:
1130 182 1197 232 qui
1228 181 1327 220 fiunt
1357 193 1452 220 non-

117 246 224 295 genti
251 244 530 294 quinquaginta
557 243 741 292 quinque,
774 253 820 279 ex
854 252 931 291 quo
962 240 1216 279 Mathusalam
1248 245 1362 278 natus
1394 245 1454 278 est

118 314 242 352 usque
270 302 315 339 ad
343 313 486 339 annum
513 299 657 338 diluvii.
719 299 864 337 Omnes
895 305 1024 337 autem
1051 300 1141 337 anni
1172 300 1271 337 vitae
1303 297 1451 337 Mathu-

118 361 235 399 salam
274 361 461 410 nongenti
499 359 696 408 sexaginta
734 369 872 396 novem
909 362 1189 408 conputantur,
1221 358 1331 408 quia,
1364 368 1454 394 cum

117 421 277 457 vixisset
303 430 424 456 annos
451 422 608 455 centum
629 417 826 466 sexaginta
851 421 1000 466 septem
1028 420 1065 453 et
1091 416 1290 465 genuisset
1321 414 1454 466 filium,

119 479 185 528 qui
218 482 277 514 est
309 475 523 526 appellatus
550 474 729 525 Lamech,
760 479 849 525 post
881 486 968 512 eum
1001 475 1175 524 genitum
1208 474 1301 511 vixit
1333 484 1455 511 annos

118 538 363 585 octingentos
401 534 495 585 duo3
535 535 600 584 qui
639 545 791 584 omnes,
823 538 867 571 ut
904 532 1089 583 diximus,
1128 532 1315 582 nongenti
1347 543 1453 569 sexa-

118 596 222 644 ginta
250 605 388 631 novem
414 593 523 630 fiunt.
584 591 693 630 Unde
721 591 905 629 detractis
937 592 1143 641 nongentis
1175 590 1455 640 quinquaginta

119 654 292 703 quinque
333 651 379 689 ab
412 657 501 689 ortu
531 649 766 688 Mathusalae
798 661 923 700 usque
956 649 1002 687 ad
1034 648 1220 687 diluvium
1252 652 1457 686 remanent

119 709 456 761 quattuordecim,
513 708 654 759 quibus
704 709 845 746 vixisse
895 707 1070 745 creditur
1119 711 1207 757 post
1256 705 1454 744 diluvium.

119 768 285 819 Propter
311 767 414 818 quod
442 779 532 806 eum
558 766 746 818 nonnulli,
779 768 852 804 etsi
878 778 955 804 non
981 767 1021 803 in
1052 771 1169 815 terra,
1200 763 1268 802 ubi
1299 775 1455 802 omnem

119 838 294 878 carnem,
333 838 448 877 quam
486 827 615 863 vivere
654 827 693 863 in
733 826 842 875 aquis
875 830 1013 862 natura
1046 835 1123 861 non
1157 824 1265 874 sinit,
1304 827 1456 861 constat

119 886 240 924 fuisse
279 885 464 936 deletam,
504 895 593 922 cum
630 889 740 934 patre
780 895 849 921 suo
883 884 949 933 qui
981 881 1191 921 translatus
1230 881 1358 919 fuerat
1389 880 1454 918 ali-

120 948 309 994 quantum
353 944 473 981 fuisse
518 948 633 992 atque
677 941 747 993 ihi,
798 941 922 979 donec
975 940 1163 979 diluvium
1210 940 1455 991 praeteriret,

119 1004 260 1040 vixisse
307 1001 563 1048 arbitrantur,
613 1000 790 1038 nolentes
841 1000 1028 1050 derogare
1078 998 1193 1036 fidem
1243 996 1456 1049 codicibus,

122 1072 220 1111 quos
269 1061 310 1098 in
354 1061 625 1098 auctoritatem
670 1058 927 1096 celebriorem
971 1058 1145 1107 suscepit
1189 1055 1373 1108 ecclesia,
1417 1060 1456 1094 et

120 1118 327 1157 credentes
353 1117 587 1156 ludaeorum
618 1118 748 1167 potius
782 1127 896 1166 quam
928 1117 1023 1154 istos
1061 1126 1137 1153 non
1170 1114 1313 1152 habere
1349 1113 1454 1164 quod

122 1189 256 1215 verum
298 1182 367 1215 est.
429 1176 514 1214 Non
559 1177 662 1213 eni1n
701 1175 926 1225 admittunt,
969 1173 1071 1224 quod
1110 1174 1231 1223 mgis
1268 1172 1330 1210 hic
1369 1183 1455 1210 esse

120 1236 293 1287 potuerit
331 1247 442 1273 error
479 1236 758 1285 interpretum,
797 1244 911 1283 quam
950 1233 989 1270 in
1027 1244 1071 1270 ea
1108 1231 1239 1281 lingua
1271 1242 1356 1268 esse
1389 1229 1454 1268 fal-

120 1306 225 1345 sum,
256 1293 359 1332 unde
392 1295 432 1330 in
465 1298 638 1331 nostram
670 1304 740 1343 per
773 1291 958 1329 Graecam
991 1292 1185 1340 scriptura
1217 1290 1299 1339 ipsa
1330 1294 1454 1327 trans-

118 1352 195 1391 lata
233 1357 310 1403 est,
349 1351 415 1389 sed
454 1352 638 1401 inquiunt
675 1362 753 1387 non
787 1361 870 1387 esse
905 1348 1090 1387 credibile
1123 1348 1368 1398 septuaginta
1399 1348 1455 1384 in-

118 1415 326 1461 terpreteS,
359 1411 425 1459 qui
457 1421 535 1447 uno
569 1408 683 1446 simul
715 1413 890 1458 tempore
923 1419 1080 1457 unoque
1114 1418 1231 1444 sensu
1264 1407 1455 1456 interpre-

119 1470 189 1507 tati
227 1474 335 1519 sunt,
374 1479 505 1505 errare
543 1468 717 1517 potuisse
756 1472 821 1504 aut
858 1465 925 1503 ubi
963 1465 1058 1503 nihil
1101 1476 1236 1502 eorum
1268 1465 1457 1502 intererat

119 1526 288 1565 voluisse
321 1527 496 1576 mentiri,
530 1525 691 1563 ludaeos
723 1536 834 1575 ver0,
866 1524 957 1562 dum
991 1523 1102 1561 uobis
1134 1522 1319 1572 invident,
1351 1520 1456 1572 quod

121 1584 182 1623 lex
208 1590 247 1623 et
272 1584 483 1635 prophetae
512 1583 557 1621 ad
585 1595 655 1621 nos
687 1582 981 1633 interpretando
1014 1582 1253 1632 transierint,
1285 1584 1455 1618 mutasse

121 1642 310 1694 quaedam
335 1644 375 1681 in
403 1641 603 1680 codicibus
635 1643 728 1693 suis,
761 1647 804 1679 ut
835 1642 979 1678 nostris
1011 1641 1256 1678 minueretur
1288 1638 1454 1676 auctori-

120 1708 190 1741 tas.
252 1700 359 1739 Hanc
385 1702 609 1751 opinionem
635 1699 693 1737 vel
725 1701 989 1749 suspicionem
1020 1699 1183 1748 accipiat
1215 1697 1380 1746 quisque
1413 1701 1457 1734 ut

120 1761 335 1811 putaverit3
367 1764 518 1796 certum
551 1763 610 1796 est
641 1763 768 1796 tamen
807 1769 884 1795 non
916 1758 1056 1794 vixisse
1083 1754 1336 1794 Mathusalam
1367 1758 1457 1804 post

121 1818 320 1869 diluvium,
352 1816 419 1855 sed
447 1816 583 1854 eodem
609 1828 708 1853 anno
742 1816 860 1853 fuisse
894 1815 1134 1865 defunctum,
1166 1814 1198 1851 si
1230 1823 1366 1850 verum
1398 1817 1457 1850 est

122 1876 225 1926 quod
265 1876 312 1914 de
351 1887 515 1913 numero
553 1885 744 1912 annorum
782 1875 821 1911 in
854 1872 1040 1910 Hebraeis
1078 1870 1277 1909 codicibus
1309 1871 1454 1908 inveni-

121 1940 197 1973 tur.
259 1933 312 1971 De
350 1933 424 1971 illis
463 1938 593 1971 autem
631 1932 874 1982 septuaginta
911 1929 1192 1981 interpretibus
1231 1927 1323 1979 quid
1361 1927 1456 1966 mihi

218 2212 234 2241 1
263 2219 372 2251 nung.
399 2207 451 2241 R¹
478 2208 626 2250 itemque
644 2206 760 2250 paulo
782 2209 863 2249 post
889 2206 901 2249 ΙΙ
926 2209 945 2239 3
972 2203 1069 2238 enim
1102 2203 1134 2237 V
1150 2205 1161 2247 ΙΙ
1181 2207 1199 2237 7
1227 2203 1298 2237 duo
1332 2201 1454 2245 VRF‚-

127 2255 218 2289 duos
244 2266 263 2288 v
283 2256 294 2298 ΙΙ
314 2258 333 2288 8
360 2265 470 2297 nung.
506 2253 539 2286 V
560 2255 710 2297 itemque
733 2253 877 2296 saepius
