1548 2562
365 93 417 118 DE
437 92 626 118 CIVITATE
646 93 716 118 DEI
734 93 767 118 L.
786 93 867 120 XIV.
889 93 919 120 C.
939 94 981 120 16.
1000 95 1044 120 17.
1316 84 1370 126 39

48 181 109 219 ille
147 186 275 219 motus
310 186 494 231 poscente
533 181 655 233 nullo,
693 181 895 232 aliquando
933 188 1062 220 autem
1099 181 1275 221 destituit
1313 184 1369 221 in-

49 239 236 291 hiantem,
274 243 312 276 et
349 251 436 277 cum
475 240 513 276 in
547 241 672 278 animo
705 241 1019 290 concupiscentia
1050 241 1212 291 ferveat,
1255 241 1372 291 friget

47 299 87 335 in
119 309 299 348 corpore3
331 303 444 347 atque
477 298 527 335 ita
560 299 701 336 mirum
733 299 772 336 in
804 297 960 336 modum
991 310 1068 336 non
1101 298 1224 336 solum
1255 311 1369 349 gene-

48 355 158 394 randi
185 354 383 407 voluntati,
413 367 547 393 verum
574 357 689 394 etiam
715 354 937 394 lasciviendi
962 356 1113 394 libidini
1143 356 1260 394 libido
1293 369 1370 394 non

47 415 177 464 servit,
210 418 248 451 et
273 425 361 452 cum
386 419 465 451 tota
496 413 726 464 plerumque
753 416 873 452 menti
906 414 1101 453 cohibenti
1133 414 1370 467 adversetur,
1396 423 1416 453 5

48 483 338 522 nonnumquam
382 476 420 510 et
462 471 646 510 adversus
686 484 726 510 se
763 474 845 522 ipsa
885 472 1068 511 dividitur
1100 478 1370 523 commotoque

46 532 172 568 animo
204 531 244 567 in
276 529 550 568 commovendo
584 541 747 580 corpore
781 542 821 568 se
852 532 935 581 ipsa
966 543 1044 569 non
1076 533 1262 581 sequitur.

545 653 699 697 CAPUT
730 654 866 696 XVII.

76 740 134 778 De
165 741 345 778 nuditate
371 742 592 788 primorum
622 741 838 787 hominum,
871 751 989 787 quam
1014 745 1104 788 post
1130 745 1341 790 peccatum

348 803 502 847 turpem
528 799 836 846 pudendamque
867 800 1061 836 viderunt.
1398 807 1439 837 10

163 879 300 918 Merito
332 879 447 917 huius
479 878 648 917 libidinis
679 880 842 917 maxime
875 879 1011 931 pudet,
1050 881 1188 918 merito
1222 885 1260 918 et
1289 881 1372 930 ipsa

47 937 230 989 membra,
262 949 358 987 quae
375 949 455 982 ⁸suo
481 937 658 988 quodam,
690 943 732 975 ut
756 938 808 975 ita
834 937 1008 988 dixerim,
1034 939 1133 987 iure,
1165 950 1242 976 non
1269 940 1372 976 omni

47 995 161 1033 modo
187 996 233 1033 ad
260 995 462 1034 arbitrium
488 1001 664 1034 nostrum
691 1001 818 1033 movet
850 1002 915 1033 aut
946 1008 1022 1033 non
1055 1001 1193 1047 movet,
1225 996 1370 1046 puden-

46 1054 92 1092 da
133 1054 332 1105 dicuntur,
377 1053 477 1104 quod
516 1059 603 1092 ante
641 1059 843 1104 peccatum
882 1054 1047 1092 hominis
1086 1066 1163 1092 non
1202 1055 1370 1092 suerunt.

46 1111 143 1150 Nam
168 1113 269 1150 sicut
294 1113 481 1162 scriptum
507 1117 586 1150 est:
619 1113 727 1150 Nudi
750 1117 877 1159 erant,
905 1118 941 1151 et
967 1124 1044 1150 non
1071 1112 1367 1160 confundeban-
1398 1121 1438 1151 15

47 1175 133 1218 tur,
166 1182 243 1208 non
269 1170 371 1220 quod
399 1171 454 1208 eis
487 1182 555 1208 sua
587 1170 740 1208 nuditas
773 1176 875 1208 esset
907 1172 1115 1222 incognita,
1148 1171 1214 1208 sed
1247 1172 1372 1221 turpis

47 1228 200 1267 nuditas
241 1229 412 1266 nondum
457 1234 555 1281 erat,
600 1230 689 1278 quia
726 1228 897 1266 nondum
941 1228 1057 1266 libido
1097 1228 1268 1267 membra
1310 1229 1373 1267 illa

46 1291 201 1337 praeter
245 1285 447 1325 arbitrium
492 1286 774 1338 commovebat,
818 1287 991 1324 nondum
1030 1287 1074 1324 ad
1113 1287 1279 1325 hominis
1316 1289 1372 1325 in-

45 1344 329 1383 oboedientiam
368 1345 675 1395 redarguendam
713 1357 781 1383 sua
829 1344 1115 1383 inoboedientia
1152 1357 1241 1383 caro
1280 1358 1372 1395 quo-

45 1403 131 1441 dam
176 1402 289 1441 modo
332 1404 596 1441 testimonium
640 1402 877 1454 perhibebat.
940 1403 1073 1453 Neque
1118 1405 1221 1441 enim
1265 1405 1371 1442 caeci
1397 1412 1440 1442 20

47 1463 167 1500 creati
205 1467 331 1513 erant,
369 1467 412 1500 ut
448 1463 660 1512 inperitum
697 1461 834 1511 vulgus
867 1463 1064 1512 opinatur3
1105 1461 1257 1512 quando
1290 1463 1372 1512 qui-

14 1548 17 1551 -
46 1520 135 1558 dem
166 1525 205 1558 et
236 1519 298 1558 ille
331 1519 424 1557 vidit
455 1520 650 1567 animalia,
684 1519 824 1570 quibus
856 1521 1010 1557 nomina
1042 1522 1224 1571 inposuit,
1257 1526 1295 1558 et
1326 1520 1372 1558 de

46 1578 108 1616 illa
145 1578 303 1628 legitur:
357 1578 461 1616 Vidit
496 1581 638 1617 mulier
675 1581 769 1626 quia
807 1579 948 1616 bonum
987 1580 1137 1625 leynam
1168 1580 1209 1616 in
1242 1590 1372 1617 eseam

47 1641 85 1675 et
114 1639 209 1685 quia
236 1638 371 1685 placet
401 1639 525 1674 oculis
563 1638 619 1675 ad
648 1637 868 1674 videndum.
929 1635 1115 1674 Patebant
1147 1648 1238 1685 ergo
1271 1636 1372 1674 oculi

47 1706 194 1745 eorum,
226 1693 293 1732 sed
319 1694 364 1732 ad
391 1694 463 1732 hoc
495 1706 571 1732 non
604 1700 714 1733 erant
744 1695 878 1746 aperti,
909 1693 982 1732 hoc
1014 1699 1073 1732 est
1104 1706 1181 1732 non
1213 1693 1369 1745 adtenti,
1399 1702 1441 1733 25

47 1758 91 1791 ut
122 1758 403 1802 cognoscerent
440 1752 531 1802 quid
570 1754 625 1791 eis
662 1752 888 1790 indumento
921 1753 1064 1802 gratiae
1097 1758 1372 1805 praestaretur,

47 1811 200 1861 quando
244 1809 416 1848 membra
466 1822 602 1854 eorum
645 1810 831 1849 voluntati
875 1821 1091 1861 repugnare
1136 1810 1370 1849 nesciebant.

48 1868 131 1914 Qua
161 1870 282 1919 gratia
314 1875 478 1920 remota,
517 1874 560 1907 ut
591 1881 714 1920 poena
746 1870 945 1919 reciproca
976 1868 1261 1907 inoboedientia
1293 1869 1371 1920 ple-

47 1932 231 1978 cteretur,
262 1928 388 1966 extitit
413 1928 452 1965 in
479 1932 585 1965 motu
618 1928 792 1978 corporis
825 1926 1011 1977 quaedam
1043 1926 1234 1977 inpudens
1266 1929 1370 1965 novi-

46 1990 122 2037 tas,
163 1985 264 2023 unde
296 1990 399 2023 esset
430 1985 614 2024 indecens
646 1985 810 2036 nuditas,
843 1990 881 2023 et
912 1985 1002 2024 fecit
1034 1985 1210 2023 adtentos
1242 1985 1367 2024 reddi-
1396 1995 1440 2026 30

144 2076 200 2118 16)
227 2074 315 2109 Gen.
342 2077 375 2117 2,
401 2075 494 2117 25(3‚
522 2076 566 2118 1).
616 2074 674 2117 24)
700 2073 750 2108 lb.
777 2078 809 2116 3,
836 2077 868 2108 6.

140 2207 160 2237 6
185 2202 266 2247 ipsa
297 2202 383 2244 VA,·
407 2202 525 2246 ipsam
551 2213 571 2237 v
602 2203 614 2246 u
646 2206 687 2236 13
714 2203 905 2236 mouentur
930 2203 994 2236 aut
1018 2213 1090 2237 non
1115 2205 1308 2237 mouentur
1334 2214 1372 2245 e;

46 2249 106 2284 sed
130 2249 174 2292 cf.
200 2253 247 2283 17
255 2262 267 2291 ‚·
291 2252 349 2291 43,
374 2252 422 2284 12
448 2259 497 2293 sq.
