1548 2562
416 146 468 171 DE
487 145 674 171 CIVITATE
693 147 760 170 DEI
779 146 812 171 L.
832 146 912 170 XIV.
932 146 960 171 c.
981 147 1003 170 9.
1314 136 1366 176 21

54 237 125 275 bus
156 235 279 287 bonis,
310 235 487 274 audiunt:
518 236 700 273 Hilarem
732 237 909 273 datorem
942 236 1070 281 dillqe't
1101 235 1217 273 Deus.
1274 234 1370 272 Item

53 296 167 333 sicuti
203 306 244 332 se
281 293 483 331 infirmitas
516 305 651 331 eorum
683 294 922 342 firmitasque
955 292 1150 343 habuerit,
1192 298 1370 330 metuunt

53 348 254 404 t‘emptari,
302 353 463 402 cupiunt
517 353 714 402 ‘temptari3
772 351 902 389 dolent
950 351 989 388 in
1039 350 1369 401 temptationibus,

53 411 218 462 gaudent
257 411 296 448 in
337 409 665 460 temptationibus.
732 409 782 447 Ut
822 411 924 446 enim
965 414 1137 447 metuant
1177 410 1368 460 temptari,

53 469 227 508 audiunt:
259 468 312 518 ⁴82·
346 470 432 516 quis
465 472 787 516 praeoccupatus
820 467 948 515 fuerit
978 469 1018 505 in
1051 469 1183 514 aliquo
1215 469 1369 518 delicto,
1395 473 1415 503 5

54 539 134 574 vos,
172 529 241 575 qui
269 528 469 575 spiritales
510 528 620 572 estis,
659 528 841 563 instruite
872 527 988 563 huius
1019 527 1126 563 modi
1156 528 1194 563 in
1226 527 1368 573 spiritu

52 586 380 632 mansuetudinis,
419 586 624 622 intendens
666 588 702 622 te
738 586 882 632 ipsum,
923 596 972 621 ne
1009 588 1047 621 et
1077 589 1118 621 tu
1150 586 1369 632 temptere's;

52 650 96 682 ut
126 648 253 682 autem
293 644 449 693 cupiant
488 643 684 692 temptari,
722 641 883 679 andiunt
915 641 1105 691 quendam
1138 643 1261 679 virum
1294 642 1368 678 for·

53 708 130 741 tem
155 702 317 740 civitatis
343 700 411 739 Dei
443 700 652 738 dicentem:
684 700 817 738 Proba
849 711 919 746 me,
951 700 1126 746 Domine,
1158 705 1196 738 et
1227 704 1370 747 templa

53 772 132 805 me,·
168 771 242 798 ure
278 772 393 798 renes
430 770 533 798 meos
571 763 609 797 et
645 770 716 797 cor
753 769 900 803 meum,-
941 762 984 795 ut
1021 757 1174 796 doleant
1204 759 1244 796 in
1275 763 1368 796 tem·
1398 765 1439 795 10

52 817 304 869 ptationibus,
342 816 472 855 vident
503 816 662 855 Petrum
700 816 872 867 ssentem3
912 820 954 853 ut
985 815 1175 865 gaudeant
1205 817 1243 853 in
1276 821 1371 854 tem-

52 875 304 927 ptationibus,
348 875 509 913 andiunt
548 874 729 913 Iacobum
770 875 979 912 dicentem:
1023 874 1141 912 Omne
1178 876 1372 921 (fatalium

53 937 292 981 existimate,
330 933 485 982 fratres
516 936 609 980 mei,
641 945 729 971 cum
768 935 807 971 2'72
847 935 1115 981 temptationes
1147 935 1282 970 varias
1315 935 1370 970 in-

53 995 241 1032 cideritz's.

167 1051 252 1088 Non
284 1050 406 1088 solum
433 1055 561 1088 autem
593 1054 753 1099 propter
785 1062 824 1086 se
857 1050 961 1099 ipsos
993 1048 1052 1086 his
1085 1053 1287 1086 moventur
1319 1048 1370 1085 af·
1401 1055 1440 1085 15

53 1109 236 1160 semibus,
274 1120 407 1146 verum
440 1109 555 1146 etiam
586 1113 744 1158 propter
777 1119 863 1158 eos,
895 1119 992 1157 quos
1023 1106 1179 1144 liberari
1212 1107 1373 1156 cupiunt

54 1173 92 1206 et
122 1180 169 1205 ne
208 1172 368 1218 pereant
405 1172 599 1217 metuunt,
639 1171 676 1204 et
714 1165 845 1203 dolent
876 1166 907 1203 si
939 1170 1105 1216 pereunt
1136 1170 1174 1202 et
1205 1163 1373 1214 gaudent

54 1227 85 1264 si
104 1225 328 1264 liberantur.
378 1224 488 1262 Illum
509 1226 651 1274 quippe
678 1226 866 1274 optimum
893 1229 931 1261 et
956 1224 1210 1261 fortissimum
1236 1224 1373 1273 virum,

54 1285 119 1334 qui
158 1285 198 1322 in
236 1285 316 1321 suis
352 1282 640 1321 infirmitatibus
678 1282 883 1332 gloriatur,
927 1287 969 1319 ut
1010 1293 1098 1319 enm
1128 1282 1373 1331 potissimum

54 1353 411 1392 commemoremus
444 1342 509 1391 qui
540 1342 578 1378 in
611 1340 812 1378 ecclesiam
846 1339 989 1378 Christi
1022 1352 1067 1377 ex
1099 1339 1279 1389 gentibus
1311 1351 1371 1376 ve-
1400 1346 1442 1376 20

53 1402 197 1451 nimus,
229 1400 426 1438 doctorem
459 1401 630 1449 gentium
662 1401 701 1436 in
732 1398 806 1436 fide
838 1404 877 1436 et
908 1400 1088 1447 veritate,
1120 1399 1186 1448 qui
1218 1403 1256 1435 et
1288 1397 1373 1448 plus

54 1458 232 1497 omnibus
273 1459 354 1496 suis
391 1457 622 1508 coapostolis
660 1457 844 1495 laboravit
891 1462 928 1495 et
971 1455 1147 1506 pluribus
1198 1455 1373 1506 epistulis

53 1516 214 1568 populos
241 1515 321 1567 Dei,
352 1528 428 1554 non
455 1528 520 1553 eos
552 1520 712 1566 tantum,
745 1516 810 1565 qui
842 1520 1066 1565 praesentes
1098 1513 1143 1551 ab
1176 1514 1239 1551 illo
1272 1513 1372 1551 vide-

54 1575 213 1626 bantur,
242 1586 376 1612 verum
409 1576 523 1613 etiam
554 1573 657 1625 illos,
690 1575 756 1624 qui
788 1574 910 1611 futuri
942 1572 1285 1624 praevidebantur,
1317 1573 1372 1610 in-

55 1635 211 1685 struxit3
249 1632 374 1684 illum,
419 1634 591 1683 inquam,
632 1633 774 1682 virum,
811 1631 990 1669 athletam
1025 1630 1184 1681 Christi,
1217 1630 1372 1668 doctum
1400 1637 1442 1668 25

55 1691 100 1730 ab
125 1691 202 1742 illo,
233 1697 393 1729 unctum
419 1690 466 1728 de
498 1690 575 1742 illo,
606 1691 833 1728 crucifixum
866 1701 953 1727 cum
986 1689 1060 1739 illo,
1092 1688 1302 1738 gloriosum
1333 1689 1373 1726 in

54 1749 134 1801 illo,
171 1751 210 1787 in
248 1749 398 1787 theatro
436 1749 552 1786 huius
584 1749 737 1799 mundi,
770 1749 832 1786 cui
863 1747 1126 1798 spectaculum
1159 1747 1282 1784 factus
1315 1752 1374 1784 est

55 1813 92 1846 et
123 1807 266 1858 angelis
294 1812 330 1845 et
356 1806 587 1858 hominibus,
619 1807 787 1856 legitime
820 1818 998 1856 magnum
1031 1817 1191 1855 agonem
1224 1810 1372 1843 certan—

55 1872 132 1904 tem
157 1871 196 1904 et
220 1865 383 1916 palmam
409 1877 598 1916 supernae
626 1866 834 1903 vocationis
860 1866 899 1901 in
925 1865 1117 1902 anteriora
1150 1868 1373 1914 sectantem,

55 1923 176 1963 oculis
215 1924 304 1962 fidei
341 1923 593 1962 libentissime
632 1928 808 1974 spectant
839 1916 1010 1973 gaudere
1049 1933 1137 1959 cum
1175 1921 1372 1971 gaudenti·
1400 1929 1443 1959 30

149 2014 181 2056 1)
207 2017 239 2047 2.
266 2012 344 2047 Cor.
371 2016 402 2054 9,
430 2016 460 2047 7.
512 2015 544 2055 7)
572 2012 650 2046 Gal.
679 2017 709 2054 6,
740 2016 767 2046 1.
821 2014 875 2055 10)
901 2012 958 2045 ΡΞ.
986 2014 1039 2052 25,
1066 2014 1096 2043 2.
1148 2012 1204 2052 11)
1229 2009 1292 2043 Mt.
1318 2013 1374 2051 26,

58 2063 110 2094 75.
160 2061 216 2103 14)
242 2059 313 2094 Iac.
342 2064 371 2102 1,
397 2063 428 2093 2.
480 2061 535 2100 19)
556 2063 586 2093 2.
616 2058 693 2093 Cor.
722 2062 774 2101 12,
801 2061 832 2092 5.
883 2060 940 2099 22)
968 2061 997 2090 1.
1024 2057 1101 2091 Cor.
1132 2060 1184 2100 15,
1213 2060 1264 2090 10.
1315 2058 1373 2097 26)

56 2105 138 2186 3123,
169 2111 199 2186 13,
234 2110 286 2186 ἒξ.
338 2110 368 2139 2.
400 2105 478 2140 Cor.
508 2110 537 2147 1,
564 2109 618 2139 21.
668 2104 799 2147 Ga1.2‚
826 2108 878 2138 20.
929 2106 986 2145 28)
1016 2108 1043 2138 1.
1071 2104 1148 2137 Cor.
1176 2107 1208 2145 4,
1234 2106 1264 2137 9.
1315 2104 1373 2145 29)

141 2179 147 2185 .
199 2179 207 2195 ,
282 2181 288 2188 ,

150 2261 168 2291 1
194 2256 347 2290 hilarem
379 2256 475 2290 enim
500 2255 539 2289 F
561 2265 622 2289 sec.
651 2255 776 2290 Graec.
807 2256 818 2298 ΙΙ
849 2257 892 2288 28
917 2265 1090 2298 magnum
1117 2264 1271 2297 agonem
1303 2253 1371 2296 Vv3

56 2314 188 2347 magno
215 2314 329 2348 agone
355 2302 430 2336 AF
446 2303 457 2346 ΙΙ
477 2306 520 2336 30
545 2302 769 2345 spectantem
795 2301 893 2343 Abef
