1611 2465
51 782 91 811 10

53 1074 91 1104 15

51 1952 93 1983 30

118 146 200 187 628
654 155 682 180 s.
703 154 920 182 AUGUSTm1

118 251 225 293 sunt,
264 246 476 283 invenitur:
516 245 566 283 El
605 247 643 283 in
683 256 811 284 earne
847 256 935 284 mea
967 247 1106 285 videbo
1138 246 1283 298 Deum,
1321 258 1451 285 resur-

117 305 332 342 rectionem
383 303 540 354 quidem
590 305 718 341 carnis
768 304 851 342 sine
901 302 1019 342 dubio
1069 304 1331 357 prophetavit,
1376 317 1453 344 non

117 368 246 401 tamen
273 362 385 400 dixit:
416 361 516 413 „Per
543 373 700 401 carnem
727 358 889 400 meam.“
951 361 1062 407 Quod
1090 363 1247 413 quidem
1273 365 1305 402 si
1337 363 1452 402 dixis-

118 426 197 472 set,
241 426 373 472 posset
412 420 515 459 Deus
555 419 733 459 Christus
771 420 961 473 intellegi,
1006 422 1073 471 qui
1109 433 1180 472 per
1219 434 1375 460 carnem
1414 424 1452 461 in

119 492 233 517 carne
261 478 473 531 videbitur3
506 491 728 518 nunc-vero
755 484 883 530 potest
917 487 954 518 et
987 480 1041 518 sic
1074 481 1214 531 accipi:
1247 481 1295 519 In
1328 492 1454 520 carne

118 550 205 576 mea
242 539 381 577 videbo
419 539 569 589 Deum,
614 550 656 576 ac
696 539 728 576 si
766 538 943 577 dixisset:
986 538 1063 590 „In
1102 550 1218 578 carne
1258 551 1341 578 mea
1374 552 1453 591 ero,

120 608 209 635 cum
234 596 371 635 videbo
398 593 558 635 Deum.“
618 596 667 634 Et
686 596 792 647 illud,
824 596 927 647 quod
961 599 1012 636 ait
1044 597 1259 648 apostolus:
1291 599 1453 638 Faciem

119 657 174 694 (td
200 655 360 704 faeiem,
393 667 471 694 non
504 656 605 706 cogit
638 661 681 694 ut
713 654 835 694 Deum
867 667 937 706 per
969 655 1067 694 hanc
1101 656 1239 695 faciem
1271 668 1452 708 corpora-

118 714 205 765 lem,
238 714 305 752 uhi
332 720 422 753 sunt
449 714 551 753 oculi
577 713 811 765 corporales,
844 726 913 752 nos
939 716 1092 752 visuros
1120 726 1204 753 esse
1237 715 1453 767 credamus,

119 784 235 823 quem
280 775 420 824 spiritu
465 775 547 811 sine
591 774 880 811 intermissione
925 772 1152 812 videbimus.
1223 773 1307 813 Nisi
1351 776 1453 813 enim

118 837 222 870 esset
261 833 375 870 etiam
417 833 616 870 interioris
656 831 825 869 hominis
867 832 1005 883 facies,
1046 844 1124 870 non
1163 832 1311 871 diceret
1351 832 1452 871 idem

118 890 332 941 apostolus:
366 892 444 929 Nos
471 896 601 930 autem
633 892 811 929 revelata
839 889 951 938 faeie
979 893 1153 939 ylore'am
1180 892 1340 930 Domini
1368 904 1452 942 spe-

119 951 297 987 culantes
330 952 369 988 2'72
402 950 569 988 eandem
601 951 812 997 imaginem
839 948 1204 1002 ¹transfornmmur,
1243 952 1292 989 de
1320 953 1454 998 qloria

119 1010 157 1046 in
187 1010 381 1056 ρῖονὶαφη,
415 1013 616 1056 tamquam
648 1020 672 1046 α
705 1008 866 1047 Domini
894 1010 1038 1056 spiritu
1048 1022 1063 1053 ;
1095 1020 1166 1046 nec
1199 1008 1310 1047 aliter
1342 1008 1452 1047 intel-

119 1066 282 1117 legimus
316 1066 418 1117 quod
450 1067 490 1104 in
516 1066 663 1117 psalmo
696 1068 866 1104 canitur:
898 1068 1089 1105 Accedite
1121 1069 1178 1106 ad
1206 1079 1295 1106 eum
1327 1073 1365 1106 et
1396 1070 1452 1106 in-

119 1127 379 1176 luminamim,
406 1130 444 1164 et
458 1125 588 1173 facies
608 1130 766 1164 vestrae
791 1136 866 1163 non
895 1125 1139 1164 erubescent.
1190 1125 1282 1164 Fide
1310 1127 1452 1177 quippe

120 1183 318 1222 acceditur
359 1183 406 1222 ad
438 1183 581 1235 Deum,
621 1195 735 1234 quam
769 1183 896 1221 cordis
929 1189 1081 1222 constat
1113 1195 1216 1235 esse,
1257 1196 1334 1222 non
1368 1197 1451 1222 cor-

119 1243 236 1292 poris.
300 1241 376 1280 Sed
409 1244 499 1292 quia
532 1241 702 1293 spiritale
736 1253 878 1292 corpus
912 1243 1108 1280 nescimus
1141 1248 1305 1292 quantos
1337 1242 1452 1280 habe-

120 1300 175 1339 bit
201 1312 381 1339 accessus
409 1296 475 1353 (de
503 1312 544 1339 re
573 1302 714 1351 quippe
742 1301 942 1351 inexperta
967 1297 1197 1353 loquimur),
1224 1300 1290 1339 ubi
1315 1300 1453 1352 aliqua,

50 1368 68 1385 ‘¹
121 1371 217 1409 quae
250 1358 361 1398 aliter
393 1358 566 1409 intellegi
597 1364 776 1410 nequeat,
809 1358 1027 1397 divinarum
1059 1360 1344 1410 scripturarum
1375 1371 1452 1398 non

120 1419 291 1456 occurrit
324 1424 362 1456 et
394 1419 591 1456 succurrit
623 1418 850 1468 auctoritaS,
888 1429 1048 1455 necesse
1082 1423 1141 1456 est
1182 1423 1225 1456 ut
1256 1419 1452 1469 contingat

119 1478 158 1514 in
202 1475 313 1514 nobis
352 1476 456 1527 quod
495 1476 637 1527 legitur
675 1477 713 1514 in
758 1475 856 1514 libro
900 1475 1137 1526 Sapientiae:
1187 1477 1452 1525 Coqitationes

119 1537 345 1574 mortalium
377 1537 540 1574 timidae
571 1540 608 1574 et
641 1537 821 1574 incertae
847 1536 1126 1583 providentiae
1157 1540 1328 1574 nostrae.

236 1593 492 1632 Ratiocinatio
520 1595 661 1644 quippe
689 1592 752 1631 illa
783 1592 1115 1645 philosophorum,
1148 1604 1223 1643 qua
1255 1593 1453 1644 disputant

119 1654 172 1690 ita
209 1653 350 1690 mentis
387 1658 547 1703 aspectu
591 1650 853 1701 intellegibilia
891 1651 1012 1689 videri
1050 1657 1088 1689 et
1126 1663 1243 1690 sensu
1276 1653 1452 1703 corporis

121 1709 334 1763 sensibilia,
366 1711 404 1749 id
437 1716 495 1749 est
528 1709 759 1761 corporalia,
792 1716 835 1748 ut
866 1722 937 1748 nec
970 1709 1233 1761 intellegibilia
1265 1722 1335 1761 per
1367 1722 1451 1749 cor-

119 1782 192 1820 pus
225 1781 295 1807 nec
329 1769 542 1820 corporalia
581 1781 651 1820 per
688 1780 729 1807 se
767 1769 890 1819 ipsam
923 1780 1032 1807 mens
1064 1768 1185 1807 valeat
1216 1770 1381 1820 intueri,
1420 1769 1452 1806 si

119 1834 252 1878 posset
289 1827 401 1866 nohis
440 1840 524 1866 esse
565 1828 800 1878 certissima,
839 1827 1014 1878 profecto
1054 1832 1205 1866 certum
1247 1832 1350 1866 esset
1380 1838 1451 1878 per

120 1886 252 1925 oculos
294 1888 469 1937 corporis
510 1887 625 1924 etiam
665 1885 849 1936 spiritalis
887 1885 992 1923 nullo
1031 1886 1144 1924 modo
1183 1897 1296 1936 posse
1330 1885 1452 1924 videri

121 1944 254 1983 Deum.
318 1944 393 1983 Sed
431 1946 544 1984 istam
582 1945 917 1982 ratiocinationem
954 1950 993 1982 et
1031 1956 1120 1983 vera
1157 1945 1255 1982 ratio
1294 1949 1332 1982 et
1362 1955 1450 1995 pro-

121 2002 273 2053 phetica
314 2003 457 2042 inridet
498 2003 719 2042 auctoritas.
782 2001 877 2047 Quis
919 2004 1021 2040 enim
1059 2004 1112 2041 ita
1150 2003 1199 2040 sit
1240 2013 1398 2041 aversus
1431 2013 1451 2040 a

121 2073 236 2112 vero,
281 2067 323 2100 ut
367 2060 496 2100 dicere
542 2060 680 2099 audeat
724 2059 846 2098 Deum
890 2060 1105 2112 corporalia
1150 2062 1222 2099 ista
1269 2057 1451 2099 nescire?

217 2154 249 2194 1)
275 2151 350 2185 Iob.
379 2154 432 2192 19,
459 2154 514 2185 26.
565 2152 599 2193 8)
628 2155 656 2184 1.
684 2149 762 2184 Cor.
794 2154 846 2190 13,
876 2153 928 2183 12.
981 2152 1036 2192 14)
1064 2153 1094 2184 2.
1122 2149 1200 2184 Cor.
1229 2153 1260 2192 3,
1290 2153 1340 2184 18.
1396 2151 1450 2192 16)

121 2198 174 2233 l's.
202 2202 258 2240 33,
285 2202 315 2231 6.
366 2199 424 2241 23)
451 2196 533 2241 Sap.
561 2201 592 2240 9,
621 2201 674 2231 14.

217 2329 234 2359 7
262 2325 393 2359 faciem
420 2325 466 2359 ad
491 2325 514 2359 f.
542 2324 596 2365 R.-
621 2325 714 2359 facie
741 2324 786 2358 ad
812 2324 834 2359 f.
865 2328 919 2358 Av

1547 0 1591 245 l
