1548 2562
402 183 456 207 DE
475 182 663 208 civrrATE
682 183 751 208 DEI
770 183 803 208 L.
823 183 935 207 xvm.
955 182 984 208 c.
1004 183 1047 208 53.
1303 172 1385 213 341

60 271 184 316 Quem
210 271 255 309 ad
283 271 440 308 modum
465 277 595 309 autem
621 273 786 321 quisque
818 283 955 318 eorum
986 276 1134 309 astruat
1165 272 1388 321 opinionem

59 342 179 377 suam,
211 329 367 380 longum
400 334 460 367 est
491 328 759 367 demonstrare
786 336 824 367 et
855 341 933 367 non
965 330 1239 367 necessarium.
1290 328 1388 367 Con-

58 389 219 426 iecturis
250 388 393 437 quippe
426 392 590 425 utuntur
622 387 817 438 humanis,
860 399 936 425 non
962 387 1009 425 ab
1042 389 1097 425 eis
1130 387 1272 437 aliquid
1306 399 1387 425 cer-

60 452 141 484 tum
161 446 207 484 de
229 447 445 495 scripturae
466 446 673 483 canonicae
700 447 930 483 auctoritate
956 446 1155 496 profertur
1206 444 1388 483 Omnium

58 515 148 542 vero
181 503 226 542 de
259 503 330 541 hac
370 515 413 541 re
445 503 720 542 calculantium
752 503 893 553 digitos
925 503 1084 542 resolvit
1115 509 1152 541 et
1184 504 1387 553 quiescere

1414 510 1434 542 271

56 560 165 600 iubet
189 561 264 613 ille,
296 563 363 612 qui
388 561 498 600 dicit:
531 563 616 600 Non
643 568 701 600 est
725 567 897 600 vestrum
927 564 1034 601 scire
1066 567 1254 613 tempora,
1285 574 1388 609 quae
1412 613 1416 617 ῃ

58 621 182 658 Pater
206 622 343 670 posuit
373 622 413 658 in
444 632 519 658 sua
545 624 751 669 potestate.

175 677 251 716 Sed
288 677 383 716 haec
422 679 512 728 quia
543 678 762 728 evangelica
793 679 987 716 sententia
1021 683 1095 728 est,
1136 680 1278 716 mirum
1310 690 1388 716 non

57 741 118 774 est
149 748 226 774 non
265 748 308 774 ea
347 748 548 786 repressos
585 737 705 774 fuisse
746 736 909 774 deorum
941 736 1152 774 multorum
1185 736 1386 774 falsorum-

57 806 132 844 que
177 794 368 845 cultores,
411 796 620 844 quominus
668 795 858 845 fingerent
905 794 1135 832 daemonum
1177 797 1388 847 responsis,

57 865 155 903 quos
193 858 389 902 tamquam
426 853 519 891 deos
558 852 708 902 colunt,
746 852 947 890 definitum
986 864 1069 890 esse
1109 858 1254 902 quanto
1293 858 1386 891 tem-

57 922 152 962 pore
179 906 490 949 mansura'esset
514 910 651 960 religio
678 910 905 948 Christiana.
930 906 1051 948 ‘'Cum
1079 913 1180 948 enim
1213 910 1389 949 viderent

58 981 130 1006 nec
167 974 225 1007 tot
262 970 456 1018 tantisque
494 968 835 1019 persecutionibus
876 980 959 1006 eam
992 970 1166 1018 potuisse
1199 970 1388 1019 consumi,

57 1026 123 1065 sed
157 1026 216 1064 his
247 1028 377 1077 potius
410 1027 504 1064 mira
535 1028 776 1065 incrementa
808 1028 1039 1078 sumpsisse,
1071 1029 1388 1076 excogitaverunt

57 1086 189 1123 nescio
222 1096 319 1135 quos
360 1096 496 1122 versus
535 1083 704 1123 Graecos
744 1090 939 1134 tamquam
978 1084 1197 1123 consulenti
1235 1085 1388 1123 cuidam

58 1143 186 1181 divino
230 1142 387 1181 oraculo
435 1143 598 1190 effusos,
641 1142 708 1180 ubi
747 1142 944 1181 Christum
988 1142 1144 1192 quidem
1188 1143 1234 1180 ab
1272 1143 1388 1182 huius

58 1207 254 1251 tamquam
298 1200 492 1250 sacrilegii
527 1202 689 1239 crimine
730 1202 877 1239 faciunt
915 1202 1184 1253 innocentem,
1227 1201 1388 1240 Petrum

57 1264 187 1297 autem
224 1258 411 1297 maleficia
450 1259 589 1297 fecisse
628 1258 887 1310 subiungunt,
924 1264 968 1297 ut
1008 1259 1204 1297 coleretur
1244 1259 1388 1298 Christi

58 1328 200 1355 nomen
243 1329 314 1368 per
357 1322 555 1355 trecentos
599 1319 795 1367 sexaginta
840 1318 1011 1367 quinque
1054 1329 1198 1369 annos,
1249 1317 1386 1356 deinde

57 1374 248 1426 completo
281 1380 493 1413 memorato
526 1387 689 1413 numero
723 1387 931 1426 annorum,
962 1377 1045 1413 sine
1078 1387 1185 1413 mora
1217 1383 1388 1415 sumeret

56 1434 227 1496 finems
246 1432 277 1471 Ο
310 1433 510 1471 hominum
552 1433 668 1471 corda
700 1432 921 1472 doctorum!
973 1432 1003 1471 Ο
1036 1435 1189 1483 ingenia
1220 1433 1388 1472 litterata

57 1491 171 1542 digna
203 1490 364 1529 credere
396 1492 468 1529 ista
499 1491 546 1529 de
573 1491 740 1542 Christo,
772 1504 868 1541 quae
901 1491 1062 1529 credere
1094 1504 1171 1529 non
1203 1492 1318 1530 vultis
1349 1494 1388 1530 in

58 1549 268 1601 Christum,
299 1549 403 1600 quod
429 1551 512 1587 eius
539 1549 752 1600 discipulus
778 1549 920 1587 Petrus
947 1549 993 1587 ab
1020 1561 1066 1587 eo
1093 1551 1260 1599 magicas
1286 1556 1389 1588 artes

57 1620 135 1646 non
167 1607 363 1660 didicerit,
401 1607 487 1658 sed,
524 1609 609 1658 ipso
646 1609 872 1658 innocente,
910 1614 1038 1645 tamen
1077 1609 1161 1645 eius
1191 1608 1389 1646 maleficus

58 1666 176 1705 fuerit
207 1677 427 1715 nomenque
466 1665 569 1703 illius
607 1677 722 1715 quam
761 1678 875 1704 suum
914 1665 988 1703 coli
1020 1665 1200 1704 maluerit
1231 1668 1389 1716 magicis

58 1723 207 1762 artibus
239 1725 341 1775 suis,
372 1725 521 1774 magnis
552 1723 749 1761 laboribus
782 1729 820 1761 et
850 1723 1035 1774 periculis
1067 1725 1160 1775 suis,
1191 1729 1388 1774 postremo

59 1783 174 1820 etiam
212 1782 399 1820 effusione
438 1783 636 1831 sanguinis
677 1780 753 1819 suil
805 1781 844 1819 Si
876 1781 1016 1820 Petrus
1057 1782 1254 1820 maleficus
1287 1782 1390 1834 fecit,

59 1846 101 1879 ut
139 1839 336 1878 Christum
382 1840 437 1877 sic
481 1839 660 1890 diligeret
702 1839 888 1891 mundus,
934 1839 1025 1889 quid
1067 1840 1158 1878 fecit
1201 1842 1389 1878 innocens

59 1898 249 1949 Christus,
280 1902 324 1936 ut
349 1909 439 1935 eum
465 1898 520 1935 sic
547 1897 725 1947 diligeret
751 1895 921 1936 Petrus?
965 1897 1239 1948 Respondeant
1270 1899 1390 1948 igitur

58 1958 132 2007 ipsi
181 1955 254 1994 sibi
302 1961 341 1994 et
384 1957 417 1994 si
459 1961 624 2006 possunt
666 1955 890 2006 intellegant
938 1955 1002 1994 illa
1049 1968 1217 2006 superna
1268 1958 1388 2005 gratia

58 2015 203 2053 factum
228 2025 326 2065 esse,
358 2018 402 2052 ut
426 2019 587 2064 propter
612 2018 809 2052 aeternam
840 2015 955 2052 vitam
983 2013 1179 2052 Christum
1212 2014 1390 2065 diligeret

59 2072 245 2123 munduS,
281 2083 356 2122 qua
393 2073 515 2122 gratia
553 2072 697 2110 factum
735 2077 811 2119 est,
850 2077 894 2110 ut
931 2077 970 2110 et
1000 2077 1161 2122 propter
1192 2077 1390 2110 aeternam

59 2132 176 2169 vitam
207 2129 254 2168 ab
286 2129 351 2167 illo
383 2129 646 2180 accipiendam
678 2135 717 2168 et
748 2142 873 2180 usque
905 2129 951 2168 ad
984 2131 1255 2180 temporariam
1288 2143 1388 2169 mor-

59 2194 138 2227 tem
163 2200 234 2238 pro
260 2187 324 2225 illo
350 2187 569 2238 patiendam
596 2187 794 2226 Christum
825 2188 1004 2238 diligeret
1029 2187 1179 2226 Petrus.
1243 2187 1388 2227 Deinde

155 2292 197 2323 18
222 2286 404 2322 maleficia
428 2286 543 2321 RAF
574 2287 682 2322 Parr.
713 2291 810 2331 (344,
836 2291 893 2330 1)‚·
930 2287 1120 2321 maleficiis
1151 2297 1172 2322 v
1208 2289 1220 2332 ΙΙ
1257 2292 1300 2322 34
1332 2299 1388 2322 ca—

58 2335 231 2380 piendam
255 2334 310 2369 Ae

1416 803 1458 835 10

1416 1093 1457 1123 15

1415 1675 1460 1705 25

1416 1965 1460 1996 30
