1548 2562
356 165 408 190 DE
428 164 616 190 CIVITATE
636 165 706 189 DEI
725 164 758 189 L.
778 164 874 188 XXII.
895 163 924 188 c.
943 164 968 188 a.
989 164 1012 187 7.
1262 151 1347 192 565

19 260 66 301 ⁴ut
98 266 185 292 cum
211 253 284 291 fide
313 265 355 291 ac
381 266 452 304 per
477 253 591 291 fidem
617 254 742 291 teneri
773 251 843 290 vel*
862 253 992 303 potius
1023 250 1175 301 adquiri
1205 251 1348 301 possit3

21 312 95 350 fide
140 317 269 350 autem
311 311 462 362 perdita
505 311 551 349 ad
596 323 678 349 eam
720 312 883 361 quisque
924 311 1056 348 venire
1097 320 1174 346 non
1214 309 1347 359 possit.

22 370 127 416 Quae
169 370 350 420 cogitatio
390 370 602 407 firmissimi
648 381 690 407 ac
730 369 1002 420 patientissimi
1040 367 1167 406 cordis
1207 371 1265 405 tot
1305 377 1348 403 ac

21 434 149 467 tantos
175 432 363 478 martyres
390 428 493 479 fecit,
525 427 676 477 qualem
702 439 751 465 ne
783 439 905 465 unum
937 426 1093 477 quidem
1124 424 1259 463 habuit
1288 423 1349 461 vel

20 485 163 524 habere
194 487 321 537 potuit
351 486 504 537 quando
538 490 597 524 est
627 485 723 523 deus
756 484 927 523 creditus
959 483 1158 522 Romulus.

1376 491 1395 521 σῖ

538 632 693 676 CAPUT
721 633 817 675 VII.

56 720 171 766 Quod
199 723 244 757 ut
272 720 442 757 mundus
474 720 514 756 in
550 719 748 757 Christum
780 719 976 764 crederet,
1009 718 1166 755 virtutis
1193 715 1322 765 fuerit

272 778 447 825 divinae,
479 788 557 815 non
583 778 858 826 persuasionis
889 777 1097 814 humanae.

139 859 214 897 Sed
252 858 360 896 valde
398 857 607 896 ridiculum
644 863 704 896 est
743 857 790 896 de
823 858 976 896 Romuli
1015 856 1108 895 falsa
1139 855 1349 906 divinitate,

21 930 109 957 cum
141 918 187 955 de
208 916 374 955 vChristo
405 916 619 968 loquimur,
651 917 778 954 facere
810 917 1058 954 mentionem.
1119 913 1262 952 Verum
1295 919 1347 951 ta·
1377 923 1419 953 10

19 988 108 1015 men
142 988 230 1014 cum
262 976 452 1013 sescentis
484 975 605 1013 ferme
638 975 748 1012 annis
780 979 867 1012 ante
901 973 1129 1012 Ciceronem
1160 972 1349 1010 Romulus

20 1035 139 1073 fuerit
180 1039 295 1084 atque
335 1033 398 1071 illa
442 1038 545 1071 aetas
583 1034 659 1071 iam
699 1033 819 1071 fuisse
868 1032 1055 1070 doctrinis
1094 1031 1245 1069 dicatur
1287 1042 1348 1068 ex-

20 1093 140 1144 culta,
176 1097 221 1131 ut
258 1091 361 1142 quod
402 1092 486 1129 fieri
524 1103 599 1129 non
638 1095 768 1141 potest
799 1103 912 1129 omne
945 1095 1167 1140 respueret:
1206 1093 1349 1138 quanto

21 1153 141 1201 magis
190 1155 279 1201 post
327 1154 527 1188 sescentos
576 1161 697 1187 annos
752 1150 875 1200 ipsius
925 1154 1099 1199 tempore
1150 1146 1350 1185 Ciceronis

22 1211 263 1259 maximeque
295 1213 429 1259 postea
461 1207 532 1246 sub
565 1207 739 1258 Augusto
771 1212 886 1257 atque
920 1206 1095 1257 Tiberio,
1128 1205 1347 1244 eruditiori-
1379 1214 1419 1243 15

20 1267 93 1306 hus
120 1268 254 1318 utique
280 1266 535 1318 temporibus,
560 1267 889 1304 resurrectionem
917 1266 1044 1303 carnis
1064 1263 1209 1302 Christi
1235 1268 1349 1312 atque

21 1328 60 1364 in
87 1325 236 1364 caelum
262 1326 540 1376 ascensionem,
572 1330 766 1374 tamquam
792 1323 830 1361 id
857 1322 959 1374 quod
986 1323 1071 1361 fieri
1102 1334 1180 1360 non
1210 1326 1351 1372 potest,

21 1396 132 1422 mens
175 1383 342 1421 humana
382 1383 484 1420 ferre
527 1394 604 1420 non
644 1387 776 1433 posset
823 1381 1062 1431 eludensque
1103 1379 1150 1418 ab
1191 1378 1351 1418 auribus

22 1441 283 1492 cordibusque
310 1446 526 1492 respueret,
551 1442 625 1479 nisi
651 1452 733 1478 eam
760 1441 845 1478 fieri
870 1441 1043 1490 potuisse
1070 1443 1185 1488 atque
1212 1438 1352 1475 factam

23 1513 107 1539 esse
135 1500 314 1538 divinitas
339 1501 462 1550 ipsius
488 1500 661 1537 veritatis
687 1498 746 1537 vel
778 1499 987 1537 divinitatis
1020 1498 1160 1535 veritas
1192 1501 1232 1534 et
1263 1508 1351 1534 con·
1379 1505 1421 1535 20

22 1559 202 1597 testantia
241 1557 517 1596 miraculorum
559 1558 665 1607 sigua
706 1561 985 1607 monstrarent3
1029 1560 1073 1594 ut
1113 1553 1352 1593 terrentibus

24 1623 62 1655 et
93 1615 448 1655 contradicentibus
474 1622 552 1654 tam
584 1615 715 1654 multis
747 1621 902 1665 tamque
935 1615 1082 1665 magnis
1114 1613 1351 1664 persecutio-

23 1674 138 1713 nibus
169 1675 407 1725 praecedens
437 1675 477 1712 in
510 1673 682 1725 Christo,
714 1673 853 1712 deinde
886 1675 925 1711 in
958 1673 1100 1711 ceteris
1132 1672 1178 1710 ad
1210 1682 1353 1709 novum

25 1733 222 1771 saeculum
263 1738 445 1771 secutura
484 1733 722 1770 resurrectio
767 1737 880 1782 atque
924 1730 1180 1769 inmortalitas
1225 1729 1352 1767 carnis

24 1797 63 1830 et
94 1791 315 1829 fidelissime
342 1790 569 1829 crederetur
597 1795 636 1828 et
666 1790 958 1841 praedicaretur
988 1787 1182 1839 intrepide
1215 1793 1254 1825 et
1284 1798 1352 1838 per
1380 1795 1422 1826 25

25 1849 159 1887 orbem
197 1854 324 1887 terrae
364 1848 599 1899 pullulatura
640 1848 844 1886 fecundius
884 1860 972 1886 cum
1013 1852 1228 1897 martyrum
1269 1856 1352 1883 san-

25 1909 141 1958 guine
168 1912 377 1946 sereretur.
438 1906 684 1957 Legebantur
711 1908 814 1945 enim
845 1907 1051 1957 praeconia
1082 1904 1355 1955 praecedentia

25 1965 320 2017 prophetarum,
361 1964 647 2003 concurrebant
683 1970 835 2003 ostenta
872 1967 1081 2015 virtutum,
1122 1968 1160 2001 et
1196 1973 1354 2013 persua-

26 2023 189 2062 debatur
229 2025 371 2062 veritas
410 2035 506 2061 nova
538 2023 830 2074 consuetudini,
868 2034 946 2061 non
978 2022 1171 2061 contraria
1203 2020 1355 2070 rationi,

26 2082 148 2120 donec
188 2080 294 2120 orbis
331 2087 481 2133 terrae,
525 2083 591 2131 qui
626 2081 937 2132 persequebatur
977 2081 1131 2127 furore,
1172 2090 1353 2129 sequere·
1382 2088 1424 2117 30

26 2144 89 2177 tur
120 2139 206 2178 fide.
