1611 2465
151 40 237 80 402
694 48 722 74 S.
743 47 961 74 AUGUS'HNI

150 139 300 177 Beatus
333 141 520 188 populus,
560 139 676 177 cuius
713 143 772 176 est
801 138 993 177 Dominus
1028 138 1136 177 Deus
1179 140 1313 187 ipsius.
1375 137 1493 176 Miser

151 199 271 248 igitur
302 197 471 248 populus
497 195 543 234 ab
570 197 655 247 ipso
683 196 871 234 alienatus
897 195 988 234 Deo.
1052 196 1183 246 Diligit
1214 202 1344 235 tamen
1377 197 1494 235 etiam

151 257 234 307 ipse
269 256 459 306 quandam
499 267 634 305 pacem
667 267 777 293 suam
810 267 887 293 non
919 254 1219 307 inprobandam,
1261 267 1377 305 quam
1409 256 1493 306 qui-

152 315 241 353 dem
273 326 350 352 non
389 313 547 352 habebit
583 315 622 351 in
661 314 756 365 fine,
794 315 883 364 quia
923 325 1001 351 non
1040 325 1083 352 ea
1114 313 1215 352 bene
1248 315 1372 352 utitur
1404 318 1494 351 ante

106 383 125 413 5
154 374 282 411 finem.
345 372 453 410 Hane
485 378 615 410 autem
647 378 690 410 ut
721 373 879 410 interim
912 371 1051 410 habeat
1082 373 1122 410 in
1154 372 1225 411 hac
1257 374 1345 424 vita,
1378 373 1494 410 etiam

154 432 279 469 nostri
310 432 492 482 interest3
532 432 733 483 quoniam,
773 430 957 481 quamdiu
989 432 1204 482 permixtae
1237 437 1328 469 sunt
1360 430 1494 469 amhae

153 491 349 541 civitates,
392 491 539 528 utimur
578 494 617 527 et.
654 502 725 527 nos
763 502 856 540 pace
889 489 1114 541 Babylonis,
1155 501 1201 527 ex
1234 501 1309 540 qua
1341 491 1394 528 ita
1425 501 1495 540 per

152 548 273 587 fidemv
300 548 469 599 populus
501 548 571 586 Dei
607 547 815 600 liberatur,
853 553 897 586 ut
929 548 1029 598 apud
1061 547 1160 586 hanc
1191 549 1352 586 interim
1382 560 1495 599 pere-

153 608 342 658 grinetur.
404 607 571 658 Propter
609 607 712 657 quod
747 612 785 645 et
815 606 1015 657 apostolus
1048 606 1249 645 admonuit
1280 607 1496 658 ecclesiam,

86 678 127 707 io
153 672 197 704 ut
236 671 366 703 oraret
406 677 477 716 pro
516 665 676 715 regibus
714 667 798 704 eius
837 671 952 715 atque
991 664 1241 718 sublimibus,
1280 665 1425 704 addens
1457 671 1497 704 et

154 724 307 763 dicens:
358 725 406 763 Ut
447 727 623 772 quietam
660 729 699 763 et
734 726 996 772 tranquillam
1037 726 1157 762 vitam
1198 736 1365 772 ayamus
1407 735 1497 763 cum

153 786 262 822 omni
286 785 439 832 pietate
471 788 510 822 et
540 785 726 830 caritate,
760 788 799 821 et
828 782 1021 834 propheta
1046 781 1276 834 Hieremias,
1309 795 1399 821 eum
1429 795 1496 834 po-

153 842 246 893 pulo
273 841 343 880 Dei
369 843 492 880 veteri
517 843 814 892 praenuntiaret
846 842 1108 892 captivitatem
1140 847 1180 880 et
1211 841 1395 880 divinitus
1427 843 1497 879 im-

154 906 323 952 peraret,
355 907 399 939 ut
425 900 680 939 oboedienter
705 902 810 938 irent
835 901 875 938 in
900 899 1150 951 Babyloniam
1176 899 1256 938 Deo
1283 912 1354 938 suo
1382 901 1498 938 etiam

87 970 129 1001 15
156 961 230 998 ista
261 961 448 1010 patientia
487 961 722 1011 servientes,
760 960 912 997 monuit
954 964 993 996 et
1023 960 1107 1009 ipse
1140 964 1183 997 ut
1214 965 1395 997 oraretur
1426 970 1498 1009 pro

158 1018 221 1056 illa
262 1017 414 1056 dicens:
462 1019 565 1064 Quia
604 1020 645 1056 in
683 1020 767 1056 eius
806 1022 865 1056 est
896 1029 1001 1067 pace
1039 1029 1127 1066 pasc
1167 1022 1319 1065 vestra,
1361 1018 1497 1067 utique

155 1078 315 1115 interim
348 1076 584 1128 temporalis,
618 1088 715 1126 quae
749 1075 864 1114 bonis
896 1075 1085 1126 malisque
1119 1077 1337 1114 communis
1370 1081 1440 1114 est.

652 1224 807 1267 CAPUT
839 1224 1017 1267 XXVII.

158 1313 218 1351 Be
244 1323 351 1360 paee
381 1312 639 1349 serviente'zmz
666 1310 761 1357 Deo,
794 1312 910 1348 cuius
937 1309 1124 1359 perfecta
1156 1313 1428 1359 tranquillitas
1460 1312 1502 1349 in

89 1381 131 1412 ρο
336 1371 414 1408 hac
447 1371 658 1418 temporali
689 1370 769 1406 vita
801 1380 880 1407 non
908 1374 1037 1417 potest
1069 1370 1330 1418 adprehendi.

277 1451 355 1489 Pax
394 1457 525 1489 autem
562 1455 695 1488 nostra
733 1451 890 1501 propria
929 1457 968 1489 et
1006 1451 1068 1489 hie
1108 1457 1168 1490 est
1199 1463 1288 1490 eum
1319 1451 1398 1490 Deo
1430 1463 1502 1502 per

159 1510 275 1549 fidem
317 1516 356 1548 et
395 1511 435 1548 in
476 1514 682 1547 aeternum
723 1510 798 1547 erit
839 1521 927 1547 eum
967 1509 1033 1548 illo
1071 1522 1142 1560 per
1180 1511 1360 1560 speciem.
1424 1509 1501 1549 Sed

159 1570 222 1608 hic
255 1570 335 1607 sive
374 1568 438 1606 illa
477 1569 696 1606 eommunis
738 1569 818 1605 sive
850 1575 985 1606 nostra
1015 1569 1174 1619 propria
1205 1568 1292 1607 talis
1325 1574 1385 1606 est
1416 1580 1502 1620 pax,

160 1634 205 1667 ut
232 1628 418 1666 solacium
445 1628 624 1665 miseriae
653 1627 703 1664 sit
728 1628 859 1677 potius
886 1639 1002 1677 quam
1028 1626 1280 1665 beatitudinis
1305 1626 1500 1677 gaudium.

92 1698 134 1728 ²25
161 1687 247 1738 Ipsa
281 1698 437 1736 quoque
470 1692 603 1723 nostra
635 1686 804 1736 iustitia,
837 1687 1010 1735 quamvis
1042 1697 1133 1724 vera
1166 1687 1216 1724 sit
1246 1691 1408 1736 propter
1439 1697 1502 1723 ve-

161 1757 250 1784 rum
291 1744 384 1782 boni
423 1745 561 1795 finem,
603 1743 648 1781 ad
688 1755 805 1794 quem
843 1744 1033 1796 refertur,
1072 1750 1200 1782 tamen
1232 1749 1338 1782 tanta
1370 1745 1502 1782 estin

161 1804 232 1842 hac
271 1805 364 1855 vita,
402 1808 447 1841 ut
484 1804 614 1853 potius
657 1803 888 1840 remissione
918 1808 1170 1853 peecatorum
1202 1807 1356 1840 constet
1387 1814 1503 1852 quam

161 1863 404 1913 perfectione
446 1862 645 1900 virtutum.
720 1860 849 1899 Testis
895 1867 954 1898 est
1003 1862 1125 1898 oratio
1171 1862 1291 1899 totius
1336 1862 1502 1899 civitatis

223 1965 292 2045 C1)
319 1963 376 1998 Ps.
406 1966 484 2005 143,
514 1966 566 1997 15.
621 1963 676 2005 12)
700 1966 728 1997 1.
751 1961 843 1996 Tim.
866 1965 898 2005 2,
925 1964 957 1996 2.
1009 1963 1067 2005 16>
1094 1961 1252 1996 Hierem.
1281 1966 1336 2005 29,
1365 1966 1396 1997 7.
1446 1963 1504 2005 22)

164 2016 194 2044 2.
242 2012 302 2045 'oin
332 2014 363 2053 ὃ,
393 2014 423 2044 7.

262 2132 278 2161 1
307 2129 363 2161 est
388 2138 453 2161 om.
481 2127 517 2161 A
541 2137 604 2162 see.
634 2126 759 2161 Graec.
779 2128 791 2170 Η
810 2126 887 2160 eius
914 2125 990 2160 AF
1015 2127 1026 2170 ΙΙ
1055 2130 1074 2160 2
1101 2125 1181 2170 ipso
1201 2126 1256 2168 R‚·
1281 2125 1352 2160 isto
1377 2125 1434 2160 Αυ
1453 2126 1466 2170 ΙΙ
1486 2130 1505 2161 6

166 2175 281 2209 nostri
305 2185 394 2215 mss;
421 2176 546 2209 nostra
565 2185 584 2208 v
605 2175 616 2218 ΙΙ
638 2178 678 2208 13
706 2175 895 2218 praenunt.
917 2183 1005 2215 mss;
1031 2175 1224 2208 venturam
1243 2174 1435 2218 praenunt.
1456 2183 1476 2207 v
1495 2172 1508 2219 ΙΙ

166 2225 209 2255 25
236 2232 284 2266 sq.
311 2221 389 2256 veri
413 2232 433 2256 v
