1611 2465
59 784 96 812 10

59 1077 97 1106 15

59 1955 99 1983 30

124 148 207 188 (532
663 157 688 182 s.
708 156 928 183 AUGUS'HM

242 246 424 285 Ceterum
446 247 512 296 qui
534 246 656 284 futuri
681 247 759 284 sint
784 258 854 297 pro
880 247 1031 285 meritis
1056 248 1317 298 praemiorum
1343 248 1458 285 etiam

122 305 266 356 gradus
298 305 491 343 honorum
530 310 645 354 atque
677 303 909 355 gloriarum,
951 306 1037 356 quis
1070 311 1129 344 est
1160 305 1323 344 idoneus
1356 306 1457 356 cogi-

124 369 217 416 tare,
251 369 394 414 quanto
426 364 548 413 magis
580 360 739 401 dicere?
802 362 912 409 Quod
946 370 1074 402 tamen
1106 364 1228 402 futuri
1260 365 1349 416 sint,
1381 376 1458 402 non

123 428 182 461 est
219 421 503 473 ambigendum.
566 422 690 472 Atque
732 421 770 459 id
812 423 927 460 etiam
969 421 1079 460 beata
1111 422 1172 460 illa
1215 424 1348 461 civitas
1380 434 1458 461 ma·

123 493 241 532 gnum
273 482 313 518 iu
346 492 386 518 se
418 479 564 518 bonum
591 479 746 531 videbit,
779 481 881 530 quod
915 480 1009 520 nulli
1042 482 1235 531 superiori
1267 481 1369 520 ullus
1401 483 1457 519 in-

124 540 243 578 ferior
268 538 468 589 invidebit,
500 540 601 577 sicut
627 550 731 577 nunc
758 550 835 577 non
861 539 1034 577 invident
1059 539 1300 590 archangelis
1333 539 1457 590 angeli

124 599 262 649 ceteri,
295 603 451 648 tamque
490 597 595 635 nolet
627 609 712 635 esse
746 599 1017 648 unusquisque
1051 597 1152 648 quod
1187 610 1264 636 non
1298 599 1459 651 accepit,

125 658 298 707 quamvis
325 657 375 694 sit
399 657 667 707 pacatissimae
695 656 924 694 concordiae
959 656 1111 694 vinculo
1145 658 1180 694 ei
1213 658 1279 708 qui
1311 658 1461 707 accepit

124 714 348 767 obstrictus,
382 726 496 765 quam
528 726 600 753 nec
632 715 672 752 in
705 726 868 765 corpore
901 715 982 753 vult
1013 714 1150 753 oculus
1183 727 1267 753 esse
1300 716 1367 766 qui
1399 720 1459 753 est

125 774 280 825 digitus,
313 785 401 812 cum
428 772 648 811 membrum
674 779 887 823 utrumque
914 775 1110 811 contineat
1135 775 1256 812 totius
1283 774 1458 824 corporis

124 838 257 883 pacata
283 844 480 883 compago,
544 831 607 870 Sic
633 832 763 882 itaque
790 831 947 870 habehit
979 832 1123 870 donum
1156 832 1252 870 alius
1285 831 1357 870 alio
1391 833 1458 870 mi-

124 903 215 943 nus,
248 896 291 930 ut
322 891 393 929 hoc
428 902 584 941 quoque
616 889 761 928 donum
793 889 950 942 habeat,
982 903 1030 928 ne
1063 890 1151 929 velit
1185 890 1360 942 amplius.

242 949 321 988 Nec
347 949 434 987 ideo
461 948 628 987 liberum
661 948 865 987 arbitrium
898 961 975 987 non
1007 948 1217 1001 habebunt,
1250 951 1340 1000 quia
1370 961 1459 1000 pec-

125 1014 207 1047 cata
241 1020 306 1046 eos
340 1007 533 1046 delectare
566 1019 643 1045 non
674 1013 870 1058 poterunt.
933 1007 1052 1058 Magis
1085 1009 1228 1058 quippe
1261 1009 1336 1046 erit
1366 1007 1459 1046 libe-

126 1080 213 1105 rum
246 1079 265 1105 a
299 1066 553 1105 delectatione
593 1065 779 1116 peccandi
817 1078 941 1116 usque
975 1066 1020 1104 ad
1053 1066 1351 1104 delectationem
1383 1078 1460 1104 non

124 1125 311 1176 peccandi
343 1124 656 1163 indeclinabilem
690 1123 906 1162 liberatum.
965 1124 1060 1162 Nam
1092 1126 1262 1175 primum
1293 1124 1460 1163 liberum

125 1184 342 1235 arbitrium,
375 1183 477 1234 quod
510 1182 658 1221 homini
690 1182 822 1220 datum
854 1189 929 1230 est,
963 1183 1115 1233 quando
1148 1184 1273 1233 primo
1306 1189 1461 1221 creatus

126 1249 185 1281 est
211 1248 354 1294 rectus,
385 1242 513 1293 potuit
540 1254 616 1279 non
643 1253 818 1292 peccare,
851 1241 918 1279 sed
944 1243 1071 1292 potuit
1103 1247 1141 1279 et
1172 1253 1353 1294 peccare3
1385 1241 1460 1280 hoc

126 1307 254 1340 autem
300 1301 553 1339 novissimum
594 1311 640 1337 eo
684 1301 883 1350 potentius
928 1301 1020 1351 erit,
1065 1311 1141 1350 quo
1180 1312 1342 1351 peccare
1381 1311 1459 1338 non

125 1361 285 1411 poterit,
319 1371 453 1397 verum
492 1358 564 1396 hoc
599 1370 754 1408 quoque
787 1357 856 1396 Dei
888 1370 1069 1409 munere,
1102 1370 1179 1396 non
1212 1370 1304 1397 suae
1336 1360 1458 1410 possi-

124 1418 271 1456 bilitate
306 1423 476 1456 naturae.
538 1416 651 1454 Aliud
685 1423 743 1455 est
775 1418 877 1455 enim
910 1428 995 1454 esse
1028 1416 1169 1468 Deum,
1207 1416 1309 1455 aliud
1341 1418 1458 1468 parti-

126 1479 251 1527 cipem
291 1476 371 1514 Dei.
434 1475 537 1514 Deus
579 1482 715 1513 natura
760 1487 976 1526 peccareno
1015 1487 1039 1513 n
1077 1481 1224 1526 potest,
1264 1477 1460 1526 particeps

125 1548 216 1574 vero
250 1535 318 1573 Dei
351 1534 488 1573 abillo
515 1535 676 1585 accepit,
709 1540 751 1572 ut
782 1546 944 1584 peccare
978 1546 1054 1572 non
1087 1535 1221 1584 possit.
1273 1533 1461 1572 Servandi

126 1601 254 1633 autem
296 1594 438 1644 gradus
475 1599 586 1631 erant
625 1592 742 1630 divini
780 1594 974 1642 muneris,
1018 1598 1060 1630 ut
1099 1593 1267 1643 primum
1302 1592 1460 1631 daretur

82 1662 95 1679 ν’
127 1653 292 1692 liberum
325 1651 547 1703 arbitrium,
586 1663 662 1701 quo
696 1663 773 1689 non
806 1663 967 1701 peccare
1001 1651 1115 1688 homo
1148 1657 1300 1703 posset,
1333 1652 1458 1689 novis-

127 1714 279 1763 simum,
312 1723 388 1761 quo
415 1722 577 1761 peccare
606 1722 683 1747 non
709 1715 857 1760 posset,
890 1715 1005 1759 atque
1031 1708 1123 1747 illud
1157 1709 1203 1747 ad
1235 1721 1459 1760 comparan-

127 1771 219 1809 dum
251 1771 451 1820 meritum,
489 1768 562 1806 hoc
601 1767 646 1805 ad
686 1768 952 1818 recipiendum
984 1768 1200 1818 praemium
1231 1769 1460 1818 pertineret.

128 1828 203 1867 Sed
231 1829 319 1879 quia
347 1828 520 1878 peccavit
545 1828 618 1864 ista
645 1832 782 1865 natura
809 1839 897 1865 cum
929 1838 1091 1877 peccare
1124 1827 1262 1877 potuit,
1293 1825 1460 1876 largiore

127 1888 247 1937 gratia
280 1886 479 1937 liberatur,
513 1891 554 1923 ut
587 1884 631 1922 ad
665 1897 748 1923 eam
780 1884 1018 1936 perducatur
1051 1883 1281 1935 libertatem,
1313 1885 1352 1922 in
1386 1896 1460 1934 qua

127 1958 288 1997 peccare
328 1956 404 1982 non
443 1945 576 1994 possit.
641 1942 750 1981 Sicut
788 1945 890 1981 enim
927 1944 1050 1994 prima
1089 1942 1344 1981 inmortalitas
1377 1943 1461 1994 suit,

128 2016 241 2055 (piam
273 2003 470 2054 peccando
498 2002 615 2040 Adam
641 2001 820 2052 perdidit,
853 2013 966 2052 posse
1000 2013 1076 2039 non
1111 2002 1221 2052 mori,
1254 2002 1461 2039 novissima

127 2064 201 2101 erit
229 2074 303 2100 uon
330 2073 444 2112 posse
475 2062 589 2098 mori:
622 2061 673 2098 ita
706 2062 875 2110 primum
906 2059 1073 2097 liberum
1106 2058 1309 2097 arbitrium
1346 2071 1460 2110 posse

129 2133 202 2158 nou
243 2132 423 2171 peccare,
465 2120 718 2157 novissimum
759 2130 834 2156 non
874 2130 986 2168 posse
1025 2129 1199 2168 peccare.
1262 2117 1325 2155 Sic
1358 2119 1461 2155 enim

222 2239 241 2266 ὅ
273 2231 508 2276 pacatissime
534 2230 590 2271 R,-
622 2230 858 2275 pacatissimo
893 2241 910 2264 υ
947 2232 959 2273 ῙΙ
998 2234 1039 2263 10
1066 2229 1227 2274 eorporis
1253 2229 1308 2269 R,·
1343 2228 1462 2264 carnis

127 2280 183 2313 Av
214 2281 226 2323 ΙΙ
259 2283 300 2312 12
327 2290 394 2312 nee
420 2278 472 2312 R¹
504 2280 515 2321 ΙΙ
549 2281 589 2311 17
617 2277 733 2321 primo
761 2276 815 2317 R‚·
841 2276 997 2320 primum
1026 2287 1043 2310 υ
1069 2278 1080 2319 Η
1112 2280 1154 2310 23
1183 2276 1325 2320 accepit
1350 2275 1462 2317 RA¹;

127 2326 261 2370 accipit
288 2336 306 2359 υ

1519 2143 1542 2298 g
1606 2258 1611 2261 ,

1523 2300 1539 2374 ἔ
