1548 2562
373 154 424 178 DE
444 152 631 178 CIVITATE
650 153 720 177 DEI
739 153 771 177 L.
791 152 857 177 xv.
878 152 906 177 c.
927 153 968 177 16.
1281 142 1335 183 93

9 244 138 294 rumpi
178 243 316 280 merito
355 254 439 280 esse
479 242 670 279 nefarium
701 241 905 279 iudicatur.
968 240 1008 277 Si
1041 241 1142 277 enim
1175 245 1234 278 est
1264 241 1335 277 ini-

9 313 129 352 quum
175 300 353 339 aviditate
403 299 627 350 possidendi
677 298 896 349 transgredi
938 298 1099 336 limitem
1142 309 1336 349 agrorum,

8 364 153 410 quanto
187 364 246 396 est
271 359 442 408 iniquius
474 357 632 395 libidine
666 356 948 395 concumbendi
981 355 1207 394 subvertere
1239 355 1335 393 limi-

9 422 88 456 tem
120 415 289 455 morum!
340 415 500 466 Experti
532 421 660 453 autem
693 427 827 453 sumus
858 417 898 452 in
930 414 1106 452 conubiis
1139 414 1336 452 consobri-

9 488 147 514 narum
185 476 300 513 etiam
338 475 481 511 nostris
518 472 759 523 temporibus
797 479 957 523 propter
988 473 1148 523 gradum
1179 474 1336 523 propin—

10 535 169 584 quitatis
208 534 378 571 fraterno
418 532 553 582 gradui
590 533 810 582 proximum
843 543 956 581 quam
989 543 1076 569 raro
1107 543 1178 581 per
1209 542 1338 568 mores

11 592 145 643 fiebat,
189 591 291 641 quod
330 591 413 628 fieri
451 602 521 640 per
557 589 662 639 leges
699 589 852 640 licebat,
897 591 986 639 quia
1023 589 1060 627 id
1100 601 1171 627 nec
1212 589 1339 626 diviua

8 650 210 702 prohibuit
256 654 294 687 et
348 649 519 686 nondum
562 647 816 698 prohibuerat
852 648 913 685 lex
957 648 1133 686 humana.
1194 646 1338 685 Verum

10 713 139 746 tamen
178 708 321 745 factum
359 709 474 745 etiam
510 707 659 745 licitum
697 711 858 756 propter
889 707 1123 744 vicinitatem
1156 705 1337 743 horreba-

9 772 75 805 tur
112 766 248 804 inliciti
289 770 344 816 et,
382 765 485 815 quod
523 764 638 803 fiebat
680 776 769 802 cum
807 764 1056 816 consobrina,
1094 776 1216 814 paene
1249 775 1337 801 cum

11 836 145 863 sorore
183 825 267 861 fieri
305 823 524 874 videbatur,
563 825 651 873 quia
689 828 727 860 et
757 824 831 872 ipsi
862 824 964 860 inter
997 835 1037 860 se
1070 827 1229 872 propter
1261 827 1339 859 tam

10 884 268 934 propinquam
306 883 680 931 consanguinitatem
725 881 864 918 fratres
911 886 1098 918 vocantur
1139 885 1177 917 et
1217 892 1338 930 paene

11 943 184 991 germani
228 946 330 978 sunt.
397 940 485 978 Fuit
529 945 658 977 autem
702 940 871 988 antiquis
915 938 1090 989 patribus
1136 938 1338 988 religiosae

11 1011 139 1050 curae,
171 1011 218 1037 ne
250 1000 332 1048 ipsa
364 999 632 1048 propinquitas
665 1009 704 1035 se
736 997 918 1047 paulatim
950 998 1206 1047 propaginum
1238 996 1338 1033 ordi-

12 1057 126 1095 nibus
165 1058 351 1095 dirimens
391 1057 540 1106 longius
579 1056 703 1093 abiret
747 1062 785 1093 et
833 1057 1103 1106 propinquitas
1145 1067 1229 1092 esse
1274 1054 1337 1092 de-

12 1117 193 1167 sisteret,
226 1127 308 1153 eam
354 1114 525 1152 nondum
564 1114 675 1164 longe
714 1115 878 1164 positam
922 1126 1061 1151 rursus
1104 1114 1340 1151 matrimonii

11 1173 164 1211 vinculo
203 1173 395 1221 conligare
447 1178 485 1210 et
529 1173 692 1222 quodam
738 1172 850 1209 modo
889 1184 1070 1209 revocare
1115 1172 1339 1221 fugientem.

11 1231 121 1270 Unde
164 1233 238 1269 iam
283 1231 396 1281 pleno
435 1230 655 1268 homiuibus
694 1230 787 1267 orbe
821 1236 1032 1280 terrarum,
1074 1242 1151 1267 non
1184 1229 1340 1279 quidem

12 1302 168 1328 sorores
200 1302 245 1327 cx
284 1295 393 1339 patre
425 1288 484 1326 vel
516 1294 637 1326 matre
671 1288 729 1326 vel
762 1301 807 1326 ex
840 1288 1026 1326 ambobus
1059 1289 1139 1325 suis
1172 1288 1339 1338 parenti-

11 1348 85 1386 bus
128 1353 259 1398 natas,
303 1347 370 1385 scd
415 1353 541 1385 tamen
587 1346 764 1384 amabant
808 1347 854 1384 de
899 1359 969 1384 suo
1010 1358 1152 1396 genere
1197 1345 1339 1383 ducere

12 1418 165 1445 uxores.
227 1404 370 1443 Verum
397 1407 482 1455 quis
509 1405 660 1444 dubitet
686 1405 887 1443 honestius
913 1404 986 1442 hoc
1019 1410 1193 1454 tempore
1227 1405 1341 1441 etiam

12 1463 337 1502 consobrinorum
363 1463 555 1514 prohibita
583 1475 667 1501 csse
701 1460 906 1513 coniugia?
938 1475 1014 1500 non
1047 1462 1172 1500 solum
1204 1474 1340 1500 secun-

12 1523 104 1561 dum
137 1534 191 1574 ea,
222 1534 319 1572 quae
353 1521 645 1573 disputavimus,
676 1528 836 1571 propter
868 1520 1177 1571 multiplicandas
1210 1520 1341 1557 adfini-

12 1586 135 1632 tates,
175 1592 223 1618 ne
262 1579 400 1618 habeat
437 1580 532 1618 duas
572 1579 880 1621 necessitudines
917 1591 993 1616 una
1031 1590 1215 1629 persona,
1253 1590 1341 1615 cum

12 1639 109 1677 duae
135 1639 286 1689 possint
311 1651 375 1676 eas
402 1638 543 1676 habere
571 1644 609 1675 et
642 1650 827 1675 numerus
859 1638 1159 1687 propinquitatis
1192 1638 1342 1687 augeri,

13 1697 81 1735 sed
114 1698 228 1734 etiam
261 1698 349 1746 quia
382 1698 513 1734 nescio
547 1708 622 1745 quo
656 1695 768 1733 modo
801 1697 902 1732 inest
934 1695 1122 1732 humanae
1156 1706 1341 1732 verecun-

13 1754 97 1792 diae
126 1754 307 1804 quiddam
334 1754 506 1792 naturale
534 1760 648 1804 atque
677 1753 877 1803 laudabile,
912 1758 966 1804 ut,
999 1754 1060 1790 cui
1087 1752 1202 1790 (lebet
1229 1764 1342 1790 causa

12 1814 312 1864 propinquitatis
332 1812 589 1850 reverendum
610 1812 809 1863 honorem,
836 1811 881 1849 ab
909 1823 951 1848 ea
978 1812 1185 1862 contineat,
1211 1822 1342 1861 quam-

12 1872 69 1909 vis
101 1872 394 1921 generatricem,
426 1876 553 1908 tamen
587 1870 803 1916 libidinem,
837 1869 882 1907 de
917 1881 990 1918 qua
1024 1868 1257 1907 erubescere
1290 1870 1342 1906 vi-

13 1930 149 1967 demus
182 1935 220 1967 et
251 1930 371 1979 ipsam
404 1929 628 1979 pudicitiam
662 1927 914 1978 coniugalem.

130 1986 330 2037 Copulatio
368 1988 487 2036 igitur
525 1988 641 2024 maris
680 1993 719 2024 et
757 1987 938 2036 feminae,
978 1990 1163 2035 quantum
1197 1985 1344 2023 adtinet

14 2045 58 2082 ad
97 2057 220 2095 genus
258 2045 495 2096 mortalium,
541 2045 732 2095 quoddam
771 2045 1023 2082 seminarium
1061 2048 1120 2081 est
1157 2044 1343 2094 civitatis3

15 2103 81 2141 sed
132 2109 288 2141 terrena
342 2105 474 2141 civitas
524 2105 772 2152 generatione
826 2101 1113 2152 tantummodO,
1167 2101 1343 2139 caelestis

14 2167 141 2199 autem
173 2163 288 2199 ctiam
320 2163 612 2211 regeneratione
646 2174 742 2212 opus
774 2160 905 2212 habet,
938 2165 981 2197 ut
1013 2171 1151 2197 noxam
1183 2171 1342 2210 genera-

107 2312 149 2342 28
176 2308 421 2342 uerecundum
447 2308 574 2352 131134
601 2307 713 2341 etiam
739 2318 802 2342 om.
837 2307 871 2340 V

1366 772 1407 801 10

1367 1063 1407 1092 15

1369 1936 1413 1965 30
