1548 2562
418 147 470 171 DE
490 146 678 172 CIVITATE
698 147 767 172 DEI
786 148 818 172 L.
839 148 917 172 XVI.
938 147 967 173 o.
987 148 1011 173 6.
1306 139 1386 179 133

27 269 31 273 .
58 237 160 273 enim
193 234 265 273 sibi
296 236 370 284 ipsi
403 240 493 272 sunt
525 236 677 282 veritas,
711 236 777 273 sed
811 237 1009 273 creatricis
1041 237 1249 286 participes
1281 236 1386 275 Veri-

57 294 146 331 tatis
188 292 231 330 ad
272 292 373 330 illam
413 298 634 343 moventur,
679 299 875 345 tamquam
909 294 953 332 ad
992 294 1137 332 sontem
1178 295 1293 345 vitae,
1333 301 1386 346 ut,

56 351 159 401 quod
186 362 262 388 non
290 350 433 388 habent
464 362 510 388 ex
543 362 583 388 se
615 352 721 402 ipsis,
754 353 906 402 capiant
938 364 982 390 ex
1015 354 1108 402 ipsa.
1170 351 1219 390 Et
1250 364 1385 390 eorum

57 408 203 446 stabilis
248 414 307 446 est
352 410 424 446 iste
463 413 608 458 motus,
648 420 723 458 quo
763 411 938 461 veniunt⁷
977 412 1040 460 qui
1075 422 1151 448 non
1184 410 1384 448 recedunt.

55 466 134 504 Nec
173 468 227 504 sic
266 466 438 516 loquitur
478 466 624 517 angelis
662 466 783 518 Deus,
823 480 898 517 quo
938 468 1050 506 modo
1090 480 1160 506 nos
1192 470 1230 506 in
1264 470 1385 506 vicem

55 524 166 562 nobis
205 523 263 562 vel
295 524 373 562 Deo
414 524 471 562 vel
509 524 653 574 angelis
693 524 751 563 vel
788 527 862 575 ipsi
906 526 1031 576 angeli
1063 526 1174 564 nobis
1206 528 1284 564 sive
1317 539 1386 577 per

55 582 141 620 illos
180 582 283 620 Deus
329 582 457 634 nobis,
503 582 568 620 sed
608 582 790 621 ineffabili
830 596 899 621 suo
939 584 1069 635 modo3
1114 584 1224 622 nobis
1257 591 1385 623 autem

55 640 128 678 1100
172 641 365 679 indicatur
404 646 538 679 nostro
580 641 704 679 modo.
768 640 835 679 Dei
874 643 1016 692 quippe
1057 642 1258 680 sublimior
1297 648 1384 681 ante

55 711 168 737 suum
201 699 344 736 sactum
376 698 520 737 locutio
547 700 669 749 ipsius
703 700 762 737 sui
795 700 883 737 sacti
916 706 976 737 est
1006 700 1243 738 inmutabilis
1276 702 1385 751 ratio,

54 769 151 806 quae
178 769 254 794 non
281 756 396 795 habet
429 769 566 795 sonum
588 763 826 808 strepentem
859 763 973 807 atque
1007 764 1285 810 transeuntem,
1318 758 1384 797 sed

53 817 128 853 vim
183 816 418 865 sempiterne
472 821 693 853 manentem
744 821 782 853 et
833 815 1098 866 temporaliter
1148 823 1384 867 operantem.

53 873 131 911 Hac
177 873 349 924 loquitur
397 873 542 924 angelis
588 875 751 920 sanctis,
796 873 907 911 nobis
949 880 1076 912 autem
1120 874 1231 912 aliter
1272 875 1383 925 longe

53 932 201 982 positis.
265 931 426 976 Quando
459 937 588 969 autem
628 933 744 970 etiam
778 944 847 970 nos
881 932 1023 982 aliquid
1058 932 1142 970 talis
1175 932 1384 970 locutionis

52 989 306 1028 interioribus
339 989 498 1028 auribus
531 991 715 1041 capimus7
748 990 892 1041 angelis
924 992 1242 1041 propinquamus.
1299 991 1384 1028 Non

52 1050 181 1098 itaque
221 1047 314 1085 1111111
352 1047 510 1085 adsidue
550 1048 744 1086 reddenda
788 1050 884 1086 ratio
918 1054 977 1086 est
1008 1050 1047 1086 in
1081 1048 1153 1086 1100
1186 1061 1303 1099 opere
1337 1048 1382 1086 de

51 1105 313 1144 locutionibus
354 1105 433 1143 Dei.
496 1107 571 1144 Aut
611 1108 713 1144 enim
753 1106 901 1145 Veritas
945 1106 1273 1145 incommutabilis
1314 1119 1384 1157 per

54 1176 94 1202 se
127 1165 249 1214 ipsam
287 1163 534 1202 ineffabiliter
571 1163 745 1214 loquitur
782 1164 979 1203 rationalis
1013 1170 1213 1203 creaturae
1246 1167 1382 1203 menti-

51 1222 136 1273 bus,
169 1228 234 1260 aut
265 1234 335 1272 per
367 1221 591 1260 mutabilem
624 1228 842 1260 creaturam
875 1223 1059 1274 loquitur,
1092 1225 1170 1261 sive
1204 1223 1383 1274 spiritali-

52 1280 125 1318 bus
157 1279 388 1330 imaginibus
426 1285 561 1318 nostro
601 1282 755 1331 spiritui
794 1282 871 1319 sive
912 1281 1179 1331 corporalibus
1224 1281 1383 1319 vocibus

51 1340 226 1389 corporis
259 1339 401 1376 sensui.

169 1395 265 1434 Illud
304 1408 395 1434 sane
428 1396 531 1446 quod
570 1396 715 1434 dictum
750 1403 825 1435 est:
867 1398 917 1435 Ec
948 1410 1055 1435 mmo
1088 1409 1165 1435 non
1198 1399 1384 1444 deficient

51 1467 102 1494 ew
135 1457 209 1493 illis
241 1457 393 1506 omnia,
434 1466 537 1501 quae
578 1457 714 1493 conati
739 1454 895 1503 suerint
923 1455 1084 1503 facere,
1127 1468 1204 1493 non
1237 1455 1382 1493 dictum

52 1518 111 1551 est
143 1512 418 1563 confirmando,
451 1512 517 1550 sed
551 1518 746 1562 tamquam
779 1514 1067 1564 interrogamIO,
1100 1515 1202 1551 sicut
1234 1513 1332 1551 solet
1364 1526 1383 1550 a

52 1570 376 1609 comminantibus
408 1570 501 1621 dici,
534 1582 648 1620 quem
682 1571 726 1608 ad
761 1571 916 1609 modum
950 1573 1001 1609 ait
1034 1571 1206 1621 quidam:

168 1653 256 1691 Non
288 1664 398 1690 arma,
430 1653 638 1700 expedient
668 1655 829 1701 totaque
862 1666 907 1690 ex
938 1654 1034 1690 urbe
1067 1652 1306 1701 sequentur?

53 1733 117 1772 Sic
145 1745 237 1783 ergo
265 1732 534 1783 accipiendum
561 1738 631 1784 051,
660 1739 853 1783 tamquam
881 1734 1037 1772 dixerit:
1069 1732 1228 1784 „Nonne
1257 1735 1383 1771 omnia

52 1791 232 1830 deficient
265 1803 309 1829 ex
342 1790 434 1842 illis,
469 1802 566 1840 quae
599 1793 725 1829 conati
758 1792 904 1829 fuerint
937 1792 1063 1829 facere
1076 1788 1120 1828 ‘?“
1159 1790 1234 1829 Sed
1268 1793 1299 1828 si
1332 1792 1383 1829 ita

53 1849 216 1900 dicatur,
248 1861 325 1887 non
356 1850 538 1899 exprimit
568 1851 876 1887 comminantem.
940 1848 1082 1887 Verum
1115 1854 1275 1899 propter
1307 1854 1381 1886 tar-

52 1907 249 1946 diusculos
276 1907 493 1945 addidimus
518 1907 758 1959 particulam,
790 1907 827 1945 id
854 1913 914 1945 est
944 1904 1053 1959 „ne“,
1085 1912 1128 1944 ut
1160 1907 1382 1945 diceremus

49 1961 258 2017 „nonne“,
308 1967 489 2015 quoniam
535 1977 668 2003 vocem
720 1967 1008 2016 pronuntiantis
1053 1976 1129 2002 non
1173 1976 1381 2014 possumus

52 2023 235 2062 scribere.

167 2080 224 2119 Ex
262 2080 336 2119 illis
374 2083 492 2131 igitur
530 2080 656 2119 tribus
689 2081 933 2128 hominibus,
970 2081 1050 2119 Noe
1085 2080 1189 2131 filiis,
1229 2086 1381 2131 septua-

145 2172 202 2213 22)
229 2169 316 2204 Gen.
346 2173 400 2212 11,
428 2173 459 2205 6.
510 2171 567 2213 25)
593 2169 702 2213 Verg.
729 2170 816 2204 Aen.
844 2174 876 2213 4,
905 2172 981 2204 592.

144 2300 164 2330 3
189 2295 263 2341 ipsi
286 2296 381 2330 R¹F

1414 768 1454 797 10

1412 1059 1453 1088 15

1411 1349 1454 1380 20

1410 1662 1453 1692 25

1409 1975 1452 2006 30
