1611 2465
111 723 152 754 10

111 1014 153 1045 15

109 1422 153 1453 20

108 1736 153 1767 25

111 2028 154 2058 30

182 91 263 132 1552
722 100 749 126 s.
770 99 989 126 Auensmn

178 201 219 227 se
250 195 459 240 praecepto
493 189 579 240 Dei,
612 194 651 227 et
682 188 771 226 inde
804 190 929 227 exisse
963 191 1276 240 septuagensimo
1309 194 1348 228 et
1379 191 1515 240 quinto

179 259 262 299 suo,
294 249 415 298 patris
441 253 570 285 autem
597 248 657 285 sui
684 249 925 285 centensimo
953 247 1275 298 quadragensimo
1309 254 1347 286 et
1379 249 1514 298 quinto

178 317 289 344 anno.
353 305 667 343 Conlocationem
711 317 803 343 vero
842 307 926 343 eius
970 307 1010 343 in
1048 312 1152 344 terra
1194 306 1394 358 Chanaan,
1438 318 1515 345 non

177 364 462 414 prosectionem
500 363 546 401 de
581 362 726 401 Charra
764 369 852 414 post
889 370 1053 402 mortem
1092 366 1214 415 patris
1252 366 1337 403 eius
1376 364 1516 403 factam

178 434 264 460 esse
291 422 396 473 dicit,
429 422 518 471 qnia
543 423 618 460 iam
645 426 823 460 mortuus
850 428 933 460 erat
963 428 1074 473 pater
1106 424 1203 474 eius,
1235 422 1389 472 quando
1423 425 1516 461 emit

179 487 340 531 terram,
388 481 499 517 euius
543 479 596 518 ibi
640 481 714 517 iam
759 492 851 518 suae
896 482 954 518 rei
997 482 1126 531 eoepit
1170 492 1256 519 esse
1300 492 1515 531 possessor.

179 538 291 584 Quod
324 543 454 576 autem
485 540 561 576 iam
592 540 632 576 in
663 538 939 589 Mesopotamia
971 541 1202 590 constituto,
1243 538 1317 577 hoc
1349 545 1409 578 est
1440 541 1515 578 iam

179 608 337 647 egresso
370 596 417 634 de
450 602 554 635 terra
586 596 886 648 Chaldaeorum,
919 597 1012 635 dicit
1043 597 1164 635 Deus:
1209 598 1292 635 Exi
1322 599 1371 636 de
1403 602 1516 636 terra

179 660 248 693 tua
280 660 319 694 et
349 656 398 693 de
429 657 667 703 cognatione
698 660 767 693 tua
800 661 837 694 et
868 657 917 694 de
948 657 1061 694 domo
1089 658 1221 704 patris
1253 658 1331 702 lai,
1364 668 1441 694 non
1473 661 1518 694 ut

179 725 323 764 corpus
362 713 451 752 inde
491 714 656 764 eiceret,
694 713 797 764 quod
835 715 909 752 iam
955 714 1117 762 fecerat,
1157 714 1224 752 sed
1263 720 1306 752 ut
1345 715 1517 753 animum

179 771 379 823 avelleret,
418 771 571 810 dicitur.
633 771 719 810 Non
761 773 863 809 enim
897 774 1044 810 exierat
1074 772 1164 810 inde
1197 773 1342 820 animo,
1382 774 1415 810 si
1446 785 1515 824 spe

179 830 368 868 redeundi
401 835 439 868 et
470 829 665 868 desiderio
698 830 922 882 tenebatur,
956 843 1053 881 quae
1087 842 1176 880 spes
1208 836 1247 869 et
1278 830 1516 869 desiderium

179 888 258 927 Deo
295 888 455 926 iubente
493 900 536 927 ae
577 890 731 927 iuvante
771 894 809 927 et
849 888 913 926 illo
953 888 1184 927 oboediente
1224 889 1352 927 fuerat
1383 901 1514 940 ampu-

179 946 350 985 tandum.
411 946 497 984 Non
530 959 620 985 sane
652 946 933 985 incredibiliter
966 948 1230 999 existimatur,
1262 959 1351 985 eum
1382 952 1517 998 postea

180 1011 338 1043 secutus
378 1010 482 1043 esset
513 1004 666 1043 Naehor
704 1011 854 1055 patrem
884 1018 1018 1057 suum,
1058 1011 1151 1043 tune
1183 1005 1374 1044 Abraham
1406 1018 1515 1057 prae-

180 1069 335 1114 ceptum
375 1063 527 1101 Domini
565 1063 763 1113 implesse,
802 1069 846 1102 ut
883 1076 972 1103 cum
1011 1063 1126 1101 Sarra
1164 1065 1328 1115 coniuge
1367 1076 1437 1103 sua
1478 1069 1518 1103 et

179 1121 278 1160 Loth
310 1121 387 1160 filio
421 1122 552 1160 fratris
585 1124 646 1160 sui
678 1123 801 1160 exiret
833 1122 879 1160 (le
913 1121 1069 1160 Charra.

698 1269 854 1312 CAPUT
881 1271 996 1313 XVI.

179 1357 238 1395 De
265 1357 406 1394 oraine
431 1361 468 1394 ec
500 1357 694 1403 qualitate
721 1357 1026 1404 promissionum
1054 1357 1138 1403 Dei,
1171 1368 1275 1404 qnae
1308 1358 1364 1395 ad
1387 1358 1515 1395 Abra-

649 1415 741 1451 ham
769 1413 909 1461 factae
939 1420 1041 1452 sunt.

296 1495 374 1533 Iam
413 1495 716 1533 considerandae
759 1501 850 1533 sunt
886 1497 1166 1545 promissiones
1198 1495 1267 1534 Dei
1307 1496 1430 1535 factae
1470 1496 1515 1534 ad

178 1553 382 1591 Abraham.
443 1552 486 1591 111
519 1553 578 1591 his
610 1554 714 1591 enim
746 1554 939 1604 apertiora
972 1553 1041 1591 Dei
1072 1556 1216 1605 nostri,
1249 1554 1322 1592 hoc
1355 1560 1415 1592 est
1447 1553 1517 1593 Dei

178 1614 272 1664 veri,
304 1611 459 1650 oracula
486 1623 673 1662 apparere
700 1617 915 1662 coeperunt
947 1611 993 1649 (16
1026 1612 1169 1662 populo
1201 1613 1367 1664 piorum,
1400 1624 1516 1663 quem

178 1670 406 1721 prophetica
456 1671 744 1720 praenuntiavit
793 1671 1017 1708 auctoritas.
1091 1669 1237 1708 Harum
1288 1672 1412 1721 prima
1463 1672 1515 1708 ita

178 1728 337 1779 legitur:
370 1729 421 1765 Et
453 1730 558 1766 dixit
589 1729 779 1766 Dominus
812 1729 868 1766 ad
898 1729 1067 1766 Abram:
1105 1729 1189 1766 Exe'
1219 1730 1268 1767 de
1300 1733 1413 1768 terra
1445 1734 1515 1767 tua

179 1792 216 1825 et
248 1789 297 1825 cle
328 1788 566 1834 manatione
604 1792 672 1824 tua
717 1791 755 1823 et
793 1787 842 1824 de
874 1787 986 1824 domo
1012 1789 1146 1835 patris
1178 1789 1238 1824 [αἱ
1275 1792 1313 1825 et
1344 1788 1444 1825 vade
1477 1789 1516 1825 z‘n

180 1851 349 1891 terram,
388 1856 507 1892 qaam
545 1845 618 1881 tibi
648 1846 970 1882 demonstravero
979 1858 993 1889 ,·
1031 1849 1069 1882 et
1094 1844 1249 1892 faciam
1281 1850 1318 1882 te
1350 1846 1389 1882 z'n
1419 1856 1517 1892 qen-

180 1909 255 1941 cem
281 1914 467 1951 maenam
493 1907 530 1940 et
555 1903 787 1940 benedicam
810 1907 847 1940 te
873 1907 911 1940 et
935 1904 1201 1950 maym'ficabo
1229 1913 1368 1941 nomen
1395 1910 1519 1951 tuum,

180 1967 217 1999 et
243 1964 322 1999 eris
349 1962 590 2006 benede'elas,
623 1966 661 1998 et
686 1961 919 1998 benedicam
951 1961 1226 1999 benedicentes
1259 1966 1297 1999 te
1328 1965 1366 1999 et
1397 1964 1514 2000 male-

181 2021 356 2057 dicentes
389 2024 425 2057 te
458 2020 715 2065 maledicam,
749 2024 788 2056 et
819 2019 1107 2057 benedicentur
1141 2021 1181 2057 in
1213 2024 1250 2057 le
1282 2030 1414 2057 omnes
1446 2021 1515 2058 tri-

274 2109 307 2149 9)
336 2106 423 2141 Gen.
455 2111 507 2148 12,
537 2111 566 2141 1.

274 2216 293 2245 2
322 2213 359 2245 et
392 2211 517 2252 VRF;
548 2221 612 2245 om.
639 2222 659 2245 v
679 2212 690 2254 ΙΙ
711 2215 751 2245 21
780 2211 827 2245 ad
853 2222 917 2245 om.
954 2211 1076 2255 V1126
1103 2213 1141 2246 et
1165 2211 1258 2246 vade
1284 2222 1349 2246 om.
1385 2211 1451 2247 VR
1476 2215 1517 2247 ut

180 2259 253 2293 cod.
283 2259 483 2300 Alexand„-
508 2258 568 2292 sed
594 2258 637 2299 cf.
666 2260 750 2299 153,
776 2260 797 2291 4
