1611 2465
102 426 120 454 5

80 718 120 747 1¹)

77 1009 119 1039 15

76 1699 119 1729 ‘25

149 84 233 125 246
687 90 713 117 s.
733 89 950 117 AUGUSme

148 183 347 234 perductis
381 183 537 220 omnino
565 192 642 218 uon
676 179 826 231 ciniani,
858 180 1033 230 profecto
1065 181 1104 219 in
1137 181 1193 219 eis
1225 180 1316 218 illud
1350 180 1483 231 imple-

149 249 223 293 tur,
257 240 359 292 quod
391 242 431 278 in
464 251 509 277 eo
543 238 701 289 psalmO,
734 239 799 288 qui
832 237 935 276 hunc
969 240 1157 290 sequitur,
1190 240 1380 289 scriptum
1413 244 1482 278 est.

148 300 243 339 Cum
278 301 380 337 enim
414 303 452 336 et
484 297 560 335 illic
594 309 639 335 ex
672 307 838 347 persona
871 296 1033 348 Christi,
1074 309 1170 347 quae
1205 297 1249 336 ad
1283 299 1366 336 eius
1398 310 1483 349 pas-

148 361 296 397 sionem
329 358 545 408 pertinent,
586 355 812 406 prophetice
846 355 1092 406 dicerentur,
1137 362 1484 395 commemoratum

149 423 227 469 est,
260 415 362 466 quod
396 416 435 452 in
468 414 665 465 evaugelio
698 415 838 464 patuit:
884 415 1091 453 Dederunt
1123 417 1163 453 in
1196 426 1327 454 escam
1359 426 1484 454 meam

144 475 203 523 fel
244 480 280 514 el
326 477 365 512 m
409 474 476 511 sili
518 484 604 512 mea
644 477 780 522 potum
824 474 923 511 milei
965 475 1163 512 dederunt
1207 479 1373 512 acetum.
1436 473 1485 513 Et·

148 534 252 571 velut
277 538 366 583 post
394 531 467 570 tale
494 532 711 570 convivium
738 530 950 582 epulasque
984 531 1057 570 sibi
1089 531 1251 570 huiusce
1286 532 1389 570 modi
1421 544 1484 571 ex-

148 591 288 629 hibitas
333 602 421 628 mox
466 589 615 628 intulit:
660 591 753 628 Fiat
789 601 926 629 mensa
964 602 1100 629 eorum
1139 602 1275 629 coram
1319 593 1412 640 ipsis
1445 593 1485 629 in

147 652 408 699 muscipulam
441 654 478 688 et
509 652 549 687 in
582 650 883 687 retributionem
916 654 955 687 et
986 651 1025 687 in
1057 651 1315 693 sca7zdalum;
1347 650 1483 688 obscu-

147 713 290 748 rentur
316 710 424 747 ocule*
448 719 583 746 eorum
617 719 666 745 ne
698 708 868 753 videam,
902 712 938 746 et
970 709 1132 746 dorsum
1163 719 1299 746 eorum
1331 720 1486 757 semper

148 770 337 815 incurva,
384 771 421 804 et
463 771 614 817 cetera,
657 777 755 816 quae
799 777 876 803 non
915 765 1083 816 optando
1122 771 1213 804 sunt
1252 766 1373 818 dicta,
1417 766 1484 805 sed

147 825 305 876 optandi
337 826 467 875 specie
500 823 768 875 prophetando
800 823 1010 875 praedicta.
1073 824 1172 870 Quid
1208 836 1299 874 ergo
1332 826 1485 877 mirum,

147 886 179 922 si
212 884 305 922 haee
348 883 552 921 manifesta
586 894 663 921 non
697 882 845 933 vident,
888 895 1056 933 quorum
1088 882 1190 921 oculi
1225 889 1315 921 sunt
1346 883 1484 922 obscu-

147 944 231 994 rati,
264 954 311 980 ne
338 939 521 980 videant?
572 941 672 986 Quid
700 942 854 993 mirum,
885 943 917 979 si
944 941 1125 980 caelestia
1150 953 1227 979 non
1255 943 1486 994 suspiciunt,

147 1002 213 1052 qui
255 1006 298 1039 ut
335 1002 375 1038 in
413 1005 568 1038 terrena
602 1001 679 1037 sint
711 1001 842 1050 proni,
882 999 1041 1038 dorsum
1072 1012 1209 1038 eorum
1242 1012 1397 1051 semper
1429 1002 1484 1039 in-

147 1071 309 1098 curvum
350 1055 438 1097 est?
498 1057 567 1096 His
607 1059 710 1096 enim
750 1057 878 1096 verbis
918 1058 1113 1097 translatis
1146 1071 1166 1096 a
1199 1070 1363 1109 corpore
1396 1060 1485 1097 vitia

146 1117 428 1168 intelleguntur
455 1118 684 1155 animorum.
735 1116 810 1154 Ista
837 1117 882 1154 de
918 1117 1086 1168 psalmis,
1118 1116 1192 1155 hoc
1225 1123 1285 1155 est
1317 1116 1363 1155 de
1397 1129 1484 1168 pro-

146 1176 276 1227 phetia
327 1176 430 1226 regis
476 1175 614 1226 David,
660 1176 751 1213 satis
796 1174 896 1213 (licta
942 1177 1039 1227 sint,
1078 1181 1119 1214 ut
1158 1175 1296 1225 aliquis
1347 1175 1485 1214 modus

146 1236 207 1273 sit.
258 1234 464 1285 Ignoscant
491 1239 620 1271 autem
653 1234 719 1283 qui
746 1233 841 1271 haec
867 1233 1002 1283 legunt
1033 1239 1072 1272 et
1103 1239 1243 1272 cuncta
1275 1233 1337 1272 illa
1370 1246 1484 1272 nove-

147 1298 251 1343 runt,
284 1298 322 1330 et
354 1292 401 1330 de
434 1291 505 1343 his,
539 1303 635 1342 quae
677 1292 839 1330 sortasse
880 1292 1048 1330 firmiora
1081 1304 1141 1330 me
1174 1293 1485 1342 praetermisisse

146 1351 204 1389 vel
237 1350 469 1401 intellegunt
501 1350 559 1388 vel
593 1351 825 1401 existimant,
857 1362 934 1388 non
967 1356 1194 1401 querantur.

676 1485 830 1529 CAPUT
864 1487 954 1529 XX.

147 1575 205 1612 De
244 1584 370 1622 reqno
408 1584 458 1612 ac
496 1575 637 1611 merito
669 1573 804 1610 David
840 1578 877 1611 et
914 1574 963 1611 de
998 1575 1082 1618 filio
1122 1575 1244 1622 ipsius
1278 1574 1485 1613 Salomone

147 1644 274 1680 eaque
308 1632 541 1681 prophetia,
580 1643 684 1679 quae
722 1632 778 1669 ad
812 1632 1010 1669 Christum
1044 1634 1252 1679 pertinens
1285 1634 1485 1671 invenitur

178 1693 238 1729 rel
268 1692 307 1728 in
341 1691 397 1728 eis
429 1691 554 1736 libris,
587 1691 658 1737 qui
686 1691 847 1738 semple's
880 1691 1001 1738 ipsius
1034 1692 1291 1738 copulantur,
1325 1693 1386 1729 vel
1414 1692 1454 1729 in

382 1749 449 1795 eds,
482 1759 578 1795 quos
611 1749 733 1796 ipsius
766 1760 849 1786 esse
881 1759 957 1786 non
991 1749 1152 1786 dubium
1185 1753 1252 1786 est.

264 1828 451 1879 Regnavit
495 1840 588 1879 ergo
631 1828 747 1866 David
798 1830 837 1867 in
881 1834 1035 1867 terrena
1076 1828 1339 1881 Hierusalem,
1383 1830 1484 1869 filius

148 1888 326 1926 caelestis
359 1885 620 1937 Hierusalem,
660 1886 788 1924 divino
829 1887 992 1925 multum
1032 1888 1255 1925 testimonio
1288 1887 1483 1938 praedica·

149 1952 228 1996 tus,
267 1946 355 1995 quia
393 1949 432 1983 et
470 1944 608 1983 delicta
651 1946 735 1982 eius
767 1950 870 1982 tanta
904 1947 1045 1995 pietate
1079 1951 1258 1995 superata
1292 1952 1383 1985 sunt
1414 1959 1484 1997 per

78 2013 122 2043 30
150 2003 444 2042 saluberrimam
472 2002 693 2053 paenitendi
720 2002 988 2053 humilitatem,
1021 2008 1063 2040 ut
1088 2015 1250 2053 prorsus
1284 2005 1386 2042 iuter
1418 2016 1485 2043 eos

243 2106 276 2146 e)
304 2104 359 2137 Ps.
389 2107 443 2143 68,
472 2107 534 2145 ‘223
560 2103 622 2137 Mt.
651 2106 706 2145 27,
733 2107 788 2137 34.
841 2104 898 2145 11)
927 2103 975 2137 lb.
1004 2107 1046 2137 23
1075 2115 1124 2146 sq.

147 2254 203 2296 R,·
231 2253 484 2298 significantur
508 2265 528 2288 v

1598 2071 1611 2145 ,ιι-Ὦ
