1548 2562
281 149 333 174 DE
353 148 542 174 CIVITATE
561 149 630 173 DEI
649 149 680 174 L.
701 148 798 174 xvn.
818 148 846 174 c.
867 150 908 174 24.
928 149 959 173 L.
980 149 1092 173 xvm.
1113 149 1141 174 c.
1163 150 1185 173 1.
1315 139 1400 179 255

72 242 132 276 est
168 237 404 276 inmutabilis
443 238 723 287 praenuntiata.
786 236 1006 275 Malachiam
1045 249 1154 288 vero,
1192 236 1398 288 Aggaeum,

73 295 294 334 Zachariam
333 301 371 333 ct
408 294 570 333 Esdram
608 296 723 333 etiam
754 294 885 333 Iudaei
923 294 1079 346 reprobi
1117 296 1157 333 in
1194 296 1399 334 auctorita·

73 360 151 392 tem
188 354 353 392 divinam
392 359 570 404 receptos
609 354 837 392 novissimos
876 352 1029 392 habent.
1091 352 1190 391 Sunt
1227 354 1329 392 enim
1362 358 1401 391 et

73 413 217 463 scripta
255 423 410 463 eorum,
450 413 551 450 sicut
589 411 772 462 aliorum,
809 413 875 462 qui
913 413 952 450 in
984 423 1120 462 magna
1152 410 1399 450 multitudine

71 470 350 521 prophetarum
387 472 572 521 perpauci
611 481 655 508 ea
693 471 953 522 scripserunt,
995 482 1092 520 quae
1130 471 1401 508 auctoritatem
1427 476 1447 506 5

73 530 231 567 canonis
281 527 513 566 obtinerent.
594 527 647 566 De
705 539 871 578 quorum
920 528 1152 581 praedictis,
1207 540 1304 578 quae
1354 527 1400 565 ad

73 585 271 625 Christum
309 586 591 637 ecclesiamque
629 587 714 625 eius
751 588 965 638 pertinent,
1009 586 1193 625 nonnulla
1230 586 1323 625 mihi
1362 587 1400 624 in

72 644 145 683 hoc
183 656 300 696 opere
340 645 448 683 video
488 657 572 683 esse
604 644 798 696 ponenda;
838 645 939 695 quod
972 645 1211 683 commodius
1244 645 1308 683 fiet
1339 644 1401 682 ad·

73 704 226 741 iuvante
271 702 432 741 Domino
477 704 657 753 sequenti
699 702 816 754 libro,
860 715 908 741 ne
947 703 1050 741 huuc
1095 709 1171 741 tam
1208 702 1401 753 prolixum

72 760 237 800 ulterius
270 773 488 800 oneremus.
1430 768 1472 798 10

494 1013 736 1055 LIBER
779 1013 982 1056 XVIII.

629 1188 780 1230 CAPUT
814 1189 844 1230 I.

121 1274 180 1313 De
211 1274 282 1321 his,
314 1284 417 1322 quae
447 1285 571 1322 usque
603 1274 658 1311 ad
687 1278 865 1322 tempora
897 1273 1118 1312 Salvatorls
1150 1275 1284 1313 decem
1316 1279 1354 1313 et
1434 1280 1476 1311 15

336 1336 481 1381 septem
513 1332 774 1370 voluminibus
805 1333 1008 1381 disputata
1039 1336 1140 1370 sunt.

193 1412 246 1451 De
274 1414 471 1451 civitatum
502 1413 679 1464 duarum,
712 1424 875 1463 quarum
903 1411 971 1450 Dei
997 1425 1084 1464 una,
1118 1413 1262 1451 saeculi
1290 1413 1405 1452 huius

76 1478 136 1510 est
167 1471 302 1523 altera,
339 1472 378 1509 in
411 1483 485 1521 qua
518 1476 594 1523 est,
635 1477 821 1521 quantum
853 1470 899 1509 ad
932 1471 1132 1509 hominum
1163 1483 1286 1522 genus
1319 1484 1404 1522 per-

75 1532 194 1581 tinet,
225 1531 340 1568 etiam
371 1530 443 1568 ista
475 1530 698 1580 peregrina,
730 1535 867 1567 exortu
900 1535 939 1568 et
970 1541 1163 1580 procursu
1196 1535 1235 1568 et
1266 1529 1405 1568 debitis

77 1587 218 1626 finibus
256 1600 316 1625 me
354 1589 593 1638 scripturum
633 1599 718 1625 esse
750 1589 928 1638 promisi,
966 1599 1055 1626 cum
1087 1589 1196 1638 prius
1228 1589 1405 1626 inimicos
1433 1597 1477 1627 ‘20

78 1647 241 1685 civitatis
280 1645 365 1694 Dei,
404 1648 470 1696 qui
508 1645 700 1684 conditori
738 1648 822 1683 eius
854 1645 1008 1683 Christo
1046 1645 1140 1684 deos
1172 1657 1263 1684 suos
1296 1658 1404 1696 prae-

78 1706 209 1743 ferunt
252 1709 291 1742 et
340 1703 458 1742 livore
509 1703 582 1741 sibi
626 1704 955 1754 perniciosissimo
1005 1705 1190 1742 atrociter
1234 1704 1406 1742 invident

78 1762 318 1813 Christianis,
350 1767 537 1812 quantum
564 1773 624 1800 me
656 1760 855 1800 adiuvaret
885 1763 968 1800 eius
1000 1763 1133 1813 gratia,
1165 1761 1405 1813 refellissem,

78 1820 181 1872 quod
225 1819 484 1858 voluminibus
528 1819 662 1858 decem
706 1819 903 1870 prioribus
946 1820 1030 1858 feci.
1103 1819 1155 1858 De
1201 1820 1271 1858 hac
1316 1832 1405 1858 vero

77 1891 183 1930 mea,
226 1889 341 1929 quam
385 1877 497 1916 modo
544 1879 858 1928 commemoravi,
906 1879 1100 1929 tripertita
1149 1880 1405 1929 promissione
1434 1887 1477 1917 25

79 1937 271 1976 decimum
298 1936 553 1987 sequentibus
579 1941 762 1987 quattuor
788 1936 897 1974 libris
923 1937 1124 1975 ambarum
1150 1942 1208 1974 est
1234 1936 1406 1986 digestus

78 2000 249 2047 exortus,
280 1993 418 2033 deinde
450 2006 664 2046 procursus
695 1993 742 2032 ab
774 1994 928 2033 homine
961 1996 1085 2045 primo
1118 2006 1242 2045 usque
1274 1994 1320 2032 ad
1353 1994 1407 2033 di-

78 2053 224 2092 luvium
262 2052 360 2090 libro
399 2065 494 2105 uno,
533 2054 599 2103 qui
631 2057 690 2090 est
721 2052 836 2091 huius
869 2054 998 2103 operis
1031 2054 1190 2103 quintus
1221 2052 1408 2104 decimus,

172 2215 193 2245 3
226 2210 389 2245 diuinam
420 2210 475 2252 R‚·
507 2211 721 2246 canonicam
752 2222 772 2246 v
808 2213 821 2255 ss
859 2215 901 2246 10
929 2213 1012 2255 post
1045 2221 1236 2245 oneremus
1262 2210 1301 2244 F
1322 2211 1408 2245 haec

75 2258 238 2302 praebet.-
264 2257 402 2292 contuli
426 2268 545 2301 poena
570 2258 658 2301 quid
684 2259 740 2292 est
764 2258 945 2302 prolixum
972 2257 1124 2291 ulterius
1150 2257 1238 2300 quid
1264 2259 1319 2291 est
1346 2258 1406 2300 qui

78 2304 272 2339 benedicat
296 2303 419 2338 anima
443 2315 525 2338 mea
548 2304 763 2339 benedictus
789 2305 844 2339 est
862 2306 874 2348 Ι]
895 2308 936 2339 18
963 2315 1055 2338 nunc
1082 2305 1135 2338 est
1159 2315 1179 2338 v
