<?xml version="1.0" encoding="UTF-8"?>
<!DOCTYPE html PUBLIC "-//W3C//DTD XHTML 1.0 Transitional//EN"
    "http://www.w3.org/TR/xhtml1/DTD/xhtml1-transitional.dtd">
<html xmlns="http://www.w3.org/1999/xhtml" xml:lang="en" lang="en">
 <head>
  <title>
</title>
<meta http-equiv="Content-Type" content="text/html;charset=utf-8" />
  <meta name='ocr-system' content='tesseract 3.04.00' />
  <meta name='ocr-capabilities' content='ocr_page ocr_carea ocr_par ocr_line ocrx_word'/>
</head>
<body>
  <div class='ocr_page' id='page_1' title='image "./sanctiaureliiaug02auguuoft_0241.png"; bbox 0 0 1548 2562; ppageno 0'>
   <div class='ocr_carea' id='block_1_1' title="bbox 376 133 1385 174">
    <p class='ocr_par' dir='ltr' id='par_1_1' title="bbox 376 133 1385 174">
     <span class='ocr_line' id='line_1_1' title="bbox 376 133 1385 174; baseline 0.003 -8"><span class='ocrx_word' id='word_1_1' title='bbox 376 142 427 167; x_wconf 86' lang='lat' dir='ltr'>DE</span> <span class='ocrx_word' id='word_1_2' title='bbox 447 141 635 167; x_wconf 74' lang='lat' dir='ltr'>CIVITATE</span> <span class='ocrx_word' id='word_1_3' title='bbox 656 143 724 166; x_wconf 85' lang='lat' dir='ltr'>DEI</span> <span class='ocrx_word' id='word_1_4' title='bbox 744 143 776 167; x_wconf 85' lang='lat' dir='ltr'>L.</span> <span class='ocrx_word' id='word_1_5' title='bbox 796 142 894 168; x_wconf 78' lang='lat' dir='ltr'><strong>XVII.</strong></span> <span class='ocrx_word' id='word_1_6' title='bbox 915 141 945 168; x_wconf 83' lang='lat' dir='ltr'>c.</span> <span class='ocrx_word' id='word_1_7' title='bbox 965 143 1006 168; x_wconf 87' lang='lat'>13.</span> <span class='ocrx_word' id='word_1_8' title='bbox 1026 144 1060 168; x_wconf 79' lang='lat'>14</span> <span class='ocrx_word' id='word_1_9' title='bbox 1300 133 1385 174; x_wconf 77' lang='grc'>235</span> 
     </span>
    </p>
   </div>
   <div class='ocr_carea' id='block_1_2' title="bbox 55 230 1389 1257">
    <p class='ocr_par' dir='ltr' id='par_1_2' title="bbox 55 230 1389 1257">
     <span class='ocr_line' id='line_1_2' title="bbox 56 230 1384 283; baseline 0 -14"><span class='ocrx_word' id='word_1_10' title='bbox 56 243 126 283; x_wconf 89' lang='lat' dir='ltr'>per</span> <span class='ocrx_word' id='word_1_11' title='bbox 150 230 350 269; x_wconf 82' lang='lat' dir='ltr'>intervalla</span> <span class='ocrx_word' id='word_1_12' title='bbox 375 236 607 281; x_wconf 85' lang='lat' dir='ltr'>temporum,</span> <span class='ocrx_word' id='word_1_13' title='bbox 640 230 780 280; x_wconf 89' lang='lat' dir='ltr'>quibus</span> <span class='ocrx_word' id='word_1_14' title='bbox 812 230 995 281; x_wconf 84' lang='lat' dir='ltr'>leguntur</span> <span class='ocrx_word' id='word_1_15' title='bbox 1026 243 1141 281; x_wconf 84' lang='lat' dir='ltr'>paces</span> <span class='ocrx_word' id='word_1_16' title='bbox 1173 231 1384 269; x_wconf 81' lang='lat' dir='ltr'><strong>alternasse</strong></span> 
     </span>
     <span class='ocr_line' id='line_1_3' title="bbox 56 288 1386 340; baseline -0.002 -12"><span class='ocrx_word' id='word_1_17' title='bbox 56 301 145 328; x_wconf 87' lang='lat' dir='ltr'>cum</span> <span class='ocrx_word' id='word_1_18' title='bbox 182 289 310 339; x_wconf 79' lang='lat' dir='ltr'>bellis3</span> <span class='ocrx_word' id='word_1_19' title='bbox 349 293 388 326; x_wconf 89' lang='lat' dir='ltr'>et</span> <span class='ocrx_word' id='word_1_20' title='bbox 424 289 677 326; x_wconf 89' lang='lat' dir='ltr'>inveniuntur</span> <span class='ocrx_word' id='word_1_21' title='bbox 714 288 791 326; x_wconf 93' lang='lat' dir='ltr'>illic</span> <span class='ocrx_word' id='word_1_22' title='bbox 833 290 938 339; x_wconf 85' lang='lat' dir='ltr'>pacis</span> <span class='ocrx_word' id='word_1_23' title='bbox 970 295 1145 340; x_wconf 89' lang='lat' dir='ltr'>tempora</span> <span class='ocrx_word' id='word_1_24' title='bbox 1176 289 1386 339; x_wconf 78' lang='lat' dir='ltr'>prolixiora</span> 
     </span>
     <span class='ocr_line' id='line_1_4' title="bbox 57 342 1385 398; baseline 0 -13"><span class='ocrx_word' id='word_1_25' title='bbox 57 359 172 398; x_wconf 88' lang='lat' dir='ltr'>quam</span> <span class='ocrx_word' id='word_1_26' title='bbox 215 347 393 385; x_wconf 80' lang='lat' dir='ltr'>Salomon</span> <span class='ocrx_word' id='word_1_27' title='bbox 435 345 588 397; x_wconf 84' lang='lat' dir='ltr'>habuit,</span> <span class='ocrx_word' id='word_1_28' title='bbox 627 347 693 396; x_wconf 88' lang='lat' dir='ltr'>qui</span> <span class='ocrx_word' id='word_1_29' title='bbox 734 342 987 397; x_wconf 82' lang='lat' dir='ltr'>quadraginta</span> <span class='ocrx_word' id='word_1_30' title='bbox 1027 348 1202 398; x_wconf 87' lang='lat' dir='ltr'>regnavit</span> <span class='ocrx_word' id='word_1_31' title='bbox 1245 359 1385 398; x_wconf 84' lang='lat' dir='ltr'>annos;</span> 
     </span>
     <span class='ocr_line' id='line_1_5' title="bbox 57 404 1386 457; baseline -0.001 -13"><span class='ocrx_word' id='word_1_32' title='bbox 57 417 145 444; x_wconf 83' lang='lat' dir='ltr'>nam</span> <span class='ocrx_word' id='word_1_33' title='bbox 170 404 242 443; x_wconf 91' lang='lat' dir='ltr'>sub</span> <span class='ocrx_word' id='word_1_34' title='bbox 269 417 314 443; x_wconf 93' lang='lat' dir='ltr'>eo</span> <span class='ocrx_word' id='word_1_35' title='bbox 340 404 479 456; x_wconf 82' lang='lat' dir='ltr'>iudice,</span> <span class='ocrx_word' id='word_1_36' title='bbox 511 406 577 454; x_wconf 92' lang='lat' dir='ltr'>qui</span> <span class='ocrx_word' id='word_1_37' title='bbox 609 410 669 442; x_wconf 83' lang='lat' dir='ltr'>est</span> <span class='ocrx_word' id='word_1_38' title='bbox 699 405 912 455; x_wconf 87' lang='lat' dir='ltr'>appellatus</span> <span class='ocrx_word' id='word_1_39' title='bbox 944 405 1037 457; x_wconf 87' lang='lat' dir='ltr'>Aod,</span> <span class='ocrx_word' id='word_1_40' title='bbox 1069 406 1264 456; x_wconf 82' lang='lat' dir='ltr'>octoginta</span> <span class='ocrx_word' id='word_1_41' title='bbox 1296 407 1386 443; x_wconf 88' lang='lat' dir='ltr'>anni</span> 
     </span>
     <span class='ocr_line' id='line_1_6' title="bbox 55 462 1385 514; baseline 0.001 -13"><span class='ocrx_word' id='word_1_42' title='bbox 55 464 160 514; x_wconf 82' lang='lat' dir='ltr'>pacis</span> <span class='ocrx_word' id='word_1_43' title='bbox 198 464 366 501; x_wconf 88' lang='lat' dir='ltr'>fuerunt.</span> <span class='ocrx_word' id='word_1_44' title='bbox 428 462 537 500; x_wconf 85' lang='lat' dir='ltr'>Absit</span> <span class='ocrx_word' id='word_1_45' title='bbox 575 474 666 513; x_wconf 86' lang='lat' dir='ltr'>ergo</span> <span class='ocrx_word' id='word_1_46' title='bbox 705 468 748 500; x_wconf 89' lang='lat' dir='ltr'>ut</span> <span class='ocrx_word' id='word_1_47' title='bbox 781 462 996 501; x_wconf 85' lang='lat' dir='ltr'>Salomonis</span> <span class='ocrx_word' id='word_1_48' title='bbox 1037 469 1211 514; x_wconf 89' lang='lat' dir='ltr'>tempora</span> <span class='ocrx_word' id='word_1_49' title='bbox 1242 465 1282 502; x_wconf 90' lang='lat' dir='ltr'>in</span> <span class='ocrx_word' id='word_1_50' title='bbox 1313 463 1385 502; x_wconf 88' lang='lat' dir='ltr'>hac</span> 
     </span>
     <span class='ocr_line' id='line_1_7' title="bbox 55 521 1385 572; baseline 0.001 -13"><span class='ocrx_word' id='word_1_51' title='bbox 55 522 312 572; x_wconf 83' lang='lat' dir='ltr'>promissione</span> <span class='ocrx_word' id='word_1_52' title='bbox 339 521 535 571; x_wconf 84' lang='lat' dir='ltr'>praedicta</span> <span class='ocrx_word' id='word_1_53' title='bbox 567 532 651 559; x_wconf 87' lang='lat' dir='ltr'>esse</span> <span class='ocrx_word' id='word_1_54' title='bbox 685 521 910 572; x_wconf 80' lang='lat' dir='ltr'>credantur3</span> <span class='ocrx_word' id='word_1_55' title='bbox 943 521 1064 560; x_wconf 89' lang='lat' dir='ltr'>multo</span> <span class='ocrx_word' id='word_1_56' title='bbox 1096 523 1224 560; x_wconf 86' lang='lat' dir='ltr'>minus</span> <span class='ocrx_word' id='word_1_57' title='bbox 1256 523 1385 572; x_wconf 86' lang='lat' dir='ltr'>itaque</span> 
     </span>
     <span class='ocr_line' id='line_1_8' title="bbox 56 578 1386 630; baseline 0.001 -13"><span class='ocrx_word' id='word_1_58' title='bbox 56 579 263 617; x_wconf 90' lang='lat' dir='ltr'>cuiuslibet</span> <span class='ocrx_word' id='word_1_59' title='bbox 299 580 402 629; x_wconf 85' lang='lat' dir='ltr'>regis</span> <span class='ocrx_word' id='word_1_60' title='bbox 439 578 609 617; x_wconf 85' lang='lat' dir='ltr'>alterius.</span> <span class='ocrx_word' id='word_1_61' title='bbox 670 578 754 617; x_wconf 89' lang='lat' dir='ltr'>Non</span> <span class='ocrx_word' id='word_1_62' title='bbox 793 581 895 617; x_wconf 89' lang='lat' dir='ltr'>enim</span> <span class='ocrx_word' id='word_1_63' title='bbox 935 581 1139 630; x_wconf 87' lang='lat' dir='ltr'>quisquam</span> <span class='ocrx_word' id='word_1_64' title='bbox 1179 592 1315 618; x_wconf 91' lang='lat' dir='ltr'>eorum</span> <span class='ocrx_word' id='word_1_65' title='bbox 1346 582 1386 618; x_wconf 88' lang='lat' dir='ltr'>in</span> 
     </span>
     <span class='ocr_line' id='line_1_9' title="bbox 56 636 1385 689; baseline 0.001 -14"><span class='ocrx_word' id='word_1_66' title='bbox 56 642 181 684; x_wconf 88' lang='lat' dir='ltr'>tanta,</span> <span class='ocrx_word' id='word_1_67' title='bbox 223 642 365 688; x_wconf 86' lang='lat' dir='ltr'>quanta</span> <span class='ocrx_word' id='word_1_68' title='bbox 402 636 486 688; x_wconf 84' lang='lat' dir='ltr'>ille,</span> <span class='ocrx_word' id='word_1_69' title='bbox 530 649 624 687; x_wconf 86' lang='lat' dir='ltr'>pace</span> <span class='ocrx_word' id='word_1_70' title='bbox 663 638 853 689; x_wconf 82' lang='lat' dir='ltr'>regnavit3</span> <span class='ocrx_word' id='word_1_71' title='bbox 898 649 969 675; x_wconf 88' lang='lat' dir='ltr'>nec</span> <span class='ocrx_word' id='word_1_72' title='bbox 1007 650 1191 688; x_wconf 87' lang='lat' dir='ltr'>umquam</span> <span class='ocrx_word' id='word_1_73' title='bbox 1229 640 1385 676; x_wconf 89' lang='lat' dir='ltr'>omnino</span> 
     </span>
     <span class='ocr_line' id='line_1_10' title="bbox 55 695 1385 747; baseline 0.001 -14"><span class='ocrx_word' id='word_1_74' title='bbox 55 707 150 745; x_wconf 88' lang='lat' dir='ltr'>gens</span> <span class='ocrx_word' id='word_1_75' title='bbox 194 695 256 733; x_wconf 88' lang='lat' dir='ltr'>illa</span> <span class='ocrx_word' id='word_1_76' title='bbox 298 697 351 734; x_wconf 89' lang='lat' dir='ltr'>ita</span> <span class='ocrx_word' id='word_1_77' title='bbox 395 707 558 746; x_wconf 83' lang='lat' dir='ltr'>regnum</span> <span class='ocrx_word' id='word_1_78' title='bbox 599 697 745 747; x_wconf 78' lang='lat' dir='ltr'>tenuit,</span> <span class='ocrx_word' id='word_1_79' title='bbox 788 701 831 734; x_wconf 89' lang='lat' dir='ltr'>ut</span> <span class='ocrx_word' id='word_1_80' title='bbox 872 695 1034 734; x_wconf 90' lang='lat' dir='ltr'>sollicita</span> <span class='ocrx_word' id='word_1_81' title='bbox 1073 708 1149 734; x_wconf 91' lang='lat' dir='ltr'>non</span> <span class='ocrx_word' id='word_1_82' title='bbox 1188 697 1385 735; x_wconf 78' lang='lat' dir='ltr'>fueritne</span> 
     </span>
     <span class='ocr_line' id='line_1_11' title="bbox 56 753 1386 804; baseline 0.001 -13"><span class='ocrx_word' id='word_1_83' title='bbox 56 753 234 792; x_wconf 84' lang='lat' dir='ltr'>hostibus</span> <span class='ocrx_word' id='word_1_84' title='bbox 286 753 538 804; x_wconf 78' lang='lat' dir='ltr'>subderetur3</span> <span class='ocrx_word' id='word_1_85' title='bbox 588 755 677 803; x_wconf 88' lang='lat' dir='ltr'>quia</span> <span class='ocrx_word' id='word_1_86' title='bbox 720 755 759 791; x_wconf 87' lang='lat' dir='ltr'>in</span> <span class='ocrx_word' id='word_1_87' title='bbox 804 759 908 792; x_wconf 85' lang='lat' dir='ltr'>tanta</span> <span class='ocrx_word' id='word_1_88' title='bbox 952 753 1207 793; x_wconf 86' lang='lat' dir='ltr'>mutabilitate</span> <span class='ocrx_word' id='word_1_89' title='bbox 1253 766 1386 793; x_wconf 91' lang='lat' dir='ltr'>rerum</span> 
     </span>
     <span class='ocr_line' id='line_1_12' title="bbox 57 811 1386 862; baseline 0.002 -13"><span class='ocrx_word' id='word_1_90' title='bbox 57 811 314 850; x_wconf 85' lang='lat' dir='ltr'>humanarum</span> <span class='ocrx_word' id='word_1_91' title='bbox 347 812 441 849; x_wconf 90' lang='lat' dir='ltr'>nulli</span> <span class='ocrx_word' id='word_1_92' title='bbox 473 811 676 861; x_wconf 82' lang='lat' dir='ltr'>aliquando</span> <span class='ocrx_word' id='word_1_93' title='bbox 709 812 851 862; x_wconf 91' lang='lat' dir='ltr'>populo</span> <span class='ocrx_word' id='word_1_94' title='bbox 884 824 1069 850; x_wconf 88' lang='lat' dir='ltr'>concessa</span> <span class='ocrx_word' id='word_1_95' title='bbox 1101 819 1160 851; x_wconf 88' lang='lat' dir='ltr'>est</span> <span class='ocrx_word' id='word_1_96' title='bbox 1192 818 1296 851; x_wconf 86' lang='lat' dir='ltr'>tanta</span> <span class='ocrx_word' id='word_1_97' title='bbox 1329 825 1386 851; x_wconf 90' lang='lat' dir='ltr'>se-</span> 
     </span>
     <span class='ocr_line' id='line_1_13' title="bbox 57 869 1386 921; baseline 0.002 -14"><span class='ocrx_word' id='word_1_98' title='bbox 57 871 223 921; x_wconf 82' lang='lat' dir='ltr'>curitas,</span> <span class='ocrx_word' id='word_1_99' title='bbox 264 875 308 908; x_wconf 85' lang='lat' dir='ltr'>ut</span> <span class='ocrx_word' id='word_1_100' title='bbox 347 869 438 908; x_wconf 92' lang='lat' dir='ltr'>huic</span> <span class='ocrx_word' id='word_1_101' title='bbox 477 871 573 908; x_wconf 88' lang='lat' dir='ltr'>vitae</span> <span class='ocrx_word' id='word_1_102' title='bbox 611 870 773 908; x_wconf 77' lang='lat' dir='ltr'>hostiles</span> <span class='ocrx_word' id='word_1_103' title='bbox 812 882 889 908; x_wconf 88' lang='lat' dir='ltr'>non</span> <span class='ocrx_word' id='word_1_104' title='bbox 927 870 1154 909; x_wconf 81' lang='lat' dir='ltr'>formidaret</span> <span class='ocrx_word' id='word_1_105' title='bbox 1193 873 1386 909; x_wconf 70' lang='lat' dir='ltr'>incursus</span> 
     </span>
     <span class='ocr_line' id='line_1_14' title="bbox 57 926 1386 979; baseline 0.002 -14"><span class='ocrx_word' id='word_1_106' title='bbox 57 926 182 966; x_wconf 90' lang='lat' dir='ltr'>Locus</span> <span class='ocrx_word' id='word_1_107' title='bbox 216 940 307 978; x_wconf 81' lang='lat' dir='ltr'>ergo</span> <span class='ocrx_word' id='word_1_108' title='bbox 346 930 438 979; x_wconf 83' lang='lat' dir='ltr'>iste,</span> <span class='ocrx_word' id='word_1_109' title='bbox 476 929 542 978; x_wconf 86' lang='lat' dir='ltr'>qui</span> <span class='ocrx_word' id='word_1_110' title='bbox 579 929 820 978; x_wconf 79' lang='lat' dir='ltr'>promittitur</span> <span class='ocrx_word' id='word_1_111' title='bbox 852 934 929 966; x_wconf 90' lang='lat' dir='ltr'>tam</span> <span class='ocrx_word' id='word_1_112' title='bbox 961 934 1117 979; x_wconf 83' lang='lat' dir='ltr'>pacatae</span> <span class='ocrx_word' id='word_1_113' title='bbox 1150 941 1193 967; x_wconf 87' lang='lat' dir='ltr'>ac</span> <span class='ocrx_word' id='word_1_114' title='bbox 1226 941 1386 967; x_wconf 86' lang='lat' dir='ltr'>securae</span> 
     </span>
     <span class='ocr_line' id='line_1_15' title="bbox 56 985 1387 1037; baseline 0.001 -13"><span class='ocrx_word' id='word_1_115' title='bbox 56 985 324 1037; x_wconf 78' lang='lat' dir='ltr'>habitationis,</span> <span class='ocrx_word' id='word_1_116' title='bbox 370 991 551 1024; x_wconf 85' lang='lat' dir='ltr'>aeternus</span> <span class='ocrx_word' id='word_1_117' title='bbox 592 991 651 1024; x_wconf 89' lang='lat' dir='ltr'>est</span> <span class='ocrx_word' id='word_1_118' title='bbox 691 988 939 1036; x_wconf 82' lang='lat' dir='ltr'>aeternisque</span> <span class='ocrx_word' id='word_1_119' title='bbox 979 986 1143 1025; x_wconf 88' lang='lat' dir='ltr'>debetur</span> <span class='ocrx_word' id='word_1_120' title='bbox 1183 989 1221 1024; x_wconf 93' lang='lat' dir='ltr'>in</span> <span class='ocrx_word' id='word_1_121' title='bbox 1264 992 1387 1025; x_wconf 85' lang='lat' dir='ltr'>matre</span> 
     </span>
     <span class='ocr_line' id='line_1_16' title="bbox 56 1043 1387 1096; baseline 0.001 -15"><span class='ocrx_word' id='word_1_122' title='bbox 56 1043 298 1082; x_wconf 86' lang='lat' dir='ltr'>Hierusalem</span> <span class='ocrx_word' id='word_1_123' title='bbox 336 1043 474 1095; x_wconf 85' lang='lat' dir='ltr'>libera⁷</span> <span class='ocrx_word' id='word_1_124' title='bbox 512 1043 578 1082; x_wconf 90' lang='lat' dir='ltr'>ubi</span> <span class='ocrx_word' id='word_1_125' title='bbox 616 1045 690 1082; x_wconf 90' lang='lat' dir='ltr'>erit</span> <span class='ocrx_word' id='word_1_126' title='bbox 722 1046 911 1083; x_wconf 89' lang='lat' dir='ltr'>veraciter</span> <span class='ocrx_word' id='word_1_127' title='bbox 943 1044 1109 1095; x_wconf 88' lang='lat' dir='ltr'>populus</span> <span class='ocrx_word' id='word_1_128' title='bbox 1142 1045 1277 1096; x_wconf 80' lang='lat' dir='ltr'>lsrael3</span> <span class='ocrx_word' id='word_1_129' title='bbox 1314 1045 1387 1082; x_wconf 85' lang='lat' dir='ltr'>hoc</span> 
     </span>
     <span class='ocr_line' id='line_1_17' title="bbox 57 1100 1389 1154; baseline 0.001 -15"><span class='ocrx_word' id='word_1_130' title='bbox 57 1104 160 1140; x_wconf 80' lang='lat' dir='ltr'>enim</span> <span class='ocrx_word' id='word_1_131' title='bbox 192 1114 333 1140; x_wconf 90' lang='lat' dir='ltr'>nomen</span> <span class='ocrx_word' id='word_1_132' title='bbox 374 1104 655 1152; x_wconf 86' lang='lat' dir='ltr'>interpretatur</span> <span class='ocrx_word' id='word_1_133' title='bbox 686 1102 850 1154; x_wconf 81' lang='lat' dir='ltr'>„videns</span> <span class='ocrx_word' id='word_1_134' title='bbox 881 1100 1051 1154; x_wconf 78' lang='lat' dir='ltr'>Deum“;</span> <span class='ocrx_word' id='word_1_135' title='bbox 1084 1105 1195 1141; x_wconf 84' lang='lat' dir='ltr'>cuius</span> <span class='ocrx_word' id='word_1_136' title='bbox 1227 1105 1389 1153; x_wconf 88' lang='lat' dir='ltr'>praemii</span> 
     </span>
     <span class='ocr_line' id='line_1_18' title="bbox 56 1159 1387 1212; baseline 0.002 -15"><span class='ocrx_word' id='word_1_137' title='bbox 56 1159 248 1198; x_wconf 86' lang='lat' dir='ltr'>desiderio</span> <span class='ocrx_word' id='word_1_138' title='bbox 286 1162 347 1210; x_wconf 90' lang='lat' dir='ltr'>pia</span> <span class='ocrx_word' id='word_1_139' title='bbox 386 1172 456 1210; x_wconf 90' lang='lat' dir='ltr'>per</span> <span class='ocrx_word' id='word_1_140' title='bbox 495 1160 608 1198; x_wconf 84' lang='lat' dir='ltr'>fidem</span> <span class='ocrx_word' id='word_1_141' title='bbox 645 1162 721 1199; x_wconf 88' lang='lat' dir='ltr'>vita</span> <span class='ocrx_word' id='word_1_142' title='bbox 759 1162 799 1199; x_wconf 93' lang='lat' dir='ltr'>in</span> <span class='ocrx_word' id='word_1_143' title='bbox 838 1160 909 1199; x_wconf 91' lang='lat' dir='ltr'>hac</span> <span class='ocrx_word' id='word_1_144' title='bbox 947 1173 1177 1200; x_wconf 82' lang='lat' dir='ltr'>aerumnosa</span> <span class='ocrx_word' id='word_1_145' title='bbox 1217 1163 1387 1212; x_wconf 83' lang='lat' dir='ltr'>peregri-</span> 
     </span>
     <span class='ocr_line' id='line_1_19' title="bbox 57 1218 520 1257; baseline 0 -1"><span class='ocrx_word' id='word_1_146' title='bbox 57 1219 211 1257; x_wconf 88' lang='lat' dir='ltr'>natione</span> <span class='ocrx_word' id='word_1_147' title='bbox 243 1218 418 1256; x_wconf 88' lang='lat' dir='ltr'>ducenda</span> <span class='ocrx_word' id='word_1_148' title='bbox 451 1223 520 1256; x_wconf 90' lang='lat' dir='ltr'>est.</span> 
     </span>
    </p>
   </div>
   <div class='ocr_carea' id='block_1_3' title="bbox 573 1354 873 1397">
    <p class='ocr_par' dir='ltr' id='par_1_3' title="bbox 573 1354 873 1397">
     <span class='ocr_line' id='line_1_20' title="bbox 573 1354 873 1397; baseline 0 -1"><span class='ocrx_word' id='word_1_149' title='bbox 573 1354 726 1397; x_wconf 81' lang='lat' dir='ltr'><strong>CAPUT</strong></span> <span class='ocrx_word' id='word_1_150' title='bbox 759 1355 873 1397; x_wconf 83' lang='lat' dir='ltr'><strong>XIV.</strong></span> 
     </span>
    </p>
   </div>
   <div class='ocr_carea' id='block_1_4' title="bbox 62 1440 1388 1489">
    <p class='ocr_par' dir='ltr' id='par_1_4' title="bbox 62 1440 1388 1489">
     <span class='ocr_line' id='line_1_21' title="bbox 62 1440 1388 1489; baseline 0.002 -12"><span class='ocrx_word' id='word_1_151' title='bbox 62 1440 117 1478; x_wconf 85' lang='lat' dir='ltr'>De</span> <span class='ocrx_word' id='word_1_152' title='bbox 147 1441 278 1478; x_wconf 70' lang='lat' dir='ltr'>studio</span> <span class='ocrx_word' id='word_1_153' title='bbox 311 1440 444 1478; x_wconf 77' lang='lat' dir='ltr'>David</span> <span class='ocrx_word' id='word_1_154' title='bbox 483 1441 523 1478; x_wconf 76' lang='lat' dir='ltr'>in</span> <span class='ocrx_word' id='word_1_155' title='bbox 556 1442 810 1488; x_wconf 71' lang='lat' dir='ltr'>dispositione</span> <span class='ocrx_word' id='word_1_156' title='bbox 841 1442 1106 1489; x_wconf 72' lang='lat' dir='ltr'>mysterioque</span> <span class='ocrx_word' id='word_1_157' title='bbox 1133 1443 1388 1489; x_wconf 79' lang='lat' dir='ltr'>psalmorum.</span> 
     </span>
    </p>
   </div>
   <div class='ocr_carea' id='block_1_5' title="bbox 10 1520 1390 2210">
    <p class='ocr_par' dir='ltr' id='par_1_5' title="bbox 10 1520 1390 2210">
     <span class='ocr_line' id='line_1_22' title="bbox 174 1520 1388 1573; baseline 0.001 -15"><span class='ocrx_word' id='word_1_158' title='bbox 174 1520 437 1559; x_wconf 85' lang='lat' dir='ltr'>Procurrente</span> <span class='ocrx_word' id='word_1_159' title='bbox 477 1522 594 1571; x_wconf 85' lang='lat' dir='ltr'>igitur</span> <span class='ocrx_word' id='word_1_160' title='bbox 632 1533 703 1571; x_wconf 90' lang='lat' dir='ltr'>per</span> <span class='ocrx_word' id='word_1_161' title='bbox 742 1526 917 1572; x_wconf 84' lang='lat' dir='ltr'>tempora</span> <span class='ocrx_word' id='word_1_162' title='bbox 950 1523 1103 1560; x_wconf 83' lang='lat' dir='ltr'>civitate</span> <span class='ocrx_word' id='word_1_163' title='bbox 1137 1521 1225 1573; x_wconf 81' lang='lat' dir='ltr'>Dei,</span> <span class='ocrx_word' id='word_1_164' title='bbox 1263 1523 1388 1572; x_wconf 88' lang='lat' dir='ltr'>primo</span> 
     </span>
     <span class='ocr_line' id='line_1_23' title="bbox 57 1577 1390 1631; baseline 0.001 -15"><span class='ocrx_word' id='word_1_165' title='bbox 57 1580 96 1616; x_wconf 92' lang='lat' dir='ltr'>in</span> <span class='ocrx_word' id='word_1_166' title='bbox 129 1577 265 1616; x_wconf 88' lang='lat' dir='ltr'>umbra</span> <span class='ocrx_word' id='word_1_167' title='bbox 304 1579 443 1629; x_wconf 87' lang='lat' dir='ltr'>futuri,</span> <span class='ocrx_word' id='word_1_168' title='bbox 482 1580 521 1616; x_wconf 86' lang='lat' dir='ltr'>in</span> <span class='ocrx_word' id='word_1_169' title='bbox 553 1585 708 1616; x_wconf 87' lang='lat' dir='ltr'>terrena</span> <span class='ocrx_word' id='word_1_170' title='bbox 735 1579 883 1617; x_wconf 87' lang='lat' dir='ltr'>scilicet</span> <span class='ocrx_word' id='word_1_171' title='bbox 914 1579 1174 1631; x_wconf 76' lang='lat' dir='ltr'>Hierusalem,</span> <span class='ocrx_word' id='word_1_172' title='bbox 1216 1581 1390 1630; x_wconf 84' lang='lat' dir='ltr'>regnavit</span> 
     </span>
     <span class='ocr_line' id='line_1_24' title="bbox 58 1636 1389 1688; baseline 0.001 -14"><span class='ocrx_word' id='word_1_173' title='bbox 58 1636 186 1674; x_wconf 90' lang='lat' dir='ltr'>David.</span> <span class='ocrx_word' id='word_1_174' title='bbox 248 1636 341 1675; x_wconf 88' lang='lat' dir='ltr'>Erat</span> <span class='ocrx_word' id='word_1_175' title='bbox 378 1643 507 1675; x_wconf 86' lang='lat' dir='ltr'>autem</span> <span class='ocrx_word' id='word_1_176' title='bbox 549 1636 665 1674; x_wconf 88' lang='lat' dir='ltr'>David</span> <span class='ocrx_word' id='word_1_177' title='bbox 707 1639 764 1675; x_wconf 89' lang='lat' dir='ltr'>vir</span> <span class='ocrx_word' id='word_1_178' title='bbox 808 1639 847 1675; x_wconf 93' lang='lat' dir='ltr'>in</span> <span class='ocrx_word' id='word_1_179' title='bbox 886 1638 1046 1675; x_wconf 84' lang='lat' dir='ltr'>canticis</span> <span class='ocrx_word' id='word_1_180' title='bbox 1084 1638 1278 1688; x_wconf 87' lang='lat' dir='ltr'>eruditus,</span> <span class='ocrx_word' id='word_1_181' title='bbox 1323 1639 1389 1687; x_wconf 89' lang='lat' dir='ltr'>qui</span> 
     </span>
     <span class='ocr_line' id='line_1_25' title="bbox 57 1695 1388 1746; baseline 0.001 -14"><span class='ocrx_word' id='word_1_182' title='bbox 57 1695 296 1732; x_wconf 88' lang='lat' dir='ltr'>harmoniam</span> <span class='ocrx_word' id='word_1_183' title='bbox 328 1696 515 1732; x_wconf 82' lang='lat' dir='ltr'>musicam</span> <span class='ocrx_word' id='word_1_184' title='bbox 554 1706 630 1732; x_wconf 85' lang='lat' dir='ltr'>non</span> <span class='ocrx_word' id='word_1_185' title='bbox 663 1695 810 1745; x_wconf 81' lang='lat' dir='ltr'>vulgari</span> <span class='ocrx_word' id='word_1_186' title='bbox 841 1695 1053 1746; x_wconf 81' lang='lat' dir='ltr'>voluptate,</span> <span class='ocrx_word' id='word_1_187' title='bbox 1091 1695 1158 1733; x_wconf 84' lang='lat' dir='ltr'>sed</span> <span class='ocrx_word' id='word_1_188' title='bbox 1191 1695 1294 1733; x_wconf 80' lang='lat' dir='ltr'>fideli</span> <span class='ocrx_word' id='word_1_189' title='bbox 1325 1708 1388 1733; x_wconf 93' lang='lat' dir='ltr'>vo-</span> 
     </span>
     <span class='ocr_line' id='line_1_26' title="bbox 58 1752 1386 1804; baseline 0.001 -14"><span class='ocrx_word' id='word_1_190' title='bbox 58 1752 205 1791; x_wconf 88' lang='lat' dir='ltr'>luntate</span> <span class='ocrx_word' id='word_1_191' title='bbox 232 1752 412 1790; x_wconf 84' lang='lat' dir='ltr'>dilexerit</span> <span class='ocrx_word' id='word_1_192' title='bbox 442 1765 564 1802; x_wconf 84' lang='lat' dir='ltr'>eaque</span> <span class='ocrx_word' id='word_1_193' title='bbox 590 1752 669 1790; x_wconf 92' lang='lat' dir='ltr'>Deo</span> <span class='ocrx_word' id='word_1_194' title='bbox 709 1765 791 1804; x_wconf 83' lang='lat' dir='ltr'>suo,</span> <span class='ocrx_word' id='word_1_195' title='bbox 825 1755 891 1803; x_wconf 87' lang='lat' dir='ltr'>qui</span> <span class='ocrx_word' id='word_1_196' title='bbox 923 1765 1038 1791; x_wconf 84' lang='lat' dir='ltr'>verus</span> <span class='ocrx_word' id='word_1_197' title='bbox 1070 1759 1129 1791; x_wconf 91' lang='lat' dir='ltr'>est</span> <span class='ocrx_word' id='word_1_198' title='bbox 1160 1753 1276 1804; x_wconf 88' lang='lat' dir='ltr'>Deus,</span> <span class='ocrx_word' id='word_1_199' title='bbox 1308 1766 1386 1804; x_wconf 80' lang='lat' dir='ltr'>my-</span> 
     </span>
     <span class='ocr_line' id='line_1_27' title="bbox 58 1811 1387 1861; baseline 0.001 -13"><span class='ocrx_word' id='word_1_200' title='bbox 58 1812 154 1849; x_wconf 86' lang='lat' dir='ltr'>stica</span> <span class='ocrx_word' id='word_1_201' title='bbox 192 1811 248 1848; x_wconf 92' lang='lat' dir='ltr'>rei</span> <span class='ocrx_word' id='word_1_202' title='bbox 285 1822 444 1860; x_wconf 83' lang='lat' dir='ltr'>magnae</span> <span class='ocrx_word' id='word_1_203' title='bbox 483 1812 712 1861; x_wconf 84' lang='lat' dir='ltr'>figuratione</span> <span class='ocrx_word' id='word_1_204' title='bbox 752 1813 941 1849; x_wconf 88' lang='lat' dir='ltr'>servierit.</span> <span class='ocrx_word' id='word_1_205' title='bbox 1003 1811 1253 1850; x_wconf 88' lang='lat' dir='ltr'>Diversorum</span> <span class='ocrx_word' id='word_1_206' title='bbox 1285 1814 1387 1849; x_wconf 88' lang='lat' dir='ltr'>enim</span> 
     </span>
     <span class='ocr_line' id='line_1_28' title="bbox 59 1868 1388 1919; baseline 0.001 -13"><span class='ocrx_word' id='word_1_207' title='bbox 59 1880 244 1906; x_wconf 90' lang='lat' dir='ltr'>sonorum</span> <span class='ocrx_word' id='word_1_208' title='bbox 297 1868 535 1906; x_wconf 87' lang='lat' dir='ltr'>rationabilis</span> <span class='ocrx_word' id='word_1_209' title='bbox 588 1869 889 1919; x_wconf 85' lang='lat' dir='ltr'>moderatusque</span> <span class='ocrx_word' id='word_1_210' title='bbox 939 1876 1153 1907; x_wconf 88' lang='lat' dir='ltr'>concentus</span> <span class='ocrx_word' id='word_1_211' title='bbox 1204 1870 1388 1908; x_wconf 89' lang='lat' dir='ltr'>concordi</span> 
     </span>
     <span class='ocr_line' id='line_1_29' title="bbox 10 1926 1387 1977; baseline 0.003 -15"><span class='ocrx_word' id='word_1_212' title='bbox 10 1956 14 1960; x_wconf 94' lang='lat'>.</span> <span class='ocrx_word' id='word_1_213' title='bbox 58 1927 240 1964; x_wconf 87' lang='lat' dir='ltr'>varietate</span> <span class='ocrx_word' id='word_1_214' title='bbox 273 1932 511 1977; x_wconf 89' lang='lat' dir='ltr'>compactam</span> <span class='ocrx_word' id='word_1_215' title='bbox 542 1926 641 1965; x_wconf 89' lang='lat' dir='ltr'>bene</span> <span class='ocrx_word' id='word_1_216' title='bbox 674 1927 872 1965; x_wconf 83' lang='lat' dir='ltr'>ordinatae</span> <span class='ocrx_word' id='word_1_217' title='bbox 905 1929 1069 1966; x_wconf 81' lang='lat' dir='ltr'>civitatis</span> <span class='ocrx_word' id='word_1_218' title='bbox 1102 1929 1272 1966; x_wconf 89' lang='lat' dir='ltr'>insinuat</span> <span class='ocrx_word' id='word_1_219' title='bbox 1304 1929 1387 1966; x_wconf 87' lang='lat' dir='ltr'>uni-</span> 
     </span>
     <span class='ocr_line' id='line_1_30' title="bbox 57 1983 1388 2037; baseline 0.002 -15"><span class='ocrx_word' id='word_1_220' title='bbox 57 1989 186 2023; x_wconf 89' lang='lat' dir='ltr'>tatem.</span> <span class='ocrx_word' id='word_1_221' title='bbox 248 1983 421 2035; x_wconf 88' lang='lat' dir='ltr'>Denique</span> <span class='ocrx_word' id='word_1_222' title='bbox 448 1986 573 2023; x_wconf 89' lang='lat' dir='ltr'>omnis</span> <span class='ocrx_word' id='word_1_223' title='bbox 598 1985 679 2023; x_wconf 86' lang='lat' dir='ltr'>sere</span> <span class='ocrx_word' id='word_1_224' title='bbox 706 1985 909 2036; x_wconf 86' lang='lat' dir='ltr'>prophetia</span> <span class='ocrx_word' id='word_1_225' title='bbox 941 1987 1024 2023; x_wconf 89' lang='lat' dir='ltr'>eius</span> <span class='ocrx_word' id='word_1_226' title='bbox 1056 1987 1095 2023; x_wconf 94' lang='lat' dir='ltr'>in</span> <span class='ocrx_word' id='word_1_227' title='bbox 1127 1985 1285 2036; x_wconf 85' lang='lat' dir='ltr'>psalmis</span> <span class='ocrx_word' id='word_1_228' title='bbox 1317 1991 1388 2037; x_wconf 79' lang='lat' dir='ltr'>est,</span> 
     </span>
     <span class='ocr_line' id='line_1_31' title="bbox 58 2043 1386 2095; baseline 0.001 -15"><span class='ocrx_word' id='word_1_229' title='bbox 58 2054 155 2092; x_wconf 89' lang='lat' dir='ltr'>quos</span> <span class='ocrx_word' id='word_1_230' title='bbox 197 2048 353 2081; x_wconf 85' lang='lat' dir='ltr'>centum</span> <span class='ocrx_word' id='word_1_231' title='bbox 392 2044 669 2093; x_wconf 84' lang='lat' dir='ltr'>quinquaginta</span> <span class='ocrx_word' id='word_1_232' title='bbox 707 2043 805 2081; x_wconf 88' lang='lat' dir='ltr'>liber</span> <span class='ocrx_word' id='word_1_233' title='bbox 843 2045 1035 2095; x_wconf 82' lang='lat' dir='ltr'>continet,</span> <span class='ocrx_word' id='word_1_234' title='bbox 1076 2056 1192 2094; x_wconf 88' lang='lat' dir='ltr'>quem</span> <span class='ocrx_word' id='word_1_235' title='bbox 1223 2043 1386 2094; x_wconf 89' lang='lat' dir='ltr'>psalmo-</span> 
     </span>
     <span class='ocr_line' id='line_1_32' title="bbox 58 2100 1387 2151; baseline 0.001 -13"><span class='ocrx_word' id='word_1_236' title='bbox 58 2112 145 2138; x_wconf 92' lang='lat' dir='ltr'>rum</span> <span class='ocrx_word' id='word_1_237' title='bbox 170 2112 362 2139; x_wconf 84' lang='lat' dir='ltr'>vocamus.</span> <span class='ocrx_word' id='word_1_238' title='bbox 423 2100 465 2138; x_wconf 90' lang='lat' dir='ltr'>In</span> <span class='ocrx_word' id='word_1_239' title='bbox 493 2100 633 2151; x_wconf 90' lang='lat' dir='ltr'>quibus</span> <span class='ocrx_word' id='word_1_240' title='bbox 660 2101 835 2139; x_wconf 88' lang='lat' dir='ltr'>nonnulli</span> <span class='ocrx_word' id='word_1_241' title='bbox 868 2102 1001 2140; x_wconf 87' lang='lat' dir='ltr'>volunt</span> <span class='ocrx_word' id='word_1_242' title='bbox 1033 2114 1099 2139; x_wconf 89' lang='lat' dir='ltr'>eos</span> <span class='ocrx_word' id='word_1_243' title='bbox 1132 2101 1233 2140; x_wconf 86' lang='lat' dir='ltr'>solos</span> <span class='ocrx_word' id='word_1_244' title='bbox 1266 2102 1387 2140; x_wconf 81' lang='lat' dir='ltr'>factos</span> 
     </span>
     <span class='ocr_line' id='line_1_33' title="bbox 58 2157 1389 2210; baseline 0.002 -14"><span class='ocrx_word' id='word_1_245' title='bbox 58 2170 142 2196; x_wconf 85' lang='lat' dir='ltr'>esse</span> <span class='ocrx_word' id='word_1_246' title='bbox 176 2170 196 2196; x_wconf 88' lang='lat' dir='ltr'>a</span> <span class='ocrx_word' id='word_1_247' title='bbox 227 2157 356 2205; x_wconf 87' lang='lat' dir='ltr'>David,</span> <span class='ocrx_word' id='word_1_248' title='bbox 389 2159 455 2208; x_wconf 88' lang='lat' dir='ltr'>qui</span> <span class='ocrx_word' id='word_1_249' title='bbox 488 2160 571 2197; x_wconf 88' lang='lat' dir='ltr'>eius</span> <span class='ocrx_word' id='word_1_250' title='bbox 603 2160 757 2197; x_wconf 87' lang='lat' dir='ltr'>nomine</span> <span class='ocrx_word' id='word_1_251' title='bbox 790 2161 967 2210; x_wconf 88' lang='lat' dir='ltr'>inscripti</span> <span class='ocrx_word' id='word_1_252' title='bbox 1001 2164 1102 2198; x_wconf 89' lang='lat' dir='ltr'>sunt.</span> <span class='ocrx_word' id='word_1_253' title='bbox 1165 2159 1264 2198; x_wconf 88' lang='lat' dir='ltr'>Sunt</span> <span class='ocrx_word' id='word_1_254' title='bbox 1295 2161 1389 2198; x_wconf 88' lang='lat' dir='ltr'>item</span> 
     </span>
    </p>
   </div>
   <div class='ocr_carea' id='block_1_6' title="bbox 56 2249 175 2253">
    <p class='ocr_par' dir='ltr' id='par_1_6' title="bbox 56 2249 175 2253">
     <span class='ocr_line' id='line_1_34' title="bbox 56 2249 175 2253; baseline 0 0"><span class='ocrx_word' id='word_1_255' title='bbox 56 2249 175 2253; x_wconf 95' lang='lat' dir='ltr'> </span> 
     </span>
    </p>
   </div>
   <div class='ocr_carea' id='block_1_7' title="bbox 205 2250 334 2253">
    <p class='ocr_par' dir='ltr' id='par_1_7' title="bbox 205 2250 334 2253">
     <span class='ocr_line' id='line_1_35' title="bbox 205 2250 334 2253; baseline 0 0"><span class='ocrx_word' id='word_1_256' title='bbox 205 2250 334 2253; x_wconf 95' lang='lat' dir='ltr'> </span> 
     </span>
    </p>
   </div>
   <div class='ocr_carea' id='block_1_8' title="bbox 151 2292 627 2337">
    <p class='ocr_par' dir='ltr' id='par_1_8' title="bbox 151 2292 627 2337">
     <span class='ocr_line' id='line_1_36' title="bbox 151 2292 627 2337; baseline 0.002 -11"><span class='ocrx_word' id='word_1_257' title='bbox 151 2297 170 2327; x_wconf 82' lang='lat'>6</span> <span class='ocrx_word' id='word_1_258' title='bbox 195 2292 320 2337; x_wconf 77' lang='lat' dir='ltr'>itaque</span> <span class='ocrx_word' id='word_1_259' title='bbox 343 2304 432 2335; x_wconf 83' lang='lat' dir='ltr'>mss,·</span> <span class='ocrx_word' id='word_1_260' title='bbox 456 2294 582 2337; x_wconf 73' lang='lat' dir='ltr'>utique</span> <span class='ocrx_word' id='word_1_261' title='bbox 607 2304 627 2328; x_wconf 80' lang='lat' dir='ltr'><em>v</em></span> 
     </span>
    </p>
   </div>
   <div class='ocr_carea' id='block_1_9' title="bbox 1416 762 1457 793">
    <p class='ocr_par' dir='ltr' id='par_1_9' title="bbox 1416 762 1457 793">
     <span class='ocr_line' id='line_1_37' title="bbox 1416 762 1457 793; baseline 0 0"><span class='ocrx_word' id='word_1_262' title='bbox 1416 762 1457 793; x_wconf 92' lang='lat'>10</span> 
     </span>
    </p>
   </div>
   <div class='ocr_carea' id='block_1_10' title="bbox 1418 1054 1458 1084">
    <p class='ocr_par' dir='ltr' id='par_1_10' title="bbox 1418 1054 1458 1084">
     <span class='ocr_line' id='line_1_38' title="bbox 1418 1054 1458 1084; baseline 0.05 -2"><span class='ocrx_word' id='word_1_263' title='bbox 1418 1054 1458 1084; x_wconf 84' lang='lat'>15</span> 
     </span>
    </p>
   </div>
   <div class='ocr_carea' id='block_1_11' title="bbox 1415 1449 1459 1479">
    <p class='ocr_par' dir='ltr' id='par_1_11' title="bbox 1415 1449 1459 1479">
     <span class='ocr_line' id='line_1_39' title="bbox 1415 1449 1459 1479; baseline 0.023 -1"><span class='ocrx_word' id='word_1_264' title='bbox 1415 1449 1459 1479; x_wconf 81' lang='lat'>20</span> 
     </span>
    </p>
   </div>
   <div class='ocr_carea' id='block_1_12' title="bbox 1415 1763 1457 1793">
    <p class='ocr_par' dir='ltr' id='par_1_12' title="bbox 1415 1763 1457 1793">
     <span class='ocr_line' id='line_1_40' title="bbox 1415 1763 1457 1793; baseline 0 0"><span class='ocrx_word' id='word_1_265' title='bbox 1415 1763 1457 1793; x_wconf 82' lang='lat'>25</span> 
     </span>
    </p>
   </div>
   <div class='ocr_carea' id='block_1_13' title="bbox 1414 2054 1458 2084">
    <p class='ocr_par' dir='ltr' id='par_1_13' title="bbox 1414 2054 1458 2084">
     <span class='ocr_line' id='line_1_41' title="bbox 1414 2054 1458 2084; baseline 0 0"><span class='ocrx_word' id='word_1_266' title='bbox 1414 2054 1458 2084; x_wconf 86' lang='lat'>30</span> 
     </span>
    </p>
   </div>
  </div>
 </body>
</html>
