1548 2562
375 136 428 161 DE
449 136 637 162 CIVITATE
657 136 726 162 DEI
745 137 778 161 L.
798 137 894 161 XXII.
914 136 943 162 c.
964 137 1004 162 18.
1026 138 1067 162 19.
1308 127 1392 167 597

57 227 263 275 plenitudo
301 227 402 276 eius,
441 227 512 273 qut
548 227 678 264 omnia
712 227 751 264 in
784 226 962 264 omnibus
995 227 1189 274 impletur.
1251 224 1392 264 Verum

60 286 92 322 si
130 283 203 321 hoc
242 283 287 321 ad
325 284 627 322 resurrectionis
660 283 840 332 formam,
884 285 922 321 in
962 295 1036 334 qua
1075 284 1149 322 erit
1185 285 1393 334 unusquis-

61 354 148 393 que,
181 341 431 380 referendum
465 347 585 394 esset7
618 341 710 392 quid
742 354 813 379 nos
845 341 1051 393 impediret
1083 343 1279 381 nominato
1312 344 1393 380 viro

58 399 284 450 intellegere
319 405 356 438 et
382 400 575 452 seminam,
608 405 652 438 ut
682 401 808 438 virum
840 412 910 451 pro
946 400 1100 438 homine
1132 402 1301 451 positum
1335 412 1393 438 ac-

59 455 308 509 ciperemus?
340 459 441 496 sicut
472 460 511 496 in
545 470 589 496 eo
623 457 726 508 quod
759 458 904 496 dictum
938 464 1016 496 est:
1055 459 1203 497 Beatus
1235 461 1296 497 m‘r
1328 461 1397 507 qui
1421 467 1440 497 5

59 519 167 555 timet
197 517 425 564 Dominum,
457 518 592 566 utique
626 515 679 554 ibi
713 521 804 555 sunt
836 522 874 555 et
906 517 1092 570 feminae,
1126 529 1223 567 quae
1257 519 1395 556 timent

58 573 275 613 Dominum.

572 687 728 730 CAPUT
754 688 867 730 XIX.

63 774 179 819 Quod
217 775 348 811 omm'a
389 775 572 821 corporis
612 775 730 823 vitta,
768 786 870 821 quae
909 776 949 812 in
987 775 1065 812 hac
1102 776 1184 812 vita
1221 776 1394 814 humano

58 833 269 870 contraria
300 835 393 869 sunt
424 833 579 879 decori,
618 833 659 870 in
691 834 989 871 resurrectione
1021 844 1097 871 non
1131 835 1209 871 sint
1237 833 1393 881 sutura,
1422 842 1463 872 10

58 890 127 927 ubi
157 894 341 928 manente
366 892 550 928 naturale·
573 890 797 928 substantia
830 892 870 928 2'72
902 901 1023 929 unam
1050 893 1393 939 pulchritudinem

323 953 360 986 et
391 950 565 995 qualitas
598 953 815 987 concurret
846 953 883 987 et
914 951 1127 996 quantitas.

176 1028 277 1074 Quid
318 1031 395 1067 iam
435 1029 691 1080 respondeam
733 1029 779 1068 de
821 1029 968 1080 capillis
1011 1036 1126 1081 atque
1168 1028 1394 1081 unguibus?

59 1087 186 1126 Semel
225 1088 368 1138 quippe
406 1087 604 1126 intellecto
646 1089 698 1126 ita
730 1087 824 1126 nihil
856 1089 1077 1139 periturum
1110 1100 1195 1127 esse
1229 1089 1275 1127 de
1309 1101 1391 1127 cor-

55 1158 169 1198 pore,
210 1151 254 1184 ut
292 1145 466 1184 deforme
498 1145 594 1184 nihil
627 1147 676 1184 sit
706 1147 747 1184 in
779 1158 964 1198 corpore,
1007 1146 1121 1185 simul
1153 1146 1392 1197 intellegitur
1422 1155 1461 1187 15

57 1216 117 1256 ea,
158 1215 255 1254 quae
294 1203 509 1242 deformem
549 1204 698 1242 factura
730 1204 886 1243 fuerant
919 1206 1212 1257 enormitatem,
1244 1217 1392 1244 massae

55 1264 130 1313 ipsi
161 1274 366 1300 accessura
399 1274 502 1313 esse,
535 1274 612 1300 non
644 1261 739 1301 locis
771 1264 810 1300 in
843 1262 985 1313 quibus
1018 1263 1283 1302 membrorum
1316 1264 1392 1302 for-

55 1333 116 1359 ma
153 1326 346 1372 turpetur.
407 1319 520 1359 Velut
562 1322 594 1358 si
631 1320 677 1359 de
715 1320 806 1359 limo
844 1333 909 1359 vas
951 1322 1078 1369 fieret,
1118 1322 1221 1372 quod
1254 1334 1392 1361 rursus

55 1381 95 1417 in
129 1378 296 1417 eundem
334 1378 469 1417 limum
510 1378 711 1418 redactum
742 1384 867 1417 totum
900 1379 946 1418 de
979 1385 1061 1418 toto
1094 1382 1236 1418 iterum
1270 1381 1392 1432 fieret,

56 1449 134 1475 non
166 1443 269 1475 esset
301 1449 462 1475 necesse
494 1443 538 1476 ut
568 1437 631 1475 illa
669 1449 758 1488 pars
791 1438 888 1485 limi,
927 1450 1025 1488 quae
1057 1440 1097 1476 in
1130 1451 1219 1477 ansa
1254 1439 1391 1491 fuerat,
1418 1448 1462 1479 20

57 1495 103 1534 ad
136 1507 268 1534 ansam
299 1495 463 1547 rediret,
501 1502 567 1534 aut
606 1508 703 1546 quae
736 1496 900 1534 fundum
932 1497 1095 1548 fecerat,
1136 1498 1218 1548 ipsa
1252 1509 1392 1537 rursus

56 1555 202 1593 faceret
234 1553 410 1607 fundum,
442 1554 534 1593 dum
566 1560 696 1593 tamen
728 1560 854 1593 totum
885 1561 1152 1593 reverteretur
1183 1557 1223 1593 in
1255 1561 1393 1608 totum,

55 1612 93 1651 id
139 1618 220 1664 est,
264 1617 369 1651 totus
409 1612 472 1651 ille
511 1613 626 1651 limus
663 1614 703 1651 in
742 1617 867 1652 totum
908 1625 973 1651 vas
1012 1613 1116 1652 nulla
1149 1615 1209 1652 sui
1241 1614 1392 1665 perdita

55 1677 165 1722 parte
205 1677 410 1710 remearet.
473 1671 720 1722 Quapropter
761 1673 793 1709 si
834 1671 961 1723 capilli
998 1673 1141 1710 totiens
1179 1674 1283 1711 tonsi
1322 1685 1390 1711 un-

55 1741 198 1780 guesve
231 1729 378 1767 desecti
410 1729 455 1768 ad
489 1742 557 1769 sua
588 1730 671 1768 loca
703 1729 932 1768 deformiter
964 1729 1148 1783 redeunt,
1180 1742 1258 1769 non
1290 1731 1390 1769 redi·
1418 1739 1462 1770 25

54 1787 169 1839 hunt3
215 1799 287 1826 nec
329 1792 458 1826 tamen
503 1789 644 1838 cuique
694 1790 917 1839 resurgenti
966 1788 1175 1841 peribunt,
1219 1791 1308 1839 quia
1352 1791 1391 1827 in

56 1846 218 1884 eandem
244 1857 412 1898 carnem,
444 1852 488 1885 ut
513 1858 799 1897 quemcumque
832 1846 885 1885 ihi
915 1846 1044 1885 locum
1076 1848 1252 1898 corporis
1285 1853 1390 1886 tene-

56 1909 143 1956 ant,
188 1909 338 1943 servata
381 1906 551 1956 partium
603 1906 856 1955 congruentia
907 1906 1090 1944 materiae
1136 1905 1391 1944 mutabilitate

54 1967 268 2001 vertentur.
331 1962 513 2008 Quamvis
553 1963 656 2013 quod
694 1965 747 2002 ait
787 1963 992 2002 Dominus:
1035 1964 1209 2013 Capillus
1247 1966 1392 2013 capitis

55 2023 178 2059 vestre·
213 2032 291 2059 non
326 2023 497 2069 peribit,
536 2034 613 2059 non
652 2021 699 2059 de
736 2021 999 2073 longitudine,
1041 2022 1109 2060 sed
1147 2021 1194 2060 de
1227 2034 1391 2061 numero
1417 2031 1461 2062 30

56 2078 284 2129 capillorum
322 2078 470 2118 dictum
508 2080 629 2118 multo
669 2081 795 2131 aptius
832 2081 956 2130 possit
994 2080 1183 2131 intellegi3
1216 2080 1318 2119 unde
1352 2086 1392 2120 et

150 2170 182 2211 1)
210 2167 301 2212 Eph.
330 2170 361 2212 1,
387 2172 430 2202 22
457 2180 510 2212 sq.
561 2173 595 2211 6)
621 2168 678 2204 Ps.
709 2172 785 2212 111,
814 2172 843 2203 1.
895 2171 953 2213 30)
980 2169 1039 2204 Le.
1068 2173 1123 2213 21,
1152 2173 1205 2205 18.

149 2301 191 2331 25
217 2297 299 2331 loca
324 2307 389 2330 sua
413 2306 433 2330 v
