1548 2562
393 149 445 173 DE
465 148 652 173 e1vlTATE
673 149 740 173 DEI
759 149 791 173 L.
811 149 891 174 XVI.
912 148 940 174 c.
961 150 1002 173 16.
1023 150 1065 173 17.
1307 139 1389 179 153

63 238 134 275 bus
172 242 317 275 terrae.
378 236 666 274 Advertendum
705 243 764 275 est
800 238 918 287 igitur
957 237 1051 274 duas
1083 248 1146 274 res
1178 238 1388 286 promissas

62 294 253 346 Abrahae3
286 306 401 332 unam
427 294 585 346 scilicet,
618 294 720 344 quod
746 294 1089 342 temamChanaan
1114 306 1388 345 possessurum

63 353 189 391 suerat
232 365 365 391 semen
410 354 513 404 eius,
565 353 666 402 quod
712 353 970 404 significatur,
1015 352 1080 391 uhi
1123 352 1269 390 dictum
1314 358 1388 391 est:

72 411 179 449 Vade
210 413 251 449 in
283 416 453 457 terram,
486 422 603 458 quom
636 411 709 448 tz'be·
739 413 1071 458 demonstravero,
1104 416 1141 449 et
1168 411 1321 458 faciam
1353 416 1390 449 te

63 471 102 507 in
126 473 281 516 {sentem
307 480 515 517 messmam,-
546 468 658 506 aliam
689 480 779 506 vero
812 469 924 518 longe
956 470 1279 519 praestantiorem
1311 481 1388 506 non
1415 476 1435 506 5

62 526 108 564 de
151 527 314 577 carnali,
355 527 422 564 sed
461 526 506 564 de
546 526 708 576 spiritali
750 528 915 577 semine,
952 539 1022 577 per
1054 527 1156 577 quod
1188 532 1298 577 pater
1330 532 1390 565 est

63 597 138 622 non
171 587 286 623 unius
318 586 445 634 gentis
476 584 726 635 Israeliticae,
765 585 830 622 sed
864 587 1035 623 omnium
1068 586 1259 636 gentium,
1291 597 1389 635 quae

63 643 151 681 fidei
183 645 266 681 eius
299 644 458 693 vestigia
490 648 796 694 consequuntur,
829 643 931 692 quod
963 645 1138 693 promitti
1170 645 1298 694 coepit
1329 643 1388 681 his

61 701 210 739 verbis:
243 701 294 739 Et
318 702 603 740 benedicentur
631 703 670 739 in
703 706 740 739 te
770 712 901 739 omnes
934 703 1060 739 tribus
1093 706 1238 740 terrae.
1282 701 1389 739 Hanc

61 761 360 810 promissionem
400 759 539 798 factam
585 758 796 797 arbitratur
841 758 1035 797 Eusebius
1078 761 1388 809 septuagensimo
1418 767 1459 798 10

63 819 197 867 quinto
235 829 334 855 anno
374 819 509 855 aetatis
541 817 732 869 Abrahae,
770 823 964 867 tamquam
1006 830 1094 855 mox
1126 824 1169 855 ut
1200 818 1298 856 facta
1331 823 1390 855 est

62 876 108 913 de
136 875 280 913 Charra
312 877 449 914 exierit
474 875 682 926 Abraham3
715 877 896 925 quoniam
929 877 1145 926 scripturae
1177 875 1391 914 contradici

62 946 139 971 non
170 939 316 985 potest,
353 933 419 972 ubi
456 934 614 984 legitur:
652 935 801 972 Abram
839 939 929 971 erat
959 937 1133 981 qumque
1165 939 1203 972 et
1232 940 1388 982 sepme-

58 994 174 1039 yz'nta
206 1004 418 1039 annorum,
458 1004 546 1031 eum
583 994 682 1030 exiit
720 1005 771 1030 esc
808 993 977 1030 Charra.
1041 991 1115 1029 Sed
1149 993 1181 1029 si
1213 1004 1257 1029 eo
1291 1004 1389 1029 anno

62 1050 161 1088 facta
193 1055 252 1088 est
283 1052 356 1088 ista
387 1052 605 1101 promissio,
637 1052 711 1088 iam
744 1052 879 1100 utique
911 1052 950 1088 in
984 1050 1128 1087 Charra
1161 1062 1249 1088 cum
1281 1056 1388 1100 patre
1419 1057 1461 1088 15

62 1120 132 1146 suo
169 1108 441 1146 demorabatur
473 1108 675 1147 Abraham.
736 1108 870 1158 Neque
911 1110 1013 1146 enim
1047 1110 1151 1146 exire
1183 1108 1271 1146 inde
1305 1120 1391 1158 pos-

63 1172 138 1217 set,
180 1168 254 1204 nisi
285 1168 394 1216 prius
426 1166 479 1204 ibi
511 1166 732 1205 habitasset.
794 1166 1082 1217 Numquidnam
1114 1178 1206 1217 ergo
1240 1172 1390 1204 contra-

62 1224 204 1262 dicitur
237 1224 431 1275 Stephano
464 1225 624 1263 dicenti:
657 1226 764 1263 Deus
792 1227 949 1272 ylerdae
981 1227 1172 1274 apparuit
1202 1226 1393 1263 Abrahae

57 1285 172 1331 patri
195 1287 340 1329 nostro,
373 1295 461 1321 cum
488 1288 588 1321 esset
620 1286 659 1321 in
686 1284 984 1332 Mesopotamia,
1013 1286 1249 1332 priusquam
1280 1284 1391 1321 habl-

62 1345 168 1378 ταν-ετ
209 1343 249 1378 2'72
295 1341 480 1379 Charra?
531 1341 605 1379 Sed
643 1341 947 1391 intellegendum
991 1348 1069 1392 est,
1113 1341 1215 1391 quod
1255 1341 1391 1378 eodem
1419 1348 1461 1379 20

62 1410 161 1436 anno
206 1399 304 1437 facta
349 1401 425 1437 sint
469 1401 615 1450 omnia,
657 1405 695 1438 et
727 1399 795 1437 Dei
827 1401 1050 1451 promissio,
1101 1405 1307 1450 antequam
1350 1401 1390 1436 in

63 1456 206 1494 Charra
240 1457 429 1495 habitaret
467 1457 669 1509 Abraham,
702 1463 740 1496 et
772 1460 810 1495 in
843 1457 987 1495 Charra
1019 1457 1203 1496 habitatio
1237 1459 1320 1495 eius
1353 1462 1392 1495 et

61 1515 150 1552 inde
182 1515 389 1567 profecti03
428 1528 504 1554 non
545 1516 670 1554 solum
703 1517 791 1566 quia
823 1515 1015 1554 Eusebius
1047 1517 1086 1553 in
1119 1516 1312 1553 chronicis
1345 1515 1391 1553 ab

62 1585 162 1611 anno
200 1573 315 1612 huius
353 1575 622 1624 promissionis
662 1580 860 1624 computat
899 1580 936 1612 et
974 1573 1144 1611 ostendit
1180 1579 1269 1624 post
1301 1585 1390 1623 qua-

63 1631 289 1681 dringentos
341 1638 380 1670 et
428 1634 585 1682 triginta
635 1644 755 1670 annos
800 1633 944 1669 exitum
989 1644 1073 1669 esse
1117 1631 1163 1669 de
1208 1631 1392 1682 Aegypto,
1419 1639 1461 1669 25

64 1689 216 1739 quando
255 1689 315 1727 lex
356 1689 442 1728 data
480 1696 559 1742 est,
598 1702 732 1728 verum
772 1691 886 1728 etiam
925 1691 1014 1740 quia
1046 1689 1084 1728 id
1117 1694 1394 1727 commemorat

64 1747 261 1798 apostolus
292 1747 446 1786 Paulus.

572 1885 722 1927 CAPUT
749 1885 883 1926 XVII.

64 1957 124 1995 De
150 1958 277 1995 tribus
303 1959 651 1996 excellentioribus
674 1961 850 2005 gremium
883 1961 1029 2006 reynis,
1062 1969 1229 2006 quorum
1261 1970 1392 2006 unum,

140 2017 183 2053 id
213 2019 270 2053 est
300 2017 566 2064 Assyriorum,
600 2018 677 2054 iam
710 2018 914 2054 Abraham
943 2019 1078 2064 yenito
1109 2018 1312 2055 sublimius
1420 2024 1464 2055 30

626 2076 830 2112 eminebat.

180 2142 254 2180 Per
285 2142 387 2180 idem
421 2148 574 2193 tempus
605 2145 813 2182 eminentia
846 2156 963 2194 regna
996 2150 1106 2182 erant
1137 2146 1321 2197 gentium7
1354 2147 1393 2182 in

65 2199 205 2250 quibus
249 2202 533 2250 terrigenarum
576 2203 726 2249 civitas,
770 2202 842 2240 hoc
885 2208 943 2240 est
988 2204 1152 2240 societas
1192 2202 1393 2241 hominum

159 2302 215 2343 14)
242 2299 328 2335 Gen.
358 2305 411 2343 12,
439 2305 455 2334 1
485 2313 561 2344 sqq.
613 2304 671 2345 20)
698 2302 777 2337 Aet.
806 2306 837 2344 7,
865 2307 894 2336 2.
946 2303 1004 2344 27)
1031 2302 1110 2336 Gal.
1138 2306 1169 2344 3,
1197 2306 1250 2337 17.
