1548 2562
425 155 477 179 DE
498 154 685 180 CIVITATE
705 156 774 180 DEI
793 156 825 181 L.
844 156 958 181 xvm.
977 155 1006 181 c.
1026 157 1103 182 5—7.
1339 147 1424 188 263

97 243 303 282 daemones
341 243 474 293 figuris
514 243 612 281 fictis
651 244 828 282 facillime
865 250 1030 294 possunt
1067 244 1295 283 animalibus
1334 257 1424 283 con-

97 301 329 354 cipientibus
361 301 554 339 exhibere.

632 436 786 479 CAPUT
818 438 891 480 VI.

101 524 185 569 Quo
216 527 412 571 reqnante
448 524 559 572 apud
588 523 757 570 Argivos
788 534 911 570 quove
943 525 1054 572 apud
1082 524 1268 573 Assyrios
1300 525 1423 563 Iacob

481 583 520 618 in
553 581 731 630 Aeqypto
761 582 814 619 sit
843 586 1031 620 mortuus.
1450 589 1470 620 5

212 663 303 713 Apis
348 674 439 713 ergo
484 674 572 713 rex,
615 674 693 700 non
737 662 1033 714 Aegyptiorum,
1078 663 1145 701 sed
1183 664 1424 716 Argivorum,

95 726 272 759 mortuus
310 726 370 759 est
407 722 447 758 in
484 721 666 771 Aegypto.
729 720 829 758 Huic
867 720 968 759 filius
1000 722 1125 771 Argus
1164 724 1354 761 successit
1385 724 1423 760 in

96 791 270 830 regnum,
302 790 349 817 ex
375 780 486 817 cuius
513 780 667 817 nomine
702 784 739 817 et
764 779 855 829 Argi
888 785 926 817 et
958 791 1004 818 ex
1035 780 1108 817 hoc
1135 780 1264 830 Argivi
1296 780 1423 831 appel-

94 836 160 876 lati
197 842 305 888 sunt;
344 837 612 887 superioribus
651 842 781 875 autem
820 837 976 887 regibus
1016 838 1187 876 nondum
1225 839 1284 876 vel
1316 839 1425 878 locus

94 894 153 933 vel
190 907 284 945 gens
321 894 485 933 habebat
522 895 595 933 hoc
635 907 787 933 nomen.
849 895 930 933 Hoc
963 902 1149 945 regnante
1182 897 1283 946 apud
1315 898 1422 948 Argi·
1453 905 1493 935 10

95 965 162 991 vos
201 959 239 991 et
276 953 377 1004 apud
417 953 617 1003 Sicyonios
655 952 790 1003 Erato,
831 953 932 1003 apud
965 954 1143 1004 Assyrios
1176 966 1266 992 vero
1299 955 1423 994 adhuc

94 1017 273 1049 manente
317 1011 431 1048 Baleo
476 1017 653 1049 mortuus
692 1017 750 1049 est
789 1010 901 1048 Iacob
941 1013 979 1049 in
1017 1012 1189 1063 Aegypto
1234 1025 1425 1052 annorum

94 1075 250 1107 centum
283 1069 534 1119 quadraginta
567 1075 732 1119 septem,
766 1081 853 1107 cum
887 1071 1100 1108 moriturus
1132 1070 1231 1109 filios
1263 1083 1354 1109 suos
1387 1077 1425 1110 et

93 1133 255 1178 nepotes
294 1140 339 1165 ex
378 1126 516 1177 Ioseph
559 1127 821 1166 benedixisset
862 1127 1137 1178 Christumque
1180 1131 1423 1179 apertissime

92 1185 379 1252 prophetasset,
423 1186 556 1224 dicens
594 1187 633 1224 in
666 1186 935 1224 benedictione
968 1186 1101 1225 Iudae:
1147 1188 1233 1226 Non
1266 1190 1425 1235 deficiet
1452 1198 1492 1227 15

87 1246 277 1292 princeps
315 1256 366 1283 ex
403 1244 508 1282 Iuda
545 1249 583 1283 et
619 1246 703 1282 dim
735 1246 783 1283 de
810 1244 1030 1292 femom‘bus
1062 1248 1164 1293 elus,
1205 1247 1330 1285 donec
1362 1259 1422 1285 ve-

92 1304 208 1340 niant
236 1314 340 1350 quae
370 1305 545 1351 reposita
576 1308 666 1341 sunt
704 1305 762 1348 ez}-
799 1308 836 1341 et
868 1305 950 1351 ipse
981 1306 1205 1351 expeclalz‘o
1235 1307 1423 1352 qentz’um.
1502 1346 1513 1356 v-

63 1346 292 1410 Regnante
318 1360 420 1410 Argo
453 1362 533 1398 suis
566 1362 693 1411 coepit
725 1363 781 1399 uti
814 1361 991 1411 fiugibus
1019 1361 1177 1400 Graecia
1212 1369 1250 1400 et
1280 1362 1422 1401 habere
1480 1360 1511 1378 '⁴
1539 1404 1541 1411 ¹

93 1423 244 1468 segetes
282 1420 321 1456 in
359 1419 611 1470 agricultum,
651 1419 786 1457 delatis
824 1419 977 1457 aliunde
1011 1420 1235 1458 seminibus.
1298 1421 1423 1471 Argus
1503 1410 1542 1465 ἵζ’

93 1488 246 1526 quoque
280 1482 367 1527 post
381 1449 546 1515 Dobitum
578 1477 674 1516 deus
707 1477 840 1515 haberi
872 1480 1017 1529 coepit,
1059 1479 1203 1529 templo
1236 1485 1274 1517 et
1306 1481 1422 1518 sacri·
1450 1487 1493 1518 20

92 1534 189 1572 ficiis
214 1535 451 1574 honoratus
501 1534 575 1580 Qui
606 1535 731 1573 honoi
763 1548 808 1574 eo
841 1542 1027 1586 regnante
1061 1542 1148 1574 ante
1181 1536 1289 1575 illum
1322 1537 1421 1576 dela-

92 1597 155 1630 tus
187 1598 246 1631 est
276 1577 438 1630 homins
449 1595 597 1643 piivato
631 1600 668 1632 et
700 1594 900 1632 fulminato
934 1594 1087 1632 cuidam
1112 1594 1261 1632 Homoo
1239 1607 1344 1648 g,yro
1377 1608 1422 1634 eo

92 1650 195 1700 quod
226 1652 375 1701 primus
406 1651 452 1705 ad
485 1657 656 1690 alatrum
687 1651 805 1690 boves
837 1653 1018 1690 iunxerit.

620 1811 770 1853 CAPUT
802 1812 895 1853 VH.

98 1896 271 1941 Quorum
303 1907 442 1943 requm
468 1900 641 1945 tempore
668 1897 807 1945 Ioseph
841 1899 880 1934 in
907 1899 1084 1946 Aeqypto
1117 1896 1329 1944 defunctus
1360 1900 1420 1937 sit.
1447 1906 1491 1937 25

207 1976 473 2027 Regnantibus
505 1978 752 2028 Assyriorum
791 1978 1020 2016 duodecimo
1053 1978 1245 2029 Mamytho
1279 1986 1316 2017 et
1348 1992 1419 2018 un-

90 2033 239 2072 decimo
285 2034 555 2085 Sicyoniorum
598 2035 794 2074 Plemmeo
838 2041 877 2074 et
915 2037 1026 2086 Argis
1070 2036 1194 2074 adhuc
1239 2044 1419 2076 manente

186 2136 241 2178 17)
268 2134 355 2169 Gen.
383 2139 438 2178 49,
467 2139 518 2170 10.

185 2266 226 2296 10
252 2262 329 2296 Hoc
355 2273 440 2307 ergo
459 2274 479 2296 υ
498 2264 510 2307 Η
529 2267 572 2297 27
599 2264 781 2307 plemmeo
801 2274 870 2298 mss
886 2260 1114 2308 (Πλημμεύς,
1134 2263 1265 2299 Euseb.
1287 2264 1415 2300 Chron.

88 2309 140 2342 ed.
167 2309 331 2351 Selmena,
358 2310 510 2353 append.
538 2310 565 2343 I
574 2310 637 2353 V)‚·
661 2310 858 2344 Plemnaeo
883 2322 903 2344 v
