1548 2562
440 134 492 158 DE
512 133 701 159 CIVITATE
721 134 791 158 Dm
810 134 841 158 L.
862 134 942 159 xm.
963 134 992 159 o.
1013 135 1054 159 29.
1335 126 1416 166 173

90 222 267 261 Sodomis
306 219 518 273 perderet?
578 221 667 259 Illos
706 228 835 260 autem
873 222 970 260 duos
1009 223 1064 260 sic
1103 225 1275 273 suscepit
1306 223 1416 271 Loth,

88 287 130 320 ut
163 282 278 319 etiam
309 282 391 330 ipse
424 281 463 318 in
496 279 701 329 conloquio
735 292 823 318 cum
855 280 929 318 illis
962 292 1031 318 suo
1064 280 1313 331 singulariter
1345 281 1416 319 Do-

88 340 236 377 minum
268 337 446 388 appellet.
507 337 602 375 Nam
635 350 723 376 cum
756 340 811 376 eis
842 338 1045 388 pluraliter
1077 338 1254 377 dixisset:
1299 340 1417 387 Eece,

87 399 246 443 domini,
280 398 479 435 declinate
511 399 550 434 in
584 398 739 434 domum
766 399 889 444 pueri
918 399 1054 444 vestri,
1088 403 1126 434 et
1157 403 1286 435 cetera
1319 410 1417 447 quae

87 454 139 492 ibi
168 454 363 505 dicuntur,
395 460 530 504 postea
557 460 684 491 tamen
710 455 762 492 ita
790 454 948 503 legitur:
981 455 1032 492 Et
1051 460 1266 494 tenuerunt·
1285 458 1421 504 anqele’
1445 466 1463 494 5

87 524 246 550 manum
292 515 377 551 eius
415 517 453 550 et
494 523 654 550 manum
691 514 833 550 uxoris
871 515 956 550 eius
993 518 1031 551 et
1067 525 1208 551 manus
1245 515 1419 552 duarum

83 573 262 617 filiarum
301 573 401 616 eius,
445 572 486 608 in
530 581 574 608 eo
617 572 724 617 quod
753 576 950 618 parceret
985 571 1177 609 Dominus
1220 574 1305 619 ipsi.
1369 572 1420 609 Et

83 628 237 676 factum
270 634 343 675 est,
375 640 467 666 mox
498 633 542 665 ut
572 629 800 666 eduxerunt
832 630 938 665 illum
966 628 1100 676 foras,
1140 635 1178 667 et
1209 631 1419 668 dixerunt:

88 687 247 725 Salvam
275 685 347 734 fae
379 688 554 724 animam
587 690 711 732 tuam,
744 698 793 724 ne
825 689 1052 734 respeaeerz's
1083 693 1204 734 retro,
1236 700 1311 726 nee
1342 694 1415 726 ste-

87 747 183 783 teris
216 747 256 783 in
289 748 370 783 tota
401 746 587 792 reqione;
620 746 657 781 in
692 750 820 782 monte
844 746 995 781 salvum
1019 750 1055 782 te
1073 744 1156 792 fae,
1189 758 1239 783 ne
1258 747 1418 793 quando
1447 756 1488 785 10

88 804 440 851 comprehendaris.
497 803 613 840 Dixit
638 807 768 840 autem
795 802 893 839 Loth
920 804 976 840 ad
1000 805 1103 840 illos:
1130 804 1219 849 Oro,
1241 804 1418 850 Domine,

87 863 181 908 quia
220 863 370 898 invenit
400 872 506 909 puer
543 866 633 898 tuus
670 862 988 898 misericor-dmm
1027 866 1121 899 ante
1152 866 1204 908 te,
1250 866 1288 899 et
1320 874 1418 911 quae

88 925 317 968 sequuntur.
380 918 525 956 Deinde
564 924 652 968 post
691 918 784 955 haec
824 917 939 955 verba
979 918 1227 968 singulariter
1267 919 1321 957 illi
1359 932 1417 957 re-

88 977 254 1027 spondet
280 982 318 1014 et
338 976 537 1027 Dominus,
570 987 658 1013 cum
690 977 730 1013 in
762 975 914 1014 duobus
947 976 1092 1026 angelis
1119 983 1235 1027 esset,
1267 977 1419 1015 dicens:

87 1035 194 1074 Ecce
225 1037 393 1072 miratus
425 1046 510 1072 sum
537 1033 687 1081 faeiem
719 1040 843 1080 tuam,
883 1041 921 1072 et
954 1040 1093 1072 cetera.
1156 1034 1264 1072 Unde
1299 1035 1419 1073 inulto
1449 1044 1488 1073 15

88 1099 146 1131 est
190 1091 433 1143 credibilius,
478 1092 580 1142 quod
620 1098 657 1130 et
697 1091 887 1129 Abraham
924 1094 964 1130 in
1002 1092 1127 1130 tribus
1167 1099 1205 1130 et
1244 1092 1341 1130 Loth
1380 1095 1419 1131 in

88 1150 240 1189 duobus
279 1152 372 1188 viris
411 1149 618 1188 Dominum
656 1149 935 1201 agnoscebant,
975 1152 1037 1188 cui
1076 1163 1146 1200 per
1185 1151 1421 1200 singularem

87 1220 295 1247 numerum
326 1207 598 1259 loquebantur,
630 1209 746 1246 etiam
779 1220 867 1246 cum
899 1220 966 1246 eos
998 1208 1174 1246 homines
1207 1221 1293 1246 esse
1320 1209 1419 1246 arhi-

88 1272 304 1317 narentur,
336 1278 462 1316 neque
484 1267 586 1304 enim
607 1266 718 1303 aliam
739 1265 788 1303 ob
810 1278 963 1304 causam
985 1268 1040 1304 sic
1061 1279 1127 1304 eos
1148 1274 1420 1318 susceperunt,

87 1331 130 1363 ut
161 1330 356 1374 tamquam
388 1323 615 1362 mortalibus
648 1329 686 1361 et
717 1324 884 1362 humana
916 1324 1129 1362 refectione
1155 1324 1420 1375 indigentibus
1447 1333 1489 1363 20

88 1384 372 1433 ministrarent3
406 1382 473 1420 sed
500 1387 582 1419 erat
607 1383 783 1432 profecto
810 1381 965 1432 aliquid,
997 1394 1074 1432 quo
1096 1384 1147 1420 ita
1167 1382 1420 1433 excellebant,

86 1441 178 1479 licet
215 1446 410 1490 tamquam
448 1440 641 1491 homines,
685 1447 728 1477 ut
764 1441 803 1477 in
842 1441 897 1477 eis
929 1452 1015 1478 esse
1047 1440 1272 1491 Dominum,
1320 1443 1421 1479 sicut

88 1498 236 1536 adsolet
260 1500 301 1536 in
325 1498 539 1549 prophetis,
570 1498 620 1545 hi,
654 1499 721 1547 qui
746 1497 1048 1547 hospitalitatem
1075 1498 1149 1536 illis
1176 1498 1421 1550 exhibebant,

89 1556 266 1595 dubitare
299 1568 376 1595 non
407 1562 583 1607 possent,
628 1562 742 1606 atque
775 1556 861 1593 ideo
895 1561 933 1593 et
963 1557 1069 1606 ipsos
1101 1556 1305 1606 aliquando
1338 1557 1421 1607 plu-

89 1615 222 1653 raliter
254 1620 292 1653 et
323 1616 363 1652 in
409 1616 464 1652 eis
496 1613 704 1651 Dominum
736 1613 940 1663 aliquando
974 1614 1223 1663 singulariter
1255 1614 1418 1664 appella·
1447 1623 1489 1652 25

87 1672 190 1712 bant.
241 1672 407 1722 Angelos
439 1678 568 1710 autem
601 1672 720 1709 fuisse
754 1673 948 1722 scriptura
980 1677 1157 1722 testatur,
1190 1684 1268 1710 non
1295 1672 1420 1710 solum

87 1732 128 1769 in
168 1730 242 1768 hoc
279 1732 433 1780 genesis
470 1729 588 1781 libro,
632 1729 699 1767 ubi
735 1729 829 1767 haec
867 1735 976 1779 gesta
1013 1736 1241 1781 narrantur,
1286 1742 1421 1768 verum

89 1790 206 1827 etiam
237 1790 277 1826 in
311 1787 474 1838 epistula
507 1788 553 1826 ad
585 1786 796 1838 Hebraeos,
828 1786 913 1838 ubi,
945 1799 1034 1826 cum
1066 1788 1308 1838 hospitalitas
1341 1788 1419 1826 lau-

89 1847 265 1885 daretur:
309 1847 389 1885 Per
419 1848 543 1893 hane,
575 1847 719 1896 inquit,
757 1848 876 1884 etiam
907 1848 1069 1893 quidam
1101 1848 1322 1884 nescientes
1353 1848 1419 1884 ho-

88 1907 204 1954 spitio
224 1909 466 1953 receperunt
484 1906 657 1952 anqelos.
701 1903 777 1941 Per
803 1903 888 1941 illos
921 1905 1039 1953 igitur
1071 1910 1151 1942 tres
1185 1905 1299 1955 viros,
1331 1916 1420 1942 cum
1447 1914 1491 1943 30

88 1974 227 2001 rursus
264 1962 366 2000 filius
398 1962 502 2000 Isaac
542 1962 588 2000 de
622 1962 737 1999 Sarra
768 1963 1064 2012 promitteretur
1096 1961 1288 2013 Abrahae,
1327 1961 1419 2000 divi-

184 2064 240 2106 15)
268 2063 355 2097 Gen.
386 2067 438 2105 19,
465 2067 485 2097 2
512 2074 588 2106 sqq.
639 2064 697 2105 30)
724 2061 832 2095 Hebr.
864 2065 916 2105 13,
943 2066 973 2096 2.

183 2195 203 2225 3
224 2190 388 2235 appellet
413 2189 572 2229 VRAF‚-
596 2189 803 2233 appellaret
822 2200 842 2223 v
861 2190 873 2233 ΙΙ
893 2193 913 2223 4
927 2188 1049 2223 inclin.
1074 2188 1120 2221 V1
1139 2190 1151 2232 Η
1174 2192 1214 2222 10
1234 2189 1271 2222 in
1297 2191 1421 2222 moute

97 2236 204 2277 VRv,·
229 2237 266 2270 in
286 2237 448 2271 montem
467 2235 544 2270 AF
559 2238 570 2280 ΙΙ
592 2240 632 2269 12
661 2236 748 2279 quia
771 2247 867 2270 nunc
892 2246 912 2270 v
931 2237 942 2279 ΙΙ
964 2239 1004 2269 13
1032 2235 1222 2279 respondit
1245 2247 1265 2269 v
1284 2237 1295 2279 Η
1318 2240 1359 2270 16
1386 2238 1424 2269 et

89 2293 153 2318 om.
187 2282 247 2327 Vn
266 2287 309 2317 23
336 2282 481 2317 adsolet
511 2281 561 2324 V,·
587 2292 664 2316 esse
691 2282 767 2317 ads.
793 2293 812 2317 v
