1548 2562
442 126 494 151 DE
515 126 704 151 CIVITATE
723 126 793 151 DEI
811 126 844 151 L.
863 126 927 151 XX.
947 126 976 151 C.
995 127 1038 152 30.
1327 117 1410 157 481

86 214 264 253 ultimum
304 213 491 252 iudicium
528 212 715 252 Dominus
756 213 858 252 Deus
900 214 1042 253 dieitur
1083 226 1168 252 esse
1212 219 1413 266 venturus,

82 274 207 323 possit
249 271 358 310 Iesus
401 270 578 309 Christus
619 271 802 322 intellegi.
864 272 933 312 Est
973 272 1081 311 loeus
1122 272 1222 323 apud
1259 271 1411 311 Esaiam

82 329 330 382 prophetam,
368 330 435 379 qui
475 329 548 367 hoo
581 329 684 379 quod
716 330 801 368 dieo
834 330 1033 368 evidenter
1066 329 1246 369 ostendit.
1308 330 1411 369 Deus

82 390 184 426 enim
215 400 286 438 per
316 386 562 438 prophetam:
607 387 716 426 Aua‘z'
750 399 826 435 me,
871 390 1013 439 inquit,
1058 388 1181 428 Iacob
1213 393 1251 427 et
1282 389 1415 427 Israel

80 457 194 494 quem
232 457 304 494 eqo
341 456 446 484 uoco.
510 445 595 493 Eoo
632 457 718 484 sum
750 448 906 494 primus
943 451 982 485 et
1017 458 1088 495 eqo
1128 449 1168 485 in
1207 449 1409 496 sempiter-
1438 454 1456 484 5

80 515 190 551 num,
235 508 274 542 et
310 515 451 542 manus
488 515 576 542 mea
610 502 801 551 fundauit
836 509 1004 552 terram,
1050 509 1087 543 et
1124 506 1294 544 dextera
1324 516 1410 543 mea

77 563 256 608 firmavit
293 564 456 600 eaelum.
528 561 682 600 Vocabo
715 573 796 610 eos,
834 567 873 602 et
902 564 1065 601 stabunt
1093 565 1219 611 simul,
1252 567 1290 602 et
1319 574 1409 601 eon-

78 621 360 668 oreqabuntur
386 631 517 658 omnes
549 623 586 657 et
619 621 792 659 audient.
862 621 956 666 Quis
988 623 1028 659 ez·
1056 623 1255 659 nuntiavit
1285 623 1412 660 haee?

80 679 259 726 Diliqens
303 682 340 716 te
378 676 465 726 feei
494 680 732 716 voluntatem
770 683 878 717 tuam
915 691 1036 727 super
1068 679 1330 728 Babylonem,
1369 684 1413 718 ut

79 735 285 784 auferrem
321 746 450 774 semen
495 736 796 775 Chaldaeorum.
858 737 909 774 Et
947 739 1101 775 loeutus
1137 748 1223 775 sum
1262 742 1301 776 et
1339 749 1410 785 eqo
1439 745 1480 775 10

79 796 240 840 voeau2';
278 795 436 832 adduxi
472 805 559 832 eum
597 798 633 832 et
666 805 902 843 prosperam
930 794 1016 843 feei
1044 797 1147 833 viam
1179 797 1272 833 eius.
1335 796 1410 833 Ae-

79 853 208 890 cea'z‘te
246 853 302 890 ad
337 863 397 890 me
435 856 473 890 et
511 853 647 890 audite
685 854 795 891 haee.
858 853 945 891 Non
983 865 1008 891 a
1035 855 1236 902 principio
1270 855 1310 891 in
1343 855 1409 892 ab·

78 911 258 948 seondz'to
284 913 437 948 loeutus
462 921 570 955 sum;
601 912 760 958 quando
782 912 945 963 fiebant,
977 912 1033 949 ibi
1058 923 1178 949 eram.
1229 911 1281 949 Et
1304 923 1411 949 nune

79 969 271 1006 Dominus
311 968 418 1006 Deus
458 969 564 1006 misit
601 979 661 1006 me
699 973 736 1006 et
773 970 947 1017 Spiritus
984 971 1078 1007 eius.
1140 968 1286 1019 Nempe
1328 970 1410 1019 ipse

81 1031 156 1077 est,
197 1027 263 1076 qui
300 1025 532 1076 loquebatur
570 1027 671 1064 sicut
709 1025 894 1064 Dominus
928 1026 1048 1077 Deus3
1090 1038 1161 1064 nee
1194 1032 1322 1064 tamen
1354 1028 1410 1065 in-
1439 1034 1479 1064 15

80 1084 331 1134 tellegeretulj
361 1083 470 1122 Iesus
504 1082 702 1136 Christus,
739 1085 814 1122 nisi
846 1083 1074 1122 addidisset:
1112 1085 1165 1123 Et
1194 1097 1301 1123 nune
1334 1086 1409 1124 Do-

78 1144 207 1180 minus
245 1142 352 1180 Deus
389 1143 495 1179 misit
529 1153 589 1179 me
631 1147 669 1180 et
699 1142 873 1190 Spiritus
911 1144 1006 1180 eius.
1068 1142 1171 1181 Dixit
1202 1142 1275 1180 hoo
1309 1145 1409 1181 enim

79 1199 294 1238 secundum
338 1200 501 1238 formam
545 1201 666 1251 servi,
711 1200 757 1238 de
798 1212 840 1238 re
882 1201 1012 1238 sutura
1054 1206 1168 1238 utens
1209 1203 1410 1251 praeteriti

79 1259 266 1308 temporis
302 1257 438 1308 verbo,
477 1269 592 1307 quem
632 1258 678 1295 ad
717 1258 873 1296 modum
911 1258 1011 1308 apud
1045 1258 1211 1296 eundem
1242 1259 1408 1310 prophe—

78 1321 155 1353 tam
182 1315 340 1366 legitur:
374 1316 486 1354 Sicut
512 1318 592 1354 om's
625 1317 681 1353 ad
710 1318 989 1354 immolandum
1022 1318 1164 1355 duetus
1196 1321 1261 1354 est.
1325 1316 1409 1355 Non
1436 1323 1479 1354 20

79 1375 180 1411 enim
208 1375 276 1411 ait:
306 1369 530 1425 ‚‚ducetur“·‚
564 1373 629 1411 sed
656 1386 727 1424 pro
755 1386 811 1425 eo,
844 1374 945 1423 quod
973 1374 1149 1412 futurum
1175 1379 1268 1425 erat,
1300 1386 1409 1425 prae-

78 1433 182 1470 teriti
222 1433 408 1482 temporis
446 1431 607 1469 verbum
646 1433 785 1482 posuit.
848 1431 896 1470 Et
934 1432 1086 1470 assidue
1118 1432 1322 1482 prophetia
1355 1434 1409 1471 sic

78 1489 261 1540 loquitur.

194 1546 265 1585 Est
302 1552 340 1586 et
371 1547 467 1586 alius
500 1547 607 1586 loeus
640 1547 741 1598 apud
774 1546 1013 1600 Zachariam,
1054 1549 1119 1598 qui
1150 1547 1224 1586 hoe
1256 1548 1408 1586 eviden-

78 1611 138 1644 ter
176 1605 365 1657 ostendit,
404 1605 508 1656 quod
549 1607 854 1656 omnipotentem
887 1607 992 1644 misit
1025 1607 1288 1656 omnipotens:
1322 1608 1408 1656 quis
1434 1614 1477 1644 ‘25

78 1675 206 1714 quem,
238 1664 312 1701 nisi
344 1663 448 1702 Deus
479 1663 594 1702 Pater
626 1663 749 1702 Deum
781 1662 949 1703 Filium?
1009 1664 1105 1702 Nam
1136 1665 1187 1702 ita
1220 1665 1409 1714 scriptum

78 1727 154 1760 est:
186 1722 298 1760 Haec
330 1723 429 1760 dieu
460 1722 650 1760 Dominus
682 1724 942 1770 omnipotens:
981 1723 1074 1761 Post
1102 1724 1274 1770 gloriam
1305 1725 1410 1761 misit

77 1791 138 1818 me
167 1791 288 1828 super
311 1783 459 1827 qentes,
492 1791 595 1827 quae
625 1782 897 1828 spoliaverunt
927 1792 1016 1826 vos,·
1047 1782 1142 1828 quia
1174 1782 1243 1827 qui
1273 1783 1407 1828 tetIqe-

77 1840 133 1875 rit
163 1849 240 1888 uos,
273 1839 390 1885 quasi
419 1839 489 1885 qui
520 1842 661 1885 tanqat
686 1840 879 1887 pupulam
911 1841 1018 1877 ocule·
1048 1840 1142 1877 eius.
1198 1838 1305 1877 Ecce
1337 1850 1407 1886 eqo

77 1894 250 1943 inferam
287 1906 446 1933 manum
484 1907 610 1934 meam
652 1907 773 1945 super
816 1907 897 1943 eos,
942 1901 980 1935 et
1016 1900 1135 1935 erunt
1172 1898 1298 1944 spolia
1335 1898 1406 1943 his,
1434 1905 1478 1935 30

77 1955 148 2001 qui
181 1955 407 1991 servierant
443 1955 520 1999 eis,·
563 1958 601 1992 et
638 1956 882 2001 eoqnoseetis
925 1956 1020 2002 quia
1059 1955 1249 1992 Dominus
1286 1957 1406 1992 omni-

73 2016 213 2059 potens
250 2013 355 2049 misit
390 2022 460 2050 me.
522 2010 623 2049 Ecce
664 2011 756 2050 dicit
788 2011 974 2050 Dominus
1006 2013 1251 2062 omnipotens
1283 2024 1304 2049 a
1336 2012 1406 2049 Do-

174 2101 228 2143 14)
255 2099 350 2134 Esai.
378 2103 432 2141 48,
463 2104 503 2133 12
530 2111 607 2143 sqq.
658 2102 717 2143 20)
742 2099 839 2135 Esai.
867 2104 922 2143 53,
951 2103 980 2134 7.
1031 2102 1088 2143 32)
1115 2100 1221 2135 Zach.
1248 2104 1280 2144 2,
1307 2104 1327 2135 8
1354 2112 1405 2145 sq.

172 2230 191 2261 8
219 2226 251 2260 ei
276 2227 376 2260 nunt.
398 2226 480 2261 Rab
501 2222 615 2271 (αὐτῷ
638 2225 869 2271 Symmach.);
897 2227 993 2260 enim
1017 2228 1118 2261 nunt.
1140 2238 1171 2269 ες
1200 2229 1320 2261 enunt.
1347 2228 1406 2273 fyt-

78 2272 130 2307 eis
155 2274 256 2307 nunt*
283 2273 339 2307 Av
359 2274 371 2316 ΙΙ
390 2277 433 2307 29
460 2273 592 2317 tangat
616 2272 651 2306 R
676 2275 717 2306 ut
742 2272 893 2308 Hieron.
920 2273 1096 2316 (Sabat.);
1120 2274 1242 2318 ‘tangit
1266 2275 1322 2308 Au

147 2343 220 2362 Arm.
241 2343 282 2362 DE
303 2343 363 2363 cxv.
383 2344 446 2362 Dm.
484 2337 523 2362 11.
1082 2335 1122 2365 31
