1611 2465
33 722 75 752 10

35 1015 76 1045 15

33 1308 77 1338 20

36 1600 80 1632 25

38 1892 82 1922 30

99 86 183 128 326
634 95 659 118 S.
680 91 899 119 AUGUSTINL

215 185 300 223 Non
327 184 447 223 multo
474 189 562 234 post
588 184 690 220 enim
723 182 952 220 adveniente
985 181 1200 219 Alexandro
1234 179 1438 230 subiugata

99 250 170 296 est,
203 243 356 294 qnando
384 244 457 281 etsi
484 241 587 279 nulla
613 246 673 279 est
698 240 799 278 sacta
826 241 1000 291 vastatio,
1033 240 1216 289 quoniam
1243 250 1320 276 non
1348 244 1439 276 sunt

100 305 135 341 ei
167 304 251 340 ausi
283 303 467 339 resistere
508 305 547 338 et
584 299 671 337 ideo
713 299 907 350 placatum
939 297 1120 336 facillime
1153 296 1300 336 subditi
1332 308 1438 335 rece-

98 366 261 413 perunt,
294 372 371 398 non
404 365 487 397 erat
518 364 647 396 tamen
681 357 802 408 gloria
835 363 939 395 tanta
971 356 1109 395 domus
1142 355 1264 407 illius,
1297 360 1441 405 quanta

100 421 174 459 fuit
205 421 244 457 in
272 429 433 456 suorum
462 429 597 467 regum
631 415 750 454 libera
783 421 986 467 potestate.
1048 414 1205 453 Hostias
1237 425 1328 452 sane
1356 413 1439 451 Ale-

100 478 245 517 xander
277 476 488 515 immolavit
514 478 553 514 in
580 474 649 513 Dei
676 474 833 526 templo,
864 486 942 512 non
974 474 1020 512 ad
1053 476 1137 511 eius
1170 472 1318 511 cultum
1351 483 1441 510 vera

100 539 245 588 pietate
277 547 503 585 conversus,
535 533 603 572 sed
635 535 752 584 impia
783 534 951 571 vanitate
985 544 1073 570 cum
1107 532 1180 569 diis
1212 542 1302 570 eum
1334 530 1441 568 salsis

101 594 307 634 colendum
347 598 501 644 putans.
563 592 709 630 Deinde
742 591 1006 641 Ptolomaeus,
1049 589 1141 640 Lagi
1173 589 1296 641 filius,
1338 588 1441 639 quod

102 665 219 704 supra
251 653 483 703 memoravi,
515 656 603 702 post
634 650 841 693 Alexandri
875 655 1042 687 mortem
1073 650 1247 698 captivos
1279 647 1369 686 inde
1402 648 1442 685 in

102 713 318 763 Aegyptum
346 710 556 760 transtulit,
584 721 681 760 quos
709 710 793 747 eius
821 719 1028 747 successor
1047 706 1295 745 Ptolomaeus
1315 705 1441 744 Phila-

101 770 266 822 delphus
304 769 669 807 benevolentissime
707 767 796 805 inde
837 767 1001 817 dimisit3
1037 778 1109 816 per
1149 777 1265 815 quem
1298 765 1443 802 sactum

102 836 179 880 est,
218 828 321 880 quod
358 827 472 878 paulo
505 832 592 865 ante
626 827 797 877 narravi,
829 831 872 863 ut
904 825 1148 875 septuaginta
1180 825 1440 874 interpretum

102 890 318 938 scripturas
356 886 601 924 haberemus.
664 884 810 922 Deinde
849 884 1008 922 contriti
1047 888 1138 920 sunt
1169 882 1301 929 bellis,
1343 893 1441 932 quae

102 948 143 985 in
175 945 523 984 Macchabaeorum
554 943 664 981 libris
697 942 951 993 explicantur.
1014 940 1108 979 Post
1146 940 1240 978 haec
1279 942 1381 991 capti
1423 951 1443 977 a

104 1017 193 1055 rege
221 1003 475 1042 Alexandriae
502 1002 738 1052 Ptolomaeo,
772 1002 839 1051 qui
871 1006 930 1038 est
962 999 1177 1050 appellatus
1203 998 1444 1049 Epiphane53

103 1064 192 1102 inde
227 1062 272 1100 ab
305 1061 494 1100 Antiocho
538 1073 629 1111 rege
663 1059 795 1110 Syriae
830 1059 961 1097 multis
993 1064 1032 1096 et
1063 1059 1302 1108 gravissimis
1334 1056 1443 1095 malis

103 1122 149 1160 ad
190 1121 291 1159 idola
332 1120 492 1159 colenda
532 1118 730 1169 conpulsi,
771 1117 1037 1168 templumque
1076 1117 1205 1166 ipsum
1248 1115 1441 1166 repletum

104 1180 302 1230 sacrilegis
329 1177 675 1229 superstitionibus
703 1178 888 1227 gentium,
916 1176 1020 1225 quod
1047 1180 1175 1212 tamen
1203 1174 1279 1212 dux
1306 1186 1442 1212 eorum

104 1239 400 1277 strenuissimus
445 1236 582 1282 Iudas,
628 1237 695 1286 qui
741 1236 856 1272 etiam
900 1232 1180 1271 Macchabaeus
1212 1232 1340 1270 dictus
1373 1239 1444 1283 est,

104 1296 285 1335 Antiochi
316 1294 482 1334 ducibus
508 1294 630 1345 pulsis
662 1293 709 1331 ab
742 1294 847 1330 omni
880 1292 940 1330 illa
974 1291 1173 1329 idolatriae
1207 1292 1442 1329 contamina-

105 1358 208 1394 tione
241 1353 451 1393 mundavit.

223 1413 308 1451 Non
340 1417 469 1450 autem
502 1411 623 1450 multo
655 1417 744 1461 post
775 1410 946 1448 Alcimus
979 1409 1135 1459 quidam
1167 1420 1237 1460 per
1269 1407 1443 1447 ambitio-

107 1484 207 1524 nem,
240 1483 329 1510 cum
361 1483 382 1508 a
413 1482 556 1521 genere
590 1468 819 1507 sacerdotali
852 1474 957 1506 esset
989 1467 1158 1518 alienus,
1199 1466 1303 1517 quod
1335 1467 1444 1505 nefas

106 1537 212 1583 erat,
255 1530 428 1581 pontifex
474 1529 599 1567 sactus
643 1533 713 1566 est.
776 1527 874 1565 Hinc
918 1528 994 1564 iam
1034 1531 1122 1577 post
1159 1537 1281 1564 annos
1321 1525 1442 1563 ferme

108 1590 400 1641 quinquaginta,
432 1589 472 1625 in
505 1586 647 1637 quibus
679 1587 735 1624 eis
768 1592 896 1624 tamen
929 1597 1000 1636 pax
1035 1596 1112 1622 non
1144 1585 1235 1634 fuit,
1268 1585 1443 1634 quamvis

107 1649 233 1699 aliqua
266 1653 304 1685 et
336 1658 523 1697 prospere
550 1646 755 1696 gesserint,
787 1646 937 1695 primus
970 1643 1071 1694 apud
1104 1655 1170 1680 eos
1197 1641 1442 1680 Ar1stobolus

108 1707 312 1756 adsumpto
346 1704 560 1743 diademate
594 1710 632 1742 et
663 1716 731 1741 rex
765 1709 803 1740 et
834 1702 1012 1753 pontifex
1045 1702 1169 1739 sactus
1203 1706 1272 1739 est.
1322 1701 1444 1739 Antea

108 1768 270 1816 quippe,
314 1775 360 1801 ex
405 1775 481 1813 quo
527 1762 573 1800 de
620 1761 851 1812 Babyloniae
897 1761 1117 1811 captivitate
1162 1760 1309 1797 reversi
1354 1765 1445 1797 sunt

109 1823 374 1874 templumque
418 1823 676 1859 instauratum
721 1825 799 1870 est,
844 1831 919 1857 non
959 1830 1090 1869 reges,
1127 1818 1193 1856 sed
1233 1817 1353 1855 duces
1385 1817 1444 1855 vel

110 1883 306 1933 principes
345 1879 584 1929 habuerunt,
622 1879 797 1929 quamvis
836 1883 874 1915 et
913 1878 978 1927 qui
1017 1888 1084 1914 rex
1123 1881 1182 1914 est
1213 1877 1338 1926 possit
1369 1876 1445 1914 dici

110 1943 292 1991 princeps
343 1950 362 1975 a
411 1939 632 1989 principatu
678 1935 893 1986 imperandi
938 1940 976 1972 et
1019 1934 1095 1972 dux
1139 1946 1203 1984 eo,
1248 1933 1350 1983 quod
1395 1935 1446 1972 sit

110 2000 249 2036 ductor
282 1998 496 2047 exercitus3
529 1995 594 2033 sed
629 2006 705 2032 non
738 1995 941 2044 continuo,
978 1994 1214 2043 quicumque
1246 1993 1445 2042 principes

111 2057 167 2094 rel
195 2056 314 2094 duces
340 2061 443 2105 sunt,
475 2056 590 2092 etiam
617 2065 728 2103 reges
755 2053 830 2090 dici
862 2057 1038 2103 possunt,
1070 2051 1172 2101 quod
1205 2052 1278 2089 iste
1299 2051 1443 2088 Aristo-

111 2115 222 2152 bolus
264 2115 346 2151 suit.
410 2113 481 2152 Cui
522 2113 712 2150 successit
749 2109 981 2161 Alexander,
1023 2111 1139 2147 etiam
1177 2110 1259 2160 ipse
1301 2121 1368 2146 rex
1407 2115 1446 2146 et

209 2267 246 2294 lt
276 2261 433 2295 benivol.
462 2260 531 2294 ΒΑ
552 2262 625 2303 1122
653 2258 831 2293 alchimus
858 2258 927 2291 ΗΑ
