1611 2465
78 696 119 724 10

79 988 120 1017 15

79 1281 123 1311 20

82 1572 124 1603 25

84 1866 127 1896 30

143 60 227 101 398
697 65 725 90 5.
746 63 964 90 Anous'nm

145 170 259 208 quam
293 157 446 194 oderint
473 151 711 193 Christiani?
774 153 850 191 Sed
883 152 986 191 Deus
1018 152 1092 200 ille,
1126 164 1243 203 quem
1275 152 1484 191 coluerunt

145 218 339 267 sapientes
366 214 647 264 Hebraeorum,
679 214 797 250 etiam
823 210 1056 250 caelestibus
1089 212 1233 249 sanctis
1265 211 1411 261 angelis
1444 216 1484 250 et

144 274 354 313 virtutibus
396 273 486 323 Dei,
531 283 628 321 quos
670 270 916 309 beatissimos
955 276 1151 320 tamquam
1189 271 1292 308 cives
1331 271 1370 307 in
1411 269 1482 308 hac

145 340 277 372 nostra
303 332 618 382 peregrinatione
646 329 799 368 mortali
825 340 1057 367 veneramur
1084 334 1122 366 et
1147 340 1332 379 amamus,
1365 329 1481 366 sacri-

144 392 251 430 ficari
289 396 392 428 vetat
434 391 616 428 intonans
654 390 694 426 in
741 387 823 437 lege
876 399 962 438 sua,
1007 399 1120 437 quam
1162 386 1268 425 dedit
1305 386 1482 424 Hebraeo

144 449 288 501 populo
328 461 417 500 suo,
456 453 495 486 et
532 447 639 485 valde
678 447 882 485 minaciter
921 445 1073 484 dicens:
1118 446 1368 491 Sacrificans
1407 447 1485 483 de'e's

146 505 438 547 erasle'ccibitur.
500 506 550 545 Et
576 518 624 544 ne
651 507 857 555 quisquam
889 509 1045 555 putaret
1076 503 1330 542 daemonibus
1361 505 1483 554 pessi-

147 569 219 605 mis
262 567 511 616 terrenisque
553 564 776 615 spiritibus,
821 575 919 613 quos
958 564 1031 601 iste
1072 562 1166 600 dicit
1203 564 1385 600 minimos
1425 561 1484 600 vel

145 627 331 677 minores,
363 637 411 663 ne
445 624 688 662 sacrificetur
721 634 806 660 esse
839 627 1092 672 praeceptum
1125 616 1236 673 (quia
1269 627 1307 659 et
1339 622 1414 672 ipsi
1444 622 1483 658 in

148 685 358 735 scripturis
400 684 544 721 sanctis
583 681 676 719 dicti
720 686 812 719 sunt
849 680 922 731 dii,
966 692 1043 717 non
1084 679 1372 727 Hebraeorum,
1417 679 1484 717 sed

145 745 337 794 gentium3
370 742 474 792 quod
501 740 701 779 evidenter
726 741 765 777 in
793 738 939 790 psalmo
973 740 1216 789 septuaginta
1248 740 1487 788 interpretes

144 807 375 854 posuerunt,
408 800 600 838 dicentes:
639 800 834 845 Quoniam
866 809 999 836 omnes
1031 798 1090 835 dii
1117 799 1295 845 §entium
1328 798 1484 835 daemo-

146 857 254 912 nia),
298 881 347 886 —-
389 871 437 897 ne
484 860 571 909 quis
610 869 703 908 ergo
747 862 904 908 putaret
947 856 1032 893 istis
1077 855 1235 905 quidem
1273 855 1487 893 daemoniis

146 918 408 970 prohibitum,
448 916 681 955 caelestibus
721 921 849 954 autem
888 914 947 952 vel
989 913 1170 952 omnibus
1202 913 1261 952 vel
1293 913 1486 964 aliquibus

149 978 359 1016 sacrificari
385 988 471 1015 esse
497 976 745 1026 permissum,
777 973 1060 1012 mox‘addidit:
1094 973 1181 1011 Ne'sz'
1204 973 1372 1010 Domino
1403 973 1486 1019 soli,

147 1037 185 1075 id
231 1041 290 1074 est
333 1037 408 1073 nisi
453 1034 616 1072 Domino
663 1039 833 1083 tantum3
878 1044 926 1070 ne
966 1032 1066 1069 sorte
1099 1032 1137 1069 in
1171 1043 1235 1082 e0,
1281 1030 1382 1081 quod
1416 1032 1487 1069 ait:

147 1096 315 1134 Domino
346 1096 439 1141 soli,
483 1092 691 1130 Dominum
733 1091 853 1129 solem
892 1090 1026 1129 credat
1057 1101 1143 1127 esse
1176 1090 1386 1141 quispiam,
1425 1089 1487 1127 cui

149 1153 445 1192 sacrificandum
484 1157 612 1202 putet3
652 1149 754 1200 quod
792 1161 870 1187 non
908 1151 960 1187 ita
993 1160 1077 1186 esse
1110 1147 1415 1198 intellegendum
1447 1149 1487 1185 in

150 1213 356 1262 scripturis
389 1210 546 1248 Graecis
580 1208 757 1247 facillime
791 1209 998 1258 reperitur.

268 1270 372 1308 Deus
412 1270 531 1319 igitur
574 1267 863 1317 Hebraeorum,
911 1267 973 1304 cui
1014 1271 1093 1303 tam
1134 1276 1316 1315 magnum
1356 1270 1488 1302 tantus

150 1331 267 1368 etiam
298 1330 371 1366 iste
404 1326 660 1378 philosophus
693 1324 872 1376 perhibet
904 1325 1193 1375 testimonium,
1224 1322 1351 1373 legem
1383 1322 1489 1361 dedit

149 1388 327 1426 Hebraeo
360 1385 503 1437 populo
537 1397 627 1436 suo,
667 1383 844 1422 Hebraeo
878 1394 1058 1421 sermone
1091 1383 1369 1433 conscriptam,
1410 1393 1489 1419 non

150 1446 358 1484 obscuram
390 1451 429 1483 et
459 1445 717 1494 incognitam,
749 1442 817 1480 sed
849 1441 1030 1480 omnibus
1062 1442 1137 1479 iam
1169 1439 1352 1491 gentibus
1383 1439 1488 1478 diffa-

150 1511 305 1556 matam,
336 1505 376 1542 in
409 1515 483 1553 qua
515 1502 599 1553 lege
632 1503 823 1552 scriptum
855 1506 931 1539 est:
964 1500 1215 1546 Scterificans
1247 1500 1324 1537 diis
1355 1500 1488 1537 eradi-

152 1565 314 1603 cabitur
346 1565 425 1601 m'se'
450 1562 616 1600 Domino
649 1566 812 1599 tantum.
876 1558 977 1604 Quid
1009 1570 1108 1609 opus
1140 1563 1200 1596 est
1230 1558 1270 1595 in
1302 1557 1373 1595 hac
1406 1558 1489 1595 eius

151 1622 235 1673 lege
269 1623 431 1671 eiusque
464 1619 666 1671 prophetis
700 1619 746 1657 de
779 1618 848 1656 hac
876 1630 918 1655 re
945 1617 1066 1655 multa
1091 1617 1339 1667 perquirere3
1372 1617 1490 1654 immo

152 1693 230 1719 non
274 1680 527 1731 perquirere,
567 1690 645 1716 non
686 1678 790 1715 enim
831 1676 1009 1714 abstrusa
1048 1675 1108 1713 vel
1146 1686 1232 1713 rara
1273 1680 1381 1726 sunt,
1422 1673 1490 1712 sed

153 1744 285 1790 aperta
330 1743 369 1776 et
412 1736 550 1775 crebra
595 1735 778 1786 colligere
823 1740 862 1773 et
901 1736 941 1772 in
985 1734 1057 1772 hac
1102 1733 1362 1784 disputatione
1407 1744 1491 1770 mea

153 1810 321 1849 ponere,
366 1795 507 1846 quibus
552 1795 639 1841 luce
684 1794 827 1832 clarius
872 1798 1033 1844 apparet
1075 1791 1171 1830 nulli
1215 1793 1371 1829 omnino
1417 1791 1491 1828 nisi

157 1862 306 1895 tantum
338 1854 411 1893 sibi
438 1853 560 1891 Deum
588 1865 723 1891 verum
755 1858 794 1890 et
826 1863 1021 1890 summum
1052 1850 1219 1888 voluisse
1252 1846 1492 1887 sacrificari?

154 1915 256 1953 Ecce
289 1914 361 1952 hoc
394 1924 516 1951 unum
550 1911 738 1961 breviter,
770 1912 888 1948 immo
921 1908 1138 1959 granditer,
1170 1909 1392 1959 minaciter,
1424 1906 1491 1945 sed

155 1975 346 2011 veraciter
373 1972 520 2010 dictum
546 1969 592 2007 ab
619 1969 682 2007 illo
710 1968 802 2020 Deo,
834 1980 950 2019 quem
977 1973 1054 2006 tam
1088 1966 1323 2005 excellenter
1356 1977 1492 2004 eorum

253 2065 285 2104 τ)
311 2061 424 2095 Exod.
453 2064 508 2103 22,
534 2063 588 2093 20.
644 2059 698 2101 13)
724 2057 781 2092 Ps.
811 2061 865 2100 95,
892 2060 923 2091 5.

210 2238 225 2270 t
251 2194 292 2270 {7
321 2189 468 2223 domino
495 2188 587 2230 RA,·
620 2186 691 2221 nisi
717 2186 874 2220 Domino
901 2196 920 2219 v
952 2186 964 2229 ΙΙ
998 2189 1039 2219 18
1066 2185 1172 2229 putet
1196 2183 1232 2217 R
1257 2184 1308 2218 ed.
1336 2183 1494 2225 Loium„-

158 2250 207 2282 pu
229 2249 248 2271 u
292 2247 310 2269 v
