1548 2562
417 168 470 194 DE
490 168 680 194 CIVITATE
700 169 769 194 DEI
788 169 822 195 L.
843 168 940 193 XXII.
961 168 989 194 C.
1011 169 1052 194 24.
1322 157 1406 198 613

76 270 211 297 versus
237 259 342 308 ipsos
367 257 545 296 homines
570 262 628 296 tot
653 268 796 308 genera
827 257 1077 308 venenorum,
1108 261 1166 295 tot
1197 267 1406 303 armorum,

76 321 134 355 tot
161 316 572 367 machinamentorum,
605 320 643 354 et
667 327 737 366 pro
772 314 894 353 salute
927 315 1080 354 mortali
1113 314 1256 353 tuenda
1289 319 1404 364 atque

76 374 290 425 reparanda
323 379 417 424 quot
448 373 728 412 medicamenta
761 378 876 424 atque
909 374 1129 412 adiumenta
1163 372 1404 423 conprehen-

77 432 195 484 derit3
235 444 306 483 pro
347 431 542 483 voluptate
584 432 754 470 faucium
796 437 890 482 quot
929 431 1176 470 condimenta
1215 436 1254 469 et
1294 430 1403 481 gulae

76 491 324 529 inritamenta
362 491 597 541 reppererit3
636 489 681 528 ad
720 489 944 528 indicandas
984 496 1022 529 et
1054 489 1271 528 suadendas
1303 489 1404 539 cogi·
1433 497 1453 527 5

76 550 243 587 tationes
282 560 397 599 quam
429 547 718 586 multitudinem
750 549 1052 598 varietatemque
1086 549 1308 599 signorum,
1339 546 1407 585 ubi

76 608 331 658 praecipuum
367 606 496 645 locum
539 605 655 644 verba
698 611 736 644 et
766 605 917 645 litterae
950 612 1101 658 tenent3
1135 605 1180 644 ad
1214 605 1406 644 delectan-

77 665 146 703 dos
188 667 334 703 animos
376 676 473 715 quos
514 663 744 703 elocutionis
783 670 963 715 ornatus,
1006 676 1121 715 quam
1163 663 1408 702 diversorum

78 725 293 761 carminum
319 725 486 774 copiam,
519 722 564 760 ad
591 722 815 761 mulcendas
842 735 955 761 aures
988 729 1083 774 quot
1114 735 1258 773 organa
1290 722 1407 760 musi-

78 794 133 833 ca,
165 793 262 832 quos
289 781 503 819 cantilenae
529 781 664 819 modos
691 783 983 834 excogitaverit,
1016 786 1199 831 quantam
1230 781 1408 831 peritiam
1436 788 1478 819 10

78 839 364 877 dimensionum
395 845 510 889 atque
538 851 802 892 numerorum,
835 845 1064 890 meatusque
1098 845 1137 877 et
1168 839 1326 877 ordines
1360 839 1407 876 si-

78 898 215 936 derum
249 902 393 948 quanta
426 899 631 948 sagacitate
665 898 1010 949 conprehenderit3
1050 910 1165 948 quam
1197 897 1318 935 multa
1350 908 1408 934 re-

80 967 167 994 rum
207 955 491 994 mundanarum
532 957 753 1006 cognitione
795 968 835 994 se
876 956 1115 1007 impleverit,
1157 957 1244 1006 quis
1286 956 1411 1006 possit

79 1013 219 1066 eloqui,
245 1015 408 1052 maxime
436 1015 468 1052 si
493 1013 655 1052 velimus
682 1026 760 1052 non
786 1016 992 1053 acervatim
1020 1019 1160 1052 cuncta
1186 1025 1413 1064 congerere,

79 1072 145 1110 sed
177 1074 217 1110 in
249 1072 412 1122 singulis
443 1069 656 1110 inmorari?
705 1071 748 1110 In
780 1073 874 1123 ipsis
906 1078 1104 1123 postremo
1138 1071 1339 1110 erroribus
1373 1076 1411 1109 et
1438 1078 1479 1108 15

79 1130 310 1168 falsitatibus
358 1129 611 1168 defendendis
656 1142 771 1181 quam
820 1143 956 1181 magna
1001 1131 1214 1169 claruerint
1256 1131 1411 1180 ingenia

77 1188 397 1239 philosophorum
439 1193 553 1238 atque
598 1187 905 1239 haereticorum,
951 1190 1038 1239 quis
1083 1190 1286 1227 aestimare
1332 1187 1410 1225 suf-

78 1244 209 1285 ficiat?
268 1245 484 1297 Loquimur
515 1247 618 1284 enim
650 1259 754 1285 nunc
786 1246 832 1285 de
866 1253 1003 1285 natura
1034 1248 1176 1285 mentis
1208 1247 1412 1298 humanae,

79 1317 154 1355 qua
185 1306 258 1343 ista
289 1306 365 1343 vita
398 1304 571 1342 mortalis
603 1310 784 1356 ornatur,
826 1317 903 1342 non
936 1304 983 1343 de
1015 1304 1088 1343 fide
1122 1310 1237 1355 atque
1270 1306 1410 1342 itinere

80 1364 277 1410 veritatis,
328 1374 402 1412 qua
445 1362 509 1400 illa
552 1362 767 1401 inmortalis
811 1362 1042 1413 adquiritur.
1113 1362 1239 1401 Huius
1282 1367 1410 1401 tantae
1439 1370 1482 1401 20

80 1427 239 1459 naturae
273 1420 451 1458 conditor
492 1432 579 1458 cum
622 1422 672 1458 sit
703 1422 838 1471 utique
871 1420 974 1459 Deus
1006 1433 1122 1459 verus
1154 1426 1194 1459 et
1225 1432 1413 1472 summus,

78 1480 163 1530 ipso
197 1483 336 1517 cuncta
369 1490 466 1528 quae
499 1479 591 1516 fecit
623 1478 917 1517 administrante
950 1485 989 1517 et
1021 1491 1211 1517 summam
1242 1484 1411 1529 potesta-

80 1543 159 1575 tem
197 1548 463 1587 summamque
502 1536 668 1575 habente
700 1538 887 1575 iustitiam
919 1549 1131 1588 numquam
1161 1538 1339 1588 profecto
1372 1538 1413 1574 in

80 1595 148 1633 has
190 1596 365 1633 miserias
409 1594 617 1633 decidisset
658 1600 772 1645 atque
814 1607 860 1633 ex
901 1595 961 1633 his
1002 1600 1157 1646 praeter
1202 1607 1268 1633 eos
1311 1595 1412 1633 solos

81 1654 147 1704 qui
172 1652 443 1691 liberabuntur
468 1654 507 1690 in
535 1659 711 1691 aeternas
738 1659 841 1691 esset
866 1654 980 1705 itura,
1013 1655 1087 1691 nisi
1120 1654 1234 1691 nimis
1266 1653 1410 1704 grande
1439 1660 1481 1690 25

80 1717 283 1762 peccatum
323 1712 363 1749 in
404 1710 560 1749 homine
600 1712 745 1761 primo,
784 1710 830 1749 de
871 1723 947 1761 quo
986 1713 1108 1750 ceteri
1147 1713 1271 1749 exorti
1311 1716 1413 1763 sunt,

81 1771 372 1820 praecessisset.

197 1827 276 1865 Iam
317 1839 408 1865 vero
449 1828 489 1865 in
530 1828 614 1878 ipso
653 1839 837 1877 corpore,
877 1829 1051 1877 quamvis
1091 1827 1202 1865 nobis
1243 1829 1292 1866 sit
1324 1839 1413 1866 cum

80 1885 206 1924 beluis
244 1885 474 1924 mortalitate
517 1897 721 1924 commune
763 1884 974 1936 multisque
1018 1897 1152 1924 earum
1194 1887 1414 1936 reperiatur

80 1944 291 1995 infirmius,
335 1949 475 1994 quanta
521 1943 589 1981 Dei
630 1943 799 1995 bonitas,
844 1949 985 1994 quanta
1030 1944 1273 1994 providentia
1318 1945 1413 1982 tanti
1440 1951 1483 1982 30

83 2000 278 2040 Creatoris
310 2000 486 2052 apparet!
519 2001 655 2039 Nonne
679 2003 730 2040 ita
764 2007 855 2040 sunt
886 2003 925 2040 in
959 2014 1004 2040 eo
1038 2002 1119 2040 loca
1153 2014 1340 2040 sensuum
1374 2006 1414 2040 et

82 2065 211 2098 cetera
254 2059 428 2098 membra
478 2060 663 2110 disposita
707 2061 935 2111 speciesque
982 2062 1065 2111 ipsa
1117 2072 1160 2098 ac
1207 2060 1329 2110 figura
1377 2065 1416 2099 et

82 2122 228 2156 statura
266 2119 385 2156 totius
424 2119 599 2168 corporis
637 2120 689 2156 ita
727 2118 961 2170 modificata,
1000 2124 1043 2156 ut
1074 2118 1119 2156 ad
1153 2120 1414 2157 ministerium

82 2177 228 2214 animae
269 2175 467 2214 rationalis
508 2188 548 2214 se
587 2176 732 2214 indicet
772 2174 945 2214 factum?
1007 2176 1091 2214 Non
1125 2178 1227 2214 enim
1259 2182 1303 2215 ut
1335 2178 1413 2214 ani-

81 2232 192 2271 malia
224 2235 384 2272 rationis
417 2236 589 2285 expertia
621 2246 744 2285 prona
775 2246 860 2272 esse
893 2234 1068 2273 videmus
1099 2236 1140 2272 in
1172 2240 1329 2287 terram,
1361 2236 1413 2272 ita
1440 2241 1483 2273 35

82 2296 236 2330 creatus
274 2297 333 2329 est
375 2291 508 2343 homo;
551 2292 617 2330 sed
657 2299 785 2330 erecta
826 2294 865 2330 in
899 2292 1050 2330 caelum
1083 2294 1259 2344 corporis
1292 2294 1415 2331 forma
