1548 2562
422 128 473 152 DE
494 127 681 152 cwrrATE
701 128 770 152 DEI
789 128 822 153 L.
843 128 923 152 xiv.
943 127 971 153 c.
992 129 1032 153 24.
1337 119 1390 160 51

69 222 112 254 ut
152 215 285 254 volunt
327 216 373 254 de
415 228 578 266 corpore
618 217 860 264 facientium,
901 228 998 266 quae
1037 216 1099 254 alii
1136 216 1241 255 nullo
1279 217 1392 255 modo

69 279 234 325 possunt
265 281 304 312 et
335 274 464 312 audita
496 275 556 312 vix
589 274 764 312 credunt.
828 274 927 312 Sunt
958 276 1080 326 enim,
1113 276 1178 325 qui
1211 280 1249 313 et
1280 287 1393 313 aures

68 337 246 370 moveant
283 331 341 370 vel
380 332 549 382 singulas
591 333 650 370 vel
688 332 817 370 ambas
859 333 982 371 simul.
1046 332 1145 371 Sunt
1176 334 1242 383 qui
1273 338 1394 372 totam

69 391 278 428 caesariem
320 392 443 441 capite
485 392 652 441 inmoto,
695 397 880 440 quantum
920 391 1045 441 capilli
1083 397 1291 443 occupant,
1329 392 1391 430 de-

67 454 218 500 ponunt
258 448 304 486 ad
345 449 513 486 frontem
554 455 813 498 revocantque
855 462 940 487 curn
984 449 1125 488 volunt.
1189 449 1287 488 Sunt
1327 451 1393 500 qui

69 519 204 545 eorum
231 518 328 557 quae
353 508 572 545 voraverint
597 507 877 545 incredibiliter
902 507 1067 557 plurima
1099 513 1138 546 et
1168 509 1270 546 varia
1301 521 1392 559 pau-

66 565 187 604 lulum
226 565 463 615 praecordiis
502 567 753 603 contrectatis
792 571 984 616 tamquam
1026 566 1072 604 de
1105 566 1258 605 sacculo
1291 567 1393 617 quod

67 623 257 674 placuerit
297 625 591 674 integerrimum
631 624 847 674 proferunt.
910 624 1072 669 Quidam
1112 637 1227 663 voces
1268 627 1393 663 avium

67 693 332 733 pecorumque
368 687 406 720 et
437 681 599 720 aliorum
632 681 893 732 quorumlihet
926 682 1123 720 hominum
1156 684 1211 721 sic
1243 684 1392 721 imitan-

70 746 134 778 tur
165 745 280 790 atque
312 741 550 791 exprimunt,
582 745 644 791 ut,
677 741 751 777 nisi
782 739 1004 791 videantur,
1037 741 1205 779 discerni
1237 743 1393 779 omnino

69 810 145 836 non
172 799 333 848 possint.
383 798 565 836 Nonnulli
591 797 637 836 ab
663 799 739 835 imo
766 800 847 835 sine
874 799 1040 848 paedore
1069 799 1145 836 ullo
1178 801 1228 837 ita
1262 812 1393 837 nume-

70 868 180 894 rosos
220 868 290 907 pro
329 856 488 894 arbitrio
527 858 676 894 sonitus
714 856 850 908 edunt,
888 862 931 895 ut
968 869 1012 894 ex
1045 857 1106 894 illa
1139 859 1253 895 etiam
1285 864 1394 908 parte

69 920 223 952 cantare
263 915 476 953 videantur.
537 914 622 965 lpse
662 927 747 952 sum
788 920 969 965 expertus
1015 915 1153 953 sudare
1198 916 1394 954 hominem

69 973 206 1024 solere,
233 985 320 1011 cum
348 972 471 1010 vellet.
527 972 666 1010 Notum
695 978 754 1010 est
780 972 965 1023 quosdam
992 973 1097 1025 ssere,
1129 986 1217 1011 cum
1249 974 1392 1026 volunt,

69 1036 184 1081 atque
218 1030 384 1069 ubertim
417 1030 594 1069 lacrimas
626 1030 800 1068 fundere.
862 1031 939 1069 lam
972 1031 1063 1069 illud
1096 1032 1217 1070 multo
1250 1038 1308 1070 est
1338 1034 1393 1070 in-

68 1088 315 1140 credibilius,
357 1089 459 1139 quod
502 1089 677 1139 plerique
723 1090 861 1127 fratres
903 1092 1087 1128 memoria
1128 1092 1395 1128 recentissima

69 1149 218 1198 experti
260 1152 361 1186 sunt.
422 1147 631 1198 Presbyter
670 1148 742 1186 suit
787 1148 941 1197 quidam
979 1148 1196 1187 Restitutus
1241 1151 1394 1187 nomine

68 1207 107 1243 in
146 1207 323 1256 paroecia
375 1205 608 1243 Calamensis
659 1205 855 1244 ecclesiae.
936 1206 1096 1251 Quando
1145 1208 1180 1245 ei
1220 1207 1396 1257 placebat

69 1259 301 1316 (rogabatur
333 1269 461 1302 autem
496 1270 536 1302 ut
566 1263 640 1301 hoc
674 1265 818 1302 faceret
849 1264 894 1302 ab
928 1267 994 1316 eis,
1028 1266 1094 1314 qui
1127 1277 1207 1303 rem
1241 1266 1393 1304 mirabi-

68 1322 141 1360 lem
175 1334 303 1359 coram
331 1323 429 1360 scire
463 1318 702 1374 cupiebant),
733 1322 779 1360 ad
811 1324 977 1361 imitatas
1011 1325 1118 1373 quasi
1151 1323 1395 1362 lamentantis

69 1379 276 1418 cuiuslibet
316 1380 483 1418 hominis
523 1392 637 1418 voces
678 1382 729 1418 ita
770 1393 810 1418 se
850 1381 1048 1419 auferebat
1086 1394 1104 1419 a
1147 1382 1325 1420 sensibus
1358 1388 1396 1420 et

68 1438 216 1476 iacebat
242 1438 459 1476 simillimus
486 1444 652 1490 mortuo,
686 1444 728 1477 ut
760 1451 836 1477 non
869 1439 993 1478 solum
1026 1439 1247 1478 vellicantes
1280 1446 1394 1491 atque

67 1502 286 1547 pungentes
312 1498 469 1534 minime
497 1499 670 1548 sentiret,
704 1498 769 1535 sed
803 1497 1007 1548 aliquando
1040 1499 1154 1535 etiam
1187 1500 1273 1548 igne
1308 1511 1394 1537 ure-

68 1560 178 1593 retur
216 1555 368 1593 admoto
407 1557 489 1593 sine
522 1555 598 1593 ullo
639 1555 782 1593 doloris
815 1568 931 1594 sensu
965 1558 1038 1594 nisi
1069 1557 1313 1606 postmodum
1348 1570 1393 1595 ex

69 1612 245 1664 vulnere3
289 1626 365 1651 non
407 1619 534 1651 autem
576 1613 806 1664 obnitendo,
851 1614 917 1651 sed
958 1626 1034 1651 non
1073 1614 1274 1652 sentiendo
1318 1627 1393 1653 non

68 1683 222 1709 movere
250 1683 393 1722 corpus
421 1684 465 1709 eo
498 1671 746 1722 probabatur,
779 1672 880 1721 quod
915 1677 1107 1722 tamquam
1140 1674 1178 1709 in
1212 1673 1394 1711 defuncto

68 1729 198 1767 nullus
235 1729 505 1767 inveniebatur
545 1729 753 1781 anhelitus3
798 1730 996 1768 hominum
1036 1736 1163 1768 tamen
1196 1743 1330 1782 voces,
1363 1733 1395 1770 si

71 1787 211 1825 clarius
231 1787 496 1838 loquerentur,
529 1794 721 1837 tamquam
743 1788 787 1825 de
816 1788 1025 1839 longinquo
1052 1801 1092 1826 se
1126 1789 1257 1827 audire
1290 1795 1393 1840 post-

70 1858 112 1883 ea
151 1845 355 1884 referebat.
435 1845 530 1884 Cum
580 1847 708 1896 itaque
749 1858 890 1896 corpus
929 1848 1043 1884 etiam
1087 1859 1189 1885 nunc
1236 1847 1393 1897 quibus-

68 1903 175 1956 dam,
206 1903 296 1941 licet
327 1905 365 1941 in
399 1916 513 1942 carne
547 1904 790 1954 corruptibili
822 1905 918 1942 hanc
951 1917 1218 1943 aerumnosam
1251 1906 1392 1944 ducen-

69 1961 173 2000 tibus
205 1963 337 2013 vitam,
376 1964 428 2000 ita
466 1964 506 2000 in
546 1962 741 2013 plerisque
775 1963 1011 2001 motionibus
1053 1969 1091 2001 et
1123 1964 1394 2002 allectionibus

68 2025 174 2058 extra
214 2021 398 2058 usitatum
442 2026 600 2058 naturae
643 2021 798 2059 modum
842 2021 1069 2059 mirabiliter
1102 2023 1259 2060 serviat:
1301 2023 1393 2073 quid

69 2090 206 2116 causae
251 2084 327 2130 est,
368 2084 411 2117 ut
453 2091 530 2117 non
563 2078 766 2117 credamus
799 2085 886 2117 ante
919 2079 1228 2117 inoboedientiae
1260 2093 1393 2131 pecca-

162 2241 201 2271 11
234 2238 392 2282 paedore
426 2237 514 2279 va‚·
545 2238 680 2282 pedore
712 2238 823 2279 A¹F;
854 2239 992 2282 pudore
1019 2238 1070 2272 A2
1106 2240 1118 2282 ss
1156 2242 1198 2273 18
1223 2240 1395 2283 paroecia

74 2283 163 2325 V¹v;
188 2285 338 2328 parocia,
370 2283 475 2325 V2F‚·
500 2284 675 2328 parochia
700 2285 734 2318 A
754 2286 765 2328 ΙΙ
784 2286 929 2328 quando
964 2285 1050 2327 VA‚·
1076 2285 1138 2328 qui
1162 2286 1307 2329 quando
1332 2298 1351 2319 v

1067 2343 1113 2376 4*

1422 752 1463 782 10

1424 1043 1464 1074 15

1419 1916 1463 1947 30
