1611 2465
161 81 247 122 472
704 90 729 116 s.
750 90 967 117 AUGL'S'HNI

164 182 204 219 in
237 182 401 227 iustitia,
435 186 474 219 et
498 181 678 230 placebit
702 180 870 219 Domino
901 182 1150 228 sacrificium
1177 182 1307 221 Iudae
1338 186 1376 222 et
1406 183 1498 222 Hie-

163 241 353 287 rusalem,
391 240 496 277 sicut
534 239 673 278 diebus
705 240 890 288 pristinis
927 244 965 279 et
1001 241 1106 278 sicut
1136 242 1252 279 annis
1279 242 1499 289 prioribus.

163 297 215 336 Et
246 299 439 336 accedam
471 298 528 336 ad
557 308 624 336 vos
656 298 697 336 in
729 299 891 345 iudicio,
925 302 963 336 et
994 309 1063 337 ero
1095 300 1203 337 testis
1234 301 1349 338 velox
1378 311 1500 349 super

162 358 363 402 maleficos
395 360 433 394 et
462 367 584 405 super
617 357 822 395 adulteros
854 362 892 395 et
920 368 1043 406 super
1074 367 1156 404 eos,
1188 359 1258 406 qui
1288 359 1429 397 iurant
1458 360 1499 397 in

118 422 136 453 5
162 417 319 453 nomine
344 425 429 453 meo
454 415 715 462 mendaciter,
747 420 786 453 et
816 417 886 463 qui
911 413 1115 463 fraudant
1143 418 1366 456 mercedem
1396 428 1498 456 mer-

163 474 378 512 cennarios
422 477 461 512 et
502 475 733 523 opprimunt
768 485 844 522 per
882 476 1102 523 potentiam
1145 476 1287 514 viduas
1330 480 1370 515 et
1405 487 1498 525 per-

163 533 320 570 cutiunt
351 533 523 581 pupillos
562 536 601 571 et
627 536 865 581 pervertunt
895 534 1088 571 iudicium
1125 534 1323 582 advenae,
1364 538 1403 573 et
1432 536 1503 583 qui

163 602 242 628 non
274 591 412 629 timent
441 601 519 638 me,
560 591 659 629 dicit
690 591 880 629 Dominus
912 593 1155 640 omnipotens
1162 605 1178 638 ;
1208 593 1396 640 quoniam
1428 603 1500 641 eqo

163 649 356 687 Dominus
387 649 496 688 Deus
527 654 674 697 vester,
707 654 746 688 et
774 660 853 688 non
884 654 1025 688 mutor.
1087 648 1144 688 Ex
1174 649 1235 689 his
1267 662 1366 701 quae
1399 649 1502 690 dicta

97 716 136 745 10
162 712 255 745 sunt
294 706 448 746 videtur
487 707 705 746 evidentius
743 719 931 759 apparere
969 709 1009 746 in
1041 707 1105 746 illo
1137 708 1281 747 iudicio
1315 709 1501 760 quasdam

163 764 407 817 quorundam
445 767 691 818 purgatorias
730 778 876 817 poenas
918 766 1083 805 futuras.
1142 765 1217 805 Ubi
1262 768 1366 806 enim
1406 767 1500 807 dici·

163 829 247 863 tur:
291 825 387 871 Quis
422 826 633 863 sustinebit
669 825 772 863 diem
810 827 996 864 introitus
1028 827 1129 873 eius,
1168 830 1240 864 aut
1269 828 1357 874 quis
1384 825 1502 875 ferre

159 884 330 932 poterit,
375 888 420 922 ut
462 885 635 932 aspiciat
671 880 787 922 eum?
853 884 956 930 Quia
995 885 1077 933 ipse
1115 885 1345 932 increditur
1385 886 1503 933 quasi

164 943 267 989 iqnis
311 943 542 990 conflatorii
583 946 622 980 et
663 944 782 990 quasi
823 943 950 981 herba
988 944 1229 988 lavantium;
1274 947 1312 982 et
1350 944 1503 982 sedebit

97 1008 136 1037 15
163 1001 343 1047 conflans
381 1005 419 1038 et
455 1002 653 1039 mundans
690 1003 795 1039 sicut
831 1000 1044 1049 arpentum
1084 1005 1121 1040 et
1151 1003 1257 1040 sicut
1287 1013 1433 1041 aurum
1464 1006 1504 1041 et

163 1059 373 1096 mundabit
404 1060 510 1105 filios
547 1059 659 1107 Levi,
698 1063 735 1097 et
768 1058 915 1106 fundet
950 1070 1015 1097 eos
1052 1061 1157 1098 sicut
1189 1071 1334 1098 aurum
1366 1064 1405 1099 et
1435 1071 1500 1099 ar-

160 1121 341 1165 centum:
374 1117 466 1167 quid
499 1116 600 1155 aliud
633 1116 935 1168 intellegendum
969 1114 1056 1156 est?
1118 1116 1218 1156 Dicit
1249 1118 1323 1156 tale
1356 1118 1501 1169 aliquid

164 1180 203 1212 et
239 1174 389 1214 Esaias:
428 1175 600 1214 Lavabit
637 1176 828 1214 Dominus
865 1176 1004 1214 sordes
1037 1178 1216 1222 filiorum
1255 1181 1294 1215 et
1319 1178 1500 1223 siliarum

164 1234 277 1281 Sion,
316 1238 355 1272 et
389 1236 626 1282 sanquinem
665 1235 897 1273 emundabit
933 1235 982 1272 de
1019 1235 1147 1273 medio
1186 1245 1323 1273 eorum
1354 1237 1499 1284 spiritu

94 1300 138 1330 20
166 1293 309 1330 iudicii
339 1296 377 1331 et
407 1294 551 1341 spiritu
585 1293 874 1331 combustionis.
936 1291 1019 1330 Nisi
1050 1292 1150 1330 forte
1183 1294 1239 1331 sic
1271 1305 1338 1332 eos
1370 1293 1499 1332 dicen-

165 1350 257 1388 dum
290 1356 348 1388 est
380 1350 583 1390 emundari
621 1362 641 1389 a
679 1350 860 1389 sordibus
899 1356 937 1389 et
975 1350 1138 1401 eliquari
1177 1350 1343 1401 quodam
1375 1351 1501 1404 modo,

165 1420 254 1447 cum
286 1408 332 1447 ab
365 1410 421 1447 eis
453 1409 542 1448 mali
573 1421 644 1460 per
675 1409 837 1460 poenale
878 1408 1066 1448 iudicium
1098 1415 1345 1462 separantur,
1383 1416 1427 1449 ut
1457 1410 1500 1450 il-

164 1467 291 1505 lorum
336 1469 553 1518 segregatio
604 1473 720 1518 atque
771 1467 964 1506 damnatio
1008 1469 1186 1518 purgatio
1231 1469 1281 1506 sit
1323 1470 1501 1521 istorum,

166 1527 255 1576 quia
288 1527 371 1564 sine
404 1526 538 1565 talium
564 1526 611 1564 de
638 1532 770 1565 cetero
801 1527 1062 1577 permixtione
1095 1527 1236 1565 victuri
1267 1533 1369 1566 sunt.
1424 1527 1500 1566 Sed

96 1592 137 1622 25
166 1596 255 1622 cum
288 1584 398 1624 dicit:
436 1585 488 1623 Et
524 1586 756 1624 emundabit
787 1587 892 1631 filios
930 1584 1028 1623 Levi
1062 1589 1101 1624 et
1126 1584 1272 1633 fundet
1302 1596 1368 1625 eos
1398 1588 1504 1625 sicut

165 1655 311 1681 aurum
345 1648 382 1682 et
413 1649 646 1692 arqentum;
684 1648 722 1683 et
759 1648 879 1682 erunt
909 1644 1076 1682 Domino
1107 1644 1321 1691 offerentes
1351 1645 1501 1683 hostias

165 1704 205 1740 in
238 1703 402 1749 iustitia,
435 1707 473 1741 et
497 1703 675 1752 placebit
700 1702 866 1741 Domino
897 1704 1146 1748 sacrificium
1178 1702 1308 1741 Iudae
1339 1708 1378 1742 et
1407 1703 1500 1742 Hie-

165 1762 357 1808 rusalem,
402 1762 538 1810 utique
577 1760 748 1799 ostendit
792 1773 858 1799 eos
895 1762 1022 1812 ipsos,
1067 1762 1134 1811 qui
1173 1760 1501 1813 emundabuntur,

165 1817 349 1869 deinceps
381 1820 421 1857 in
453 1819 653 1857 sacrificiis
684 1820 855 1858 iustitiae
887 1818 1051 1857 Domino
1084 1830 1169 1857 esse
1201 1818 1425 1870 placituros,
1457 1831 1500 1858 ac

95 1884 138 1914 30
165 1889 235 1927 per
267 1876 340 1915 hoc
365 1878 440 1928 ipsi
466 1889 486 1916 a
513 1889 582 1916 sua
607 1879 797 1916 iniustitia
828 1876 1133 1929 mundabuntur,
1163 1878 1203 1914 in
1236 1888 1311 1927 qua
1337 1877 1500 1916 Domino

165 1934 433 1986 displicebant.
495 1935 653 1975 Hostiae
690 1947 808 1986 porro
840 1937 881 1973 in
912 1935 1026 1986 plena
1056 1935 1308 1986 perfectaque
1341 1937 1501 1988 iustitia,

261 2027 294 2061 9)
322 2024 407 2061 Mal.
435 2028 467 2066 3,
496 2028 512 2058 1
541 2035 617 2068 sqq.
668 2026 726 2067 20)
752 2023 838 2058 Esai
876 2028 908 2067 4,
934 2028 966 2058 4.

262 2168 278 2197 1
296 2164 417 2198 Iudav
436 2165 449 2208 ΙΙ
468 2167 487 2198 5
515 2164 721 2199 mercedem
741 2164 1010 2198 mercennarios
1034 2163 1070 2198 R
1097 2160 1379 2208 (μισθωτούς-*ὓς
1406 2175 1499 2200 mer-

165 2210 252 2245 cede
279 2211 663 2245 mercennariosAed.
686 2211 846 2251 Lovan.‚·
873 2210 1081 2245 mercedem
1108 2212 1360 2247 mercennario
1388 2211 1498 2246 Parr.

163 2268 184 2291 v
204 2259 215 2300 Η
236 2260 278 2291 15
304 2257 483 2291 mundans
509 2257 564 2299 R,·
591 2268 657 2292 em.
685 2268 705 2291 v
724 2259 736 2301 ΙΙ
756 2261 798 2291 27
825 2256 915 2291 Iuda
939 2267 959 2290 v
