1548 2562
426 139 478 163 DE
497 138 684 164 CIVITATE
703 139 772 163 Dm
791 139 824 164 L.
843 139 923 164 XIV.
943 138 972 164 c.
992 140 1015 164 9.
1327 130 1381 170 23

64 228 116 265 ita
158 238 246 264 cum
286 226 406 264 voluit
448 229 620 278 suscepit
662 229 787 265 animo
827 227 1011 279 humano,
1055 232 1098 266 ut
1138 239 1225 265 cum
1263 227 1382 266 voluit

64 285 185 322 factus
217 289 276 322 est
306 284 431 323 homo.

178 342 356 394 Proinde,
389 343 490 393 quod
516 343 714 381 fatendum
738 349 808 391 est,
839 345 953 381 etiam
978 356 1066 382 cum
1098 349 1222 382 rectas
1255 349 1293 382 et
1324 357 1380 382 se-

64 400 230 439 cundum
263 400 384 439 Deum
415 400 602 439 habemus
634 401 701 440 has
733 403 972 453 affectiones,
1004 402 1118 440 huius
1150 404 1247 440 vitae
1280 408 1380 450 sunt,

62 470 139 496 non
170 458 290 510 illius,
328 471 441 509 quam
480 460 650 497 futuram
688 471 906 511 speramus,
944 465 983 498 et
1014 472 1126 511 saepe
1159 460 1233 498 illis
1265 462 1378 498 etiam
1407 468 1426 499 5

62 518 170 554 inviti
208 517 391 555 cedimus.
451 517 585 568 Itaque
623 517 844 569 aliquando,
883 520 1054 567 quamvis
1091 530 1168 556 non
1200 518 1380 569 culpabili

63 575 288 627 cupiditate,
331 575 398 614 sed
435 575 614 613 laudabili
652 577 810 614 caritate
848 588 1086 628 moveamur,
1130 578 1244 614 etiam
1287 577 1378 615 dum

62 633 241 672 nolumus
279 633 427 672 flemus.
488 633 683 672 Habemus
722 645 813 684 ergo
852 646 915 671 eas
952 647 998 672 ex
1029 635 1217 673 humanae
1250 636 1378 673 condi-

62 692 184 729 cionis
214 692 454 743 infirmitate,
486 704 564 730 non
595 697 723 730 autem
754 693 806 730 ita
831 691 1016 731 Dominus
1048 693 1167 744 Iesus,
1199 695 1310 731 cuius
1342 700 1380 732 et

60 750 261 788 infirmitas
299 750 372 788 fuit
410 761 456 788 ex
492 755 694 801 potestate.
757 749 832 788 Sed
870 750 960 788 dum
999 752 1096 788 vitae
1128 751 1243 790 huius
1275 752 1378 790 infir·
1408 760 1449 791 10

60 809 232 846 mitatem
269 810 458 859 geriinus,
497 810 529 846 si
566 820 630 846 eas
668 810 823 846 omnino
861 808 983 846 nullas
1022 809 1247 861 habeamus,
1288 816 1380 848 tunc

59 868 188 916 potius
224 878 301 904 non
339 872 444 905 recte
482 868 655 905 vivimus.
716 866 963 917 Vituperabat
1000 868 1102 905 enim
1140 874 1178 905 et
1216 868 1380 906 detesta-

60 923 174 962 batur
213 925 408 975 apostolus
449 925 652 976 quosdam,
690 937 786 975 quos
824 926 938 963 etiam
970 937 1054 963 esse
1087 925 1182 963 dixit
1214 928 1295 964 sine
1328 927 1380 964 af-

61 983 239 1021 fectione.
301 982 476 1033 Culpavit
513 984 628 1021 etiam
665 982 750 1021 illos
789 995 897 1021 sacer
934 983 1122 1035 psalmus,
1160 984 1207 1022 de
1240 984 1380 1035 quibus

60 1042 130 1079 ait:
161 1041 342 1080 Sustinui
371 1044 439 1089 qui
469 1043 586 1079 simul
614 1044 934 1089 contristaretur,
967 1048 1005 1080 et
1034 1054 1111 1080 non
1140 1042 1229 1090 suit.
1284 1043 1379 1081 Nam
1407 1052 1449 1082 15

59 1100 214 1137 omnino
241 1111 318 1137 non
344 1099 486 1151 dolere,
517 1099 609 1138 dum
635 1112 769 1138 sumus
794 1101 833 1137 in
858 1099 931 1137 hoc
957 1100 1041 1138 loco
1073 1102 1262 1153 miseriae,
1292 1114 1379 1151 pro-

60 1157 179 1209 fecto,
223 1159 324 1196 sicut
361 1158 516 1208 quidam
554 1159 667 1196 etiam
706 1158 806 1208 apud
851 1158 994 1196 saeculi
1037 1158 1152 1196 huius
1190 1159 1379 1198 litteratos

59 1216 180 1254 sensit
204 1221 243 1254 et
268 1215 373 1267 dixit,
405 1228 482 1254 non
508 1218 590 1254 sine
623 1228 758 1266 magna
789 1217 967 1254 mercede
1001 1218 1189 1267 contingit
1220 1219 1379 1256 inmani-

58 1275 147 1312 tatis
177 1275 217 1312 in
249 1276 393 1325 animo,
432 1276 602 1325 stuporis
633 1276 673 1313 in
705 1287 879 1325 corpore.
942 1274 1131 1320 Quocirca
1162 1275 1243 1327 illa,
1282 1288 1378 1326 quae

58 1328 232 1370 ἀπάθεια
269 1332 413 1370 Graece
445 1332 587 1371 dicitur
618 1328 737 1385 (quae
770 1334 801 1371 si
832 1332 967 1371 Latine
1005 1339 1138 1383 posset
1174 1334 1376 1384 inpassibi-
1406 1344 1448 1374 20

58 1390 144 1428 litas
176 1387 412 1442 diceretur),
454 1392 486 1428 si
518 1393 568 1429 ita
601 1391 855 1441 intellegenda
888 1396 946 1429 est
977 1387 1035 1443 (in
1068 1393 1193 1429 animo
1227 1394 1380 1444 quippe,

58 1460 135 1486 non
166 1450 206 1487 in
237 1461 400 1499 corpore
432 1445 657 1501 accipitur),
693 1454 737 1488 ut
777 1451 859 1487 sine
891 1449 951 1487 his
983 1450 1250 1489 affectionibus
1282 1453 1378 1489 viva-

58 1512 134 1559 tur,
166 1519 263 1557 quae
290 1513 423 1545 contra
450 1509 638 1545 rationem
659 1508 840 1546 accidunt
864 1513 1111 1558 mentemque
1137 1509 1380 1561 perturbant,

58 1564 157 1603 hona
187 1565 298 1616 plane
324 1571 363 1603 et
388 1567 550 1604 maxime
577 1566 741 1616 optanda
767 1571 838 1618 est,
869 1566 934 1603 sed
964 1578 1034 1604 nec
1060 1568 1141 1616 ipsa
1173 1567 1288 1605 huius
1321 1573 1380 1605 est

57 1625 166 1662 vitae.
226 1623 311 1662 Non
349 1626 452 1662 enim
489 1623 827 1674 qualiumcumque
860 1624 1058 1661 hominum
1091 1636 1161 1661 vox
1188 1631 1266 1676 est,
1312 1626 1378 1663 sed
1404 1634 1447 1665 25

57 1683 220 1720 maxime
263 1683 417 1732 piorum
465 1681 706 1732 multumque
749 1683 941 1720 iustorum
985 1688 1099 1732 atque
1141 1688 1379 1722 sanctornm:

58 1740 104 1778 Sz·
133 1742 364 1788 dixerimus,
396 1743 580 1788 quoniam
604 1745 817 1789 peccatum
842 1752 920 1778 non
946 1742 1143 1787 hahemus,
1176 1753 1245 1780 nos
1277 1744 1379 1790 ipsos

56 1799 281 1837 seducimus
306 1803 344 1836 et
368 1801 516 1837 veritas
543 1801 582 1836 in
608 1800 719 1836 nobis
743 1810 821 1837 non
853 1803 919 1837 est.
981 1798 1090 1837 Tunc
1120 1800 1249 1849 itaque
1281 1796 1377 1838 ἆποὲ-

56 1860 147 1895 &sm
184 1858 257 1895 ista
295 1857 385 1908 erit,
422 1856 574 1906 quando
615 1862 817 1907 peccatum
854 1858 894 1894 in
926 1856 1080 1895 homine
1114 1857 1261 1895 nullum
1293 1860 1377 1896 erit.

56 1914 168 1953 Nunc
198 1926 289 1952 vero
327 1916 419 1953 satis
450 1914 548 1953 bene
580 1916 738 1966 vivitur,
776 1916 808 1953 si
839 1916 922 1953 sine
955 1917 1137 1966 crimine3
1176 1917 1258 1954 sine
1290 1928 1377 1966 pec·
1404 1926 1446 1956 30

59 1978 143 2012 cato
176 1978 304 2011 autem
341 1974 407 2023 qui
439 1985 479 2011 se
512 1974 640 2011 vivere
673 1975 880 2024 existimat,
912 1985 989 2011 non
1021 1973 1059 2011 id
1091 1974 1184 2025 agit,
1216 1979 1259 2012 ut
1289 1987 1376 2025 pec-

58 2036 186 2070 catum
224 2043 300 2069 non
337 2030 491 2082 habeat,
536 2031 603 2070 sed
640 2036 684 2070 ut
719 2033 869 2069 veniam
907 2043 983 2069 non
1022 2033 1193 2082 accipiat.
1255 2032 1376 2070 Porro

58 2158 75 2189 l
114 2111 207 2189 1143
226 2108 330 2189 Rgom.
358 2113 388 2151 1,
414 2112 469 2144 31.
521 2110 576 2151 15)
602 2107 659 2142 Ps.
686 2112 740 2152 68,
766 2112 821 2142 21.
873 2107 1019 2150 18)Cic.
1047 2108 1152 2143 Tuse.
1179 2112 1211 2152 3,
1238 2114 1269 2144 6.
1320 2112 1376 2153 28)

82 2183 88 2190 .
132 2166 162 2190 o.
213 2182 222 2199 ‚
271 2182 278 2189 .

150 2252 194 2283 30
220 2247 249 2282 si
274 2259 337 2283 om.
372 2247 406 2281 V
426 2249 438 2292 ss
466 2251 508 2282 32
534 2258 640 2291 porro
667 2248 790 2281 autem
823 2246 894 2280 VF
915 2249 996 2289 (40,
1029 2250 1103 2289 22‚·
1133 2248 1199 2282 vol.
1228 2249 1269 2290 I,
1295 2252 1377 2290 103,

57 2298 144 2339 22);
168 2305 276 2339 porro
300 2296 356 2329 Av
