<?xml version="1.0" encoding="UTF-8"?>
<!DOCTYPE html PUBLIC "-//W3C//DTD XHTML 1.0 Transitional//EN"
    "http://www.w3.org/TR/xhtml1/DTD/xhtml1-transitional.dtd">
<html xmlns="http://www.w3.org/1999/xhtml" xml:lang="en" lang="en">
 <head>
  <title>
</title>
<meta http-equiv="Content-Type" content="text/html;charset=utf-8" />
  <meta name='ocr-system' content='tesseract 3.04.00' />
  <meta name='ocr-capabilities' content='ocr_page ocr_carea ocr_par ocr_line ocrx_word'/>
</head>
<body>
  <div class='ocr_page' id='page_1' title='image "./sanctiaureliiaug02auguuoft_0085.png"; bbox 0 0 1548 2562; ppageno 0'>
   <div class='ocr_carea' id='block_1_1' title="bbox 344 141 1340 181">
    <p class='ocr_par' dir='ltr' id='par_1_1' title="bbox 344 141 1340 181">
     <span class='ocr_line' id='line_1_1' title="bbox 344 141 1340 181; baseline -0.004 -3"><span class='ocrx_word' id='word_1_1' title='bbox 344 154 396 178; x_wconf 86' lang='lat' dir='ltr'>DE</span> <span class='ocrx_word' id='word_1_2' title='bbox 416 153 602 178; x_wconf 78' lang='lat' dir='ltr'>OIVITATE</span> <span class='ocrx_word' id='word_1_3' title='bbox 621 153 690 177; x_wconf 83' lang='lat' dir='ltr'>DEI</span> <span class='ocrx_word' id='word_1_4' title='bbox 710 153 742 177; x_wconf 82' lang='lat' dir='ltr'>L.</span> <span class='ocrx_word' id='word_1_5' title='bbox 762 152 823 177; x_wconf 84' lang='lat' dir='ltr'>xv.</span> <span class='ocrx_word' id='word_1_6' title='bbox 844 151 873 177; x_wconf 82' lang='lat' dir='ltr'>c.</span> <span class='ocrx_word' id='word_1_7' title='bbox 893 153 935 176; x_wconf 84' lang='lat'>11.</span> <span class='ocrx_word' id='word_1_8' title='bbox 954 151 996 176; x_wconf 81' lang='lat'>12.</span> <span class='ocrx_word' id='word_1_9' title='bbox 1287 141 1340 181; x_wconf 85' lang='lat'>79</span> 
     </span>
    </p>
   </div>
   <div class='ocr_carea' id='block_1_2' title="bbox 11 239 1388 699">
    <p class='ocr_par' dir='ltr' id='par_1_2' title="bbox 11 239 1388 699">
     <span class='ocr_line' id='line_1_2' title="bbox 12 239 1341 294; baseline -0.003 -13"><span class='ocrx_word' id='word_1_10' title='bbox 12 243 207 294; x_wconf 82' lang='lat' dir='ltr'>videatur,</span> <span class='ocrx_word' id='word_1_11' title='bbox 251 254 321 280; x_wconf 90' lang='lat' dir='ltr'>suo</span> <span class='ocrx_word' id='word_1_12' title='bbox 359 241 444 279; x_wconf 87' lang='lat' dir='ltr'>loco</span> <span class='ocrx_word' id='word_1_13' title='bbox 483 241 706 292; x_wconf 84' lang='lat' dir='ltr'>diligentius</span> <span class='ocrx_word' id='word_1_14' title='bbox 743 240 1014 279; x_wconf 89' lang='lat' dir='ltr'>disserendum</span> <span class='ocrx_word' id='word_1_15' title='bbox 1051 245 1128 291; x_wconf 87' lang='lat' dir='ltr'>est,</span> <span class='ocrx_word' id='word_1_16' title='bbox 1169 251 1258 278; x_wconf 88' lang='lat' dir='ltr'>cum</span> <span class='ocrx_word' id='word_1_17' title='bbox 1295 239 1341 277; x_wconf 88' lang='lat' dir='ltr'>ad</span> 
     </span>
     <span class='ocr_line' id='line_1_3' title="bbox 11 297 1342 352; baseline -0.003 -13"><span class='ocrx_word' id='word_1_18' title='bbox 11 303 95 352; x_wconf 86' lang='lat' dir='ltr'>ipsa</span> <span class='ocrx_word' id='word_1_19' title='bbox 132 306 323 351; x_wconf 87' lang='lat' dir='ltr'>tempora,</span> <span class='ocrx_word' id='word_1_20' title='bbox 363 305 550 350; x_wconf 87' lang='lat' dir='ltr'>quantum</span> <span class='ocrx_word' id='word_1_21' title='bbox 588 300 799 337; x_wconf 84' lang='lat' dir='ltr'>necessitas</span> <span class='ocrx_word' id='word_1_22' title='bbox 842 299 959 337; x_wconf 90' lang='lat' dir='ltr'>huius</span> <span class='ocrx_word' id='word_1_23' title='bbox 996 299 1125 348; x_wconf 88' lang='lat' dir='ltr'>operis</span> <span class='ocrx_word' id='word_1_24' title='bbox 1162 297 1342 348; x_wconf 87' lang='lat' dir='ltr'>postulat,</span> 
     </span>
     <span class='ocr_line' id='line_1_4' title="bbox 12 356 1342 397; baseline -0.002 -1"><span class='ocrx_word' id='word_1_25' title='bbox 12 357 350 397; x_wconf 86' lang='lat' dir='ltr'>commemoranda</span> <span class='ocrx_word' id='word_1_26' title='bbox 396 357 599 395; x_wconf 87' lang='lat' dir='ltr'>adiuvante</span> <span class='ocrx_word' id='word_1_27' title='bbox 642 356 806 395; x_wconf 91' lang='lat' dir='ltr'>Domino</span> <span class='ocrx_word' id='word_1_28' title='bbox 836 358 1079 394; x_wconf 64' lang='lat' dir='ltr'>venerimus.</span> <span class='ocrx_word' id='word_1_29' title='bbox 1140 356 1342 393; x_wconf 83' lang='lat' dir='ltr'>Praesenti</span> 
     </span>
     <span class='ocr_line' id='line_1_5' title="bbox 13 414 1343 466; baseline -0.003 -11"><span class='ocrx_word' id='word_1_30' title='bbox 13 418 116 455; x_wconf 89' lang='lat' dir='ltr'>enim</span> <span class='ocrx_word' id='word_1_31' title='bbox 154 416 298 454; x_wconf 84' lang='lat' dir='ltr'>sufficit</span> <span class='ocrx_word' id='word_1_32' title='bbox 335 417 554 466; x_wconf 89' lang='lat' dir='ltr'>quaestioni</span> <span class='ocrx_word' id='word_1_33' title='bbox 593 415 808 453; x_wconf 88' lang='lat' dir='ltr'>secundum</span> <span class='ocrx_word' id='word_1_34' title='bbox 846 420 1033 465; x_wconf 87' lang='lat' dir='ltr'>utrosque</span> <span class='ocrx_word' id='word_1_35' title='bbox 1073 414 1227 452; x_wconf 90' lang='lat' dir='ltr'>codices</span> <span class='ocrx_word' id='word_1_36' title='bbox 1264 418 1343 451; x_wconf 90' lang='lat' dir='ltr'>tam</span> 
     </span>
     <span class='ocr_line' id='line_1_6' title="bbox 11 473 1388 525; baseline -0.003 -12"><span class='ocrx_word' id='word_1_37' title='bbox 11 475 144 525; x_wconf 86' lang='lat' dir='ltr'>longas</span> <span class='ocrx_word' id='word_1_38' title='bbox 176 473 359 512; x_wconf 88' lang='lat' dir='ltr'>hahuisse</span> <span class='ocrx_word' id='word_1_39' title='bbox 385 475 481 511; x_wconf 90' lang='lat' dir='ltr'>vitas</span> <span class='ocrx_word' id='word_1_40' title='bbox 513 473 615 511; x_wconf 91' lang='lat' dir='ltr'>illius</span> <span class='ocrx_word' id='word_1_41' title='bbox 647 474 730 511; x_wconf 89' lang='lat' dir='ltr'>aevi</span> <span class='ocrx_word' id='word_1_42' title='bbox 762 473 950 524; x_wconf 79' lang='lat' dir='ltr'>homines,</span> <span class='ocrx_word' id='word_1_43' title='bbox 981 478 1025 511; x_wconf 86' lang='lat' dir='ltr'>ut</span> <span class='ocrx_word' id='word_1_44' title='bbox 1055 477 1188 522; x_wconf 87' lang='lat' dir='ltr'>posset</span> <span class='ocrx_word' id='word_1_45' title='bbox 1219 477 1341 509; x_wconf 89' lang='lat' dir='ltr'>aetate</span> <span class='ocrx_word' id='word_1_46' title='bbox 1369 476 1388 505; x_wconf 83' lang='lat'>5</span> 
     </span>
     <span class='ocr_line' id='line_1_7' title="bbox 12 530 1342 584; baseline -0.003 -13"><span class='ocrx_word' id='word_1_47' title='bbox 12 534 140 584; x_wconf 81' lang='lat' dir='ltr'>unius,</span> <span class='ocrx_word' id='word_1_48' title='bbox 173 533 239 582; x_wconf 88' lang='lat' dir='ltr'>qui</span> <span class='ocrx_word' id='word_1_49' title='bbox 265 532 312 570; x_wconf 90' lang='lat' dir='ltr'>de</span> <span class='ocrx_word' id='word_1_50' title='bbox 339 531 503 582; x_wconf 83' lang='lat' dir='ltr'>duobus,</span> <span class='ocrx_word' id='word_1_51' title='bbox 530 543 627 581; x_wconf 91' lang='lat' dir='ltr'>quos</span> <span class='ocrx_word' id='word_1_52' title='bbox 653 531 754 568; x_wconf 86' lang='lat' dir='ltr'>solos</span> <span class='ocrx_word' id='word_1_53' title='bbox 780 537 884 568; x_wconf 87' lang='lat' dir='ltr'>terra</span> <span class='ocrx_word' id='word_1_54' title='bbox 909 536 1003 568; x_wconf 87' lang='lat' dir='ltr'>tunc</span> <span class='ocrx_word' id='word_1_55' title='bbox 1029 530 1175 581; x_wconf 76' lang='lat' dir='ltr'>habuit,</span> <span class='ocrx_word' id='word_1_56' title='bbox 1206 541 1342 580; x_wconf 85' lang='lat' dir='ltr'>pareu-</span> 
     </span>
     <span class='ocr_line' id='line_1_8' title="bbox 12 589 1344 640; baseline -0.003 -11"><span class='ocrx_word' id='word_1_57' title='bbox 12 590 117 630; x_wconf 89' lang='lat' dir='ltr'>tibus</span> <span class='ocrx_word' id='word_1_58' title='bbox 148 591 297 640; x_wconf 88' lang='lat' dir='ltr'>primus</span> <span class='ocrx_word' id='word_1_59' title='bbox 329 595 388 627; x_wconf 89' lang='lat' dir='ltr'>est</span> <span class='ocrx_word' id='word_1_60' title='bbox 420 595 552 640; x_wconf 80' lang='lat' dir='ltr'>natus,</span> <span class='ocrx_word' id='word_1_61' title='bbox 583 589 630 627; x_wconf 84' lang='lat' dir='ltr'>ad</span> <span class='ocrx_word' id='word_1_62' title='bbox 662 589 972 627; x_wconf 79' lang='lat' dir='ltr'>constituendam</span> <span class='ocrx_word' id='word_1_63' title='bbox 1004 590 1119 627; x_wconf 90' lang='lat' dir='ltr'>etiam</span> <span class='ocrx_word' id='word_1_64' title='bbox 1151 589 1344 626; x_wconf 87' lang='lat' dir='ltr'>civitatem</span> 
     </span>
     <span class='ocr_line' id='line_1_9' title="bbox 12 647 672 699; baseline -0.005 -12"><span class='ocrx_word' id='word_1_65' title='bbox 12 648 261 699; x_wconf 83' lang='lat' dir='ltr'>multiplicari</span> <span class='ocrx_word' id='word_1_66' title='bbox 292 660 416 698; x_wconf 85' lang='lat' dir='ltr'>genus</span> <span class='ocrx_word' id='word_1_67' title='bbox 446 647 672 693; x_wconf 84' lang='lat' dir='ltr'>humanum.</span> 
     </span>
    </p>
   </div>
   <div class='ocr_carea' id='block_1_3' title="bbox 536 782 813 825">
    <p class='ocr_par' dir='ltr' id='par_1_3' title="bbox 536 782 813 825">
     <span class='ocr_line' id='line_1_10' title="bbox 536 782 813 825; baseline -0.004 0"><span class='ocrx_word' id='word_1_68' title='bbox 536 782 693 825; x_wconf 80' lang='lat' dir='ltr'>CAPUT</span> <span class='ocrx_word' id='word_1_69' title='bbox 719 783 813 824; x_wconf 88' lang='lat' dir='ltr'><strong>XII.</strong></span> 
     </span>
    </p>
   </div>
   <div class='ocr_carea' id='block_1_4' title="bbox 51 868 1416 1023">
    <p class='ocr_par' dir='ltr' id='par_1_4' title="bbox 51 868 1416 1023">
     <span class='ocr_line' id='line_1_11' title="bbox 51 868 1416 918; baseline -0.004 -10"><span class='ocrx_word' id='word_1_70' title='bbox 51 871 112 909; x_wconf 83' lang='lat' dir='ltr'>De</span> <span class='ocrx_word' id='word_1_71' title='bbox 142 871 326 918; x_wconf 74' lang='lat' dir='ltr'>opinione</span> <span class='ocrx_word' id='word_1_72' title='bbox 358 879 506 916; x_wconf 81' lang='lat' dir='ltr'>eorum,</span> <span class='ocrx_word' id='word_1_73' title='bbox 538 870 608 916; x_wconf 78' lang='lat' dir='ltr'>qui</span> <span class='ocrx_word' id='word_1_74' title='bbox 632 869 856 916; x_wconf 70' lang='lat' dir='ltr'>primorum</span> <span class='ocrx_word' id='word_1_75' title='bbox 888 872 1104 915; x_wconf 80' lang='lat' dir='ltr'>temporum</span> <span class='ocrx_word' id='word_1_76' title='bbox 1136 868 1312 904; x_wconf 73' lang='lat' dir='ltr'>homines</span> <span class='ocrx_word' id='word_1_77' title='bbox 1374 872 1416 902; x_wconf 89' lang='lat'>10</span> 
     </span>
     <span class='ocr_line' id='line_1_12' title="bbox 190 924 1170 975; baseline -0.004 -9"><span class='ocrx_word' id='word_1_78' title='bbox 190 932 269 965; x_wconf 84' lang='lat' dir='ltr'>tam</span> <span class='ocrx_word' id='word_1_79' title='bbox 300 929 522 975; x_wconf 70' lang='lat' dir='ltr'>lonqaevos,</span> <span class='ocrx_word' id='word_1_80' title='bbox 554 938 673 974; x_wconf 73' lang='lat' dir='ltr'>quam</span> <span class='ocrx_word' id='word_1_81' title='bbox 703 927 908 973; x_wconf 75' lang='lat' dir='ltr'>scribc&#39;lur,</span> <span class='ocrx_word' id='word_1_82' title='bbox 936 924 1063 972; x_wconf 75' lang='lat' dir='ltr'>fuisse</span> <span class='ocrx_word' id='word_1_83' title='bbox 1093 935 1170 962; x_wconf 78' lang='lat' dir='ltr'>non</span> 
     </span>
     <span class='ocr_line' id='line_1_13' title="bbox 586 986 767 1023; baseline -0.006 -1"><span class='ocrx_word' id='word_1_84' title='bbox 586 986 767 1023; x_wconf 78' lang='lat' dir='ltr'>credunt.</span> 
     </span>
    </p>
   </div>
   <div class='ocr_carea' id='block_1_5' title="bbox 13 1062 1417 1988">
    <p class='ocr_par' dir='ltr' id='par_1_5' title="bbox 13 1062 1417 1988">
     <span class='ocr_line' id='line_1_14' title="bbox 130 1062 1346 1117; baseline -0.004 -12"><span class='ocrx_word' id='word_1_85' title='bbox 130 1067 264 1117; x_wconf 87' lang='lat' dir='ltr'>Neque</span> <span class='ocrx_word' id='word_1_86' title='bbox 292 1067 396 1104; x_wconf 89' lang='lat' dir='ltr'>enim</span> <span class='ocrx_word' id='word_1_87' title='bbox 421 1065 499 1104; x_wconf 91' lang='lat' dir='ltr'>ullo</span> <span class='ocrx_word' id='word_1_88' title='bbox 526 1065 639 1102; x_wconf 90' lang='lat' dir='ltr'>modo</span> <span class='ocrx_word' id='word_1_89' title='bbox 666 1064 847 1102; x_wconf 85' lang='lat' dir='ltr'>audiendi</span> <span class='ocrx_word' id='word_1_90' title='bbox 879 1069 982 1114; x_wconf 80' lang='lat' dir='ltr'>sunt,</span> <span class='ocrx_word' id='word_1_91' title='bbox 1014 1065 1081 1113; x_wconf 90' lang='lat' dir='ltr'>qui</span> <span class='ocrx_word' id='word_1_92' title='bbox 1111 1068 1250 1114; x_wconf 86' lang='lat' dir='ltr'>putant</span> <span class='ocrx_word' id='word_1_93' title='bbox 1281 1062 1346 1100; x_wconf 89' lang='lat' dir='ltr'>ali-</span> 
     </span>
     <span class='ocr_line' id='line_1_15' title="bbox 14 1120 1345 1174; baseline -0.005 -10"><span class='ocrx_word' id='word_1_94' title='bbox 14 1132 74 1164; x_wconf 86' lang='lat' dir='ltr'>ter</span> <span class='ocrx_word' id='word_1_95' title='bbox 106 1137 226 1164; x_wconf 89' lang='lat' dir='ltr'>annos</span> <span class='ocrx_word' id='word_1_96' title='bbox 263 1124 338 1162; x_wconf 89' lang='lat' dir='ltr'>illis</span> <span class='ocrx_word' id='word_1_97' title='bbox 376 1122 619 1174; x_wconf 82' lang='lat' dir='ltr'>temporibus</span> <span class='ocrx_word' id='word_1_98' title='bbox 651 1128 900 1174; x_wconf 75' lang='lat' dir='ltr'>computatos,</span> <span class='ocrx_word' id='word_1_99' title='bbox 939 1122 977 1159; x_wconf 92' lang='lat' dir='ltr'>id</span> <span class='ocrx_word' id='word_1_100' title='bbox 1009 1128 1068 1159; x_wconf 92' lang='lat' dir='ltr'>est</span> <span class='ocrx_word' id='word_1_101' title='bbox 1099 1127 1227 1159; x_wconf 87' lang='lat' dir='ltr'>tantae</span> <span class='ocrx_word' id='word_1_102' title='bbox 1260 1120 1345 1158; x_wconf 89' lang='lat' dir='ltr'>hre-</span> 
     </span>
     <span class='ocr_line' id='line_1_16' title="bbox 13 1179 1416 1235; baseline -0.004 -15"><span class='ocrx_word' id='word_1_103' title='bbox 13 1185 160 1235; x_wconf 81' lang='lat' dir='ltr'>vitatis,</span> <span class='ocrx_word' id='word_1_104' title='bbox 201 1188 245 1222; x_wconf 89' lang='lat' dir='ltr'>ut</span> <span class='ocrx_word' id='word_1_105' title='bbox 281 1195 383 1220; x_wconf 88' lang='lat' dir='ltr'>unus</span> <span class='ocrx_word' id='word_1_106' title='bbox 421 1194 545 1219; x_wconf 86' lang='lat' dir='ltr'>annus</span> <span class='ocrx_word' id='word_1_107' title='bbox 584 1187 716 1219; x_wconf 84' lang='lat' dir='ltr'>noster</span> <span class='ocrx_word' id='word_1_108' title='bbox 753 1181 888 1218; x_wconf 87' lang='lat' dir='ltr'>decem</span> <span class='ocrx_word' id='word_1_109' title='bbox 926 1179 1010 1217; x_wconf 86' lang='lat' dir='ltr'>illos</span> <span class='ocrx_word' id='word_1_110' title='bbox 1050 1179 1231 1217; x_wconf 80' lang='lat' dir='ltr'>habuisse</span> <span class='ocrx_word' id='word_1_111' title='bbox 1264 1190 1345 1216; x_wconf 89' lang='lat' dir='ltr'>cre-</span> <span class='ocrx_word' id='word_1_112' title='bbox 1376 1185 1416 1214; x_wconf 85' lang='lat'>15</span> 
     </span>
     <span class='ocr_line' id='line_1_17' title="bbox 14 1235 1347 1291; baseline -0.005 -11"><span class='ocrx_word' id='word_1_113' title='bbox 14 1242 137 1280; x_wconf 84' lang='lat' dir='ltr'>datur.</span> <span class='ocrx_word' id='word_1_114' title='bbox 200 1240 463 1291; x_wconf 79' lang='lat' dir='ltr'>Quapropter,</span> <span class='ocrx_word' id='word_1_115' title='bbox 500 1241 702 1289; x_wconf 85' lang='lat' dir='ltr'>inquiunt,</span> <span class='ocrx_word' id='word_1_116' title='bbox 744 1251 831 1277; x_wconf 86' lang='lat' dir='ltr'>eum</span> <span class='ocrx_word' id='word_1_117' title='bbox 873 1237 1040 1276; x_wconf 86' lang='lat' dir='ltr'>audierit</span> <span class='ocrx_word' id='word_1_118' title='bbox 1080 1239 1246 1287; x_wconf 88' lang='lat' dir='ltr'>quisque</span> <span class='ocrx_word' id='word_1_119' title='bbox 1288 1235 1347 1273; x_wconf 94' lang='lat' dir='ltr'>vel</span> 
     </span>
     <span class='ocr_line' id='line_1_18' title="bbox 13 1294 1346 1350; baseline -0.005 -12"><span class='ocrx_word' id='word_1_120' title='bbox 13 1300 152 1350; x_wconf 86' lang='lat' dir='ltr'>legerit</span> <span class='ocrx_word' id='word_1_121' title='bbox 189 1304 407 1348; x_wconf 83' lang='lat' dir='ltr'>nongentos</span> <span class='ocrx_word' id='word_1_122' title='bbox 445 1310 565 1335; x_wconf 88' lang='lat' dir='ltr'>annos</span> <span class='ocrx_word' id='word_1_123' title='bbox 612 1309 806 1347; x_wconf 87' lang='lat' dir='ltr'>quemque</span> <span class='ocrx_word' id='word_1_124' title='bbox 856 1297 1015 1347; x_wconf 78' lang='lat' dir='ltr'>vixisse,</span> <span class='ocrx_word' id='word_1_125' title='bbox 1071 1295 1187 1333; x_wconf 89' lang='lat' dir='ltr'>dehet</span> <span class='ocrx_word' id='word_1_126' title='bbox 1236 1294 1346 1332; x_wconf 90' lang='lat' dir='ltr'>intel-</span> 
     </span>
     <span class='ocr_line' id='line_1_19' title="bbox 14 1354 1348 1408; baseline -0.004 -12"><span class='ocrx_word' id='word_1_127' title='bbox 14 1358 143 1408; x_wconf 85' lang='lat' dir='ltr'>legere</span> <span class='ocrx_word' id='word_1_128' title='bbox 181 1358 405 1407; x_wconf 82' lang='lat' dir='ltr'>nonaginta3</span> <span class='ocrx_word' id='word_1_129' title='bbox 438 1356 572 1394; x_wconf 88' lang='lat' dir='ltr'>decem</span> <span class='ocrx_word' id='word_1_130' title='bbox 606 1357 747 1405; x_wconf 79' lang='lat' dir='ltr'>quippe</span> <span class='ocrx_word' id='word_1_131' title='bbox 780 1354 834 1392; x_wconf 87' lang='lat' dir='ltr'>illi</span> <span class='ocrx_word' id='word_1_132' title='bbox 866 1355 955 1392; x_wconf 86' lang='lat' dir='ltr'>anni</span> <span class='ocrx_word' id='word_1_133' title='bbox 990 1366 1089 1391; x_wconf 84' lang='lat' dir='ltr'>unus</span> <span class='ocrx_word' id='word_1_134' title='bbox 1122 1359 1182 1391; x_wconf 89' lang='lat' dir='ltr'>est</span> <span class='ocrx_word' id='word_1_135' title='bbox 1214 1358 1348 1391; x_wconf 89' lang='lat' dir='ltr'>noster</span> 
     </span>
     <span class='ocr_line' id='line_1_20' title="bbox 14 1411 1345 1462; baseline -0.005 -8"><span class='ocrx_word' id='word_1_136' title='bbox 14 1422 54 1454; x_wconf 84' lang='lat' dir='ltr'>et</span> <span class='ocrx_word' id='word_1_137' title='bbox 78 1416 215 1454; x_wconf 85' lang='lat' dir='ltr'>decern</span> <span class='ocrx_word' id='word_1_138' title='bbox 240 1416 364 1452; x_wconf 87' lang='lat' dir='ltr'>nostri</span> <span class='ocrx_word' id='word_1_139' title='bbox 394 1420 550 1452; x_wconf 86' lang='lat' dir='ltr'>centum</span> <span class='ocrx_word' id='word_1_140' title='bbox 583 1413 637 1451; x_wconf 91' lang='lat' dir='ltr'>illi</span> <span class='ocrx_word' id='word_1_141' title='bbox 669 1414 838 1451; x_wconf 83' lang='lat' dir='ltr'>fuerunt.</span> <span class='ocrx_word' id='word_1_142' title='bbox 901 1414 953 1449; x_wconf 88' lang='lat' dir='ltr'>Ac</span> <span class='ocrx_word' id='word_1_143' title='bbox 985 1424 1054 1462; x_wconf 85' lang='lat' dir='ltr'>per</span> <span class='ocrx_word' id='word_1_144' title='bbox 1086 1411 1171 1462; x_wconf 81' lang='lat' dir='ltr'>hoc,</span> <span class='ocrx_word' id='word_1_145' title='bbox 1203 1416 1247 1449; x_wconf 92' lang='lat' dir='ltr'>ut</span> <span class='ocrx_word' id='word_1_146' title='bbox 1277 1423 1345 1461; x_wconf 90' lang='lat' dir='ltr'>pu-</span> 
     </span>
     <span class='ocr_line' id='line_1_21' title="bbox 16 1469 1417 1525; baseline -0.005 -13"><span class='ocrx_word' id='word_1_147' title='bbox 16 1480 115 1525; x_wconf 76' lang='lat' dir='ltr'>tant,</span> <span class='ocrx_word' id='word_1_148' title='bbox 159 1474 295 1524; x_wconf 87' lang='lat' dir='ltr'>viginti</span> <span class='ocrx_word' id='word_1_149' title='bbox 334 1474 452 1511; x_wconf 88' lang='lat' dir='ltr'>trium</span> <span class='ocrx_word' id='word_1_150' title='bbox 495 1484 685 1509; x_wconf 83' lang='lat' dir='ltr'>annorum</span> <span class='ocrx_word' id='word_1_151' title='bbox 725 1472 797 1508; x_wconf 86' lang='lat' dir='ltr'>suit</span> <span class='ocrx_word' id='word_1_152' title='bbox 835 1470 975 1521; x_wconf 77' lang='lat' dir='ltr'>Adam,</span> <span class='ocrx_word' id='word_1_153' title='bbox 1019 1469 1172 1519; x_wconf 89' lang='lat' dir='ltr'>quando</span> <span class='ocrx_word' id='word_1_154' title='bbox 1214 1470 1347 1519; x_wconf 83' lang='lat' dir='ltr'>genuit</span> <span class='ocrx_word' id='word_1_155' title='bbox 1374 1476 1417 1506; x_wconf 79' lang='lat'>20</span> 
     </span>
     <span class='ocr_line' id='line_1_22' title="bbox 17 1527 1347 1581; baseline -0.005 -11"><span class='ocrx_word' id='word_1_156' title='bbox 17 1531 128 1581; x_wconf 83' lang='lat' dir='ltr'>Seth,</span> <span class='ocrx_word' id='word_1_157' title='bbox 167 1537 206 1569; x_wconf 90' lang='lat' dir='ltr'>et</span> <span class='ocrx_word' id='word_1_158' title='bbox 236 1532 319 1581; x_wconf 92' lang='lat' dir='ltr'>ipse</span> <span class='ocrx_word' id='word_1_159' title='bbox 353 1530 447 1569; x_wconf 90' lang='lat' dir='ltr'>Seth</span> <span class='ocrx_word' id='word_1_160' title='bbox 479 1531 614 1580; x_wconf 85' lang='lat' dir='ltr'>viginti</span> <span class='ocrx_word' id='word_1_161' title='bbox 646 1529 782 1579; x_wconf 84' lang='lat' dir='ltr'>agebat</span> <span class='ocrx_word' id='word_1_162' title='bbox 813 1535 851 1566; x_wconf 92' lang='lat' dir='ltr'>et</span> <span class='ocrx_word' id='word_1_163' title='bbox 884 1541 950 1566; x_wconf 85' lang='lat' dir='ltr'>sex</span> <span class='ocrx_word' id='word_1_164' title='bbox 982 1540 1154 1578; x_wconf 81' lang='lat' dir='ltr'>menses,</span> <span class='ocrx_word' id='word_1_165' title='bbox 1194 1527 1347 1576; x_wconf 86' lang='lat' dir='ltr'>quando</span> 
     </span>
     <span class='ocr_line' id='line_1_23' title="bbox 16 1585 1348 1638; baseline -0.005 -10"><span class='ocrx_word' id='word_1_166' title='bbox 16 1603 63 1628; x_wconf 83' lang='lat' dir='ltr'>ex</span> <span class='ocrx_word' id='word_1_167' title='bbox 101 1589 165 1628; x_wconf 87' lang='lat' dir='ltr'>illo</span> <span class='ocrx_word' id='word_1_168' title='bbox 204 1595 318 1627; x_wconf 87' lang='lat' dir='ltr'>natus</span> <span class='ocrx_word' id='word_1_169' title='bbox 351 1595 410 1627; x_wconf 89' lang='lat' dir='ltr'>est</span> <span class='ocrx_word' id='word_1_170' title='bbox 440 1588 563 1638; x_wconf 82' lang='lat' dir='ltr'>Enos,</span> <span class='ocrx_word' id='word_1_171' title='bbox 606 1600 703 1637; x_wconf 86' lang='lat' dir='ltr'>quos</span> <span class='ocrx_word' id='word_1_172' title='bbox 736 1586 902 1637; x_wconf 85' lang='lat' dir='ltr'>appellat</span> <span class='ocrx_word' id='word_1_173' title='bbox 933 1587 1126 1635; x_wconf 84' lang='lat' dir='ltr'>scriptura</span> <span class='ocrx_word' id='word_1_174' title='bbox 1158 1585 1348 1622; x_wconf 87' lang='lat' dir='ltr'>ducentos</span> 
     </span>
     <span class='ocr_line' id='line_1_24' title="bbox 16 1645 1348 1698; baseline -0.006 -12"><span class='ocrx_word' id='word_1_175' title='bbox 16 1653 55 1686; x_wconf 87' lang='lat' dir='ltr'>et</span> <span class='ocrx_word' id='word_1_176' title='bbox 81 1649 253 1698; x_wconf 88' lang='lat' dir='ltr'>quinque</span> <span class='ocrx_word' id='word_1_177' title='bbox 279 1659 418 1698; x_wconf 81' lang='lat' dir='ltr'>annos3</span> <span class='ocrx_word' id='word_1_178' title='bbox 452 1647 633 1696; x_wconf 89' lang='lat' dir='ltr'>quoniam</span> <span class='ocrx_word' id='word_1_179' title='bbox 660 1646 761 1683; x_wconf 89' lang='lat' dir='ltr'>sicut</span> <span class='ocrx_word' id='word_1_180' title='bbox 792 1646 857 1682; x_wconf 89' lang='lat' dir='ltr'>isti</span> <span class='ocrx_word' id='word_1_181' title='bbox 889 1645 1149 1693; x_wconf 81' lang='lat' dir='ltr'>suspicantur,</span> <span class='ocrx_word' id='word_1_182' title='bbox 1181 1654 1348 1692; x_wconf 90' lang='lat' dir='ltr'>quorum</span> 
     </span>
     <span class='ocr_line' id='line_1_25' title="bbox 15 1699 1348 1756; baseline -0.006 -12"><span class='ocrx_word' id='word_1_183' title='bbox 15 1707 246 1756; x_wconf 88' lang='lat' dir='ltr'>exponimus</span> <span class='ocrx_word' id='word_1_184' title='bbox 283 1706 523 1755; x_wconf 76' lang='lat' dir='ltr'>opinionem,</span> <span class='ocrx_word' id='word_1_185' title='bbox 561 1715 682 1742; x_wconf 89' lang='lat' dir='ltr'>unum</span> <span class='ocrx_word' id='word_1_186' title='bbox 714 1714 876 1752; x_wconf 78' lang='lat' dir='ltr'>annum,</span> <span class='ocrx_word' id='word_1_187' title='bbox 915 1701 1067 1751; x_wconf 88' lang='lat' dir='ltr'>qualem</span> <span class='ocrx_word' id='word_1_188' title='bbox 1099 1712 1203 1738; x_wconf 90' lang='lat' dir='ltr'>nunc</span> <span class='ocrx_word' id='word_1_189' title='bbox 1234 1699 1348 1737; x_wconf 87' lang='lat' dir='ltr'>habe-</span> 
     </span>
     <span class='ocr_line' id='line_1_26' title="bbox 16 1758 1417 1812; baseline -0.005 -10"><span class='ocrx_word' id='word_1_190' title='bbox 16 1776 123 1811; x_wconf 88' lang='lat' dir='ltr'>mus,</span> <span class='ocrx_word' id='word_1_191' title='bbox 166 1765 207 1801; x_wconf 88' lang='lat' dir='ltr'>in</span> <span class='ocrx_word' id='word_1_192' title='bbox 250 1763 385 1801; x_wconf 88' lang='lat' dir='ltr'>decem</span> <span class='ocrx_word' id='word_1_193' title='bbox 428 1768 558 1812; x_wconf 88' lang='lat' dir='ltr'>partes</span> <span class='ocrx_word' id='word_1_194' title='bbox 594 1761 649 1799; x_wconf 89' lang='lat' dir='ltr'>illi</span> <span class='ocrx_word' id='word_1_195' title='bbox 687 1760 907 1798; x_wconf 81' lang='lat' dir='ltr'>dividebant</span> <span class='ocrx_word' id='word_1_196' title='bbox 947 1765 986 1797; x_wconf 89' lang='lat' dir='ltr'>et</span> <span class='ocrx_word' id='word_1_197' title='bbox 1024 1758 1178 1796; x_wconf 89' lang='lat' dir='ltr'>easdem</span> <span class='ocrx_word' id='word_1_198' title='bbox 1217 1763 1346 1808; x_wconf 87' lang='lat' dir='ltr'>partes</span> <span class='ocrx_word' id='word_1_199' title='bbox 1374 1765 1417 1796; x_wconf 82' lang='lat'>25</span> 
     </span>
     <span class='ocr_line' id='line_1_27' title="bbox 16 1816 1350 1871; baseline -0.004 -11"><span class='ocrx_word' id='word_1_200' title='bbox 16 1833 138 1860; x_wconf 90' lang='lat' dir='ltr'>annos</span> <span class='ocrx_word' id='word_1_201' title='bbox 175 1820 380 1871; x_wconf 79' lang='lat' dir='ltr'>vocabant3</span> <span class='ocrx_word' id='word_1_202' title='bbox 424 1832 588 1870; x_wconf 88' lang='lat' dir='ltr'>quarum</span> <span class='ocrx_word' id='word_1_203' title='bbox 632 1820 801 1869; x_wconf 85' lang='lat' dir='ltr'>partium</span> <span class='ocrx_word' id='word_1_204' title='bbox 839 1817 954 1855; x_wconf 83' lang='lat' dir='ltr'>habet</span> <span class='ocrx_word' id='word_1_205' title='bbox 995 1829 1070 1855; x_wconf 84' lang='lat' dir='ltr'>una</span> <span class='ocrx_word' id='word_1_206' title='bbox 1117 1816 1350 1866; x_wconf 75' lang='lat' dir='ltr'>quadratum</span> 
     </span>
     <span class='ocr_line' id='line_1_28' title="bbox 17 1876 1349 1929; baseline -0.006 -11"><span class='ocrx_word' id='word_1_207' title='bbox 17 1881 232 1929; x_wconf 76' lang='lat' dir='ltr'>senarium,</span> <span class='ocrx_word' id='word_1_208' title='bbox 263 1891 308 1916; x_wconf 89' lang='lat' dir='ltr'>eo</span> <span class='ocrx_word' id='word_1_209' title='bbox 341 1878 443 1929; x_wconf 87' lang='lat' dir='ltr'>quod</span> <span class='ocrx_word' id='word_1_210' title='bbox 476 1890 543 1916; x_wconf 86' lang='lat' dir='ltr'>sex</span> <span class='ocrx_word' id='word_1_211' title='bbox 575 1877 712 1915; x_wconf 83' lang='lat' dir='ltr'>diebus</span> <span class='ocrx_word' id='word_1_212' title='bbox 744 1876 846 1914; x_wconf 85' lang='lat' dir='ltr'>Deus</span> <span class='ocrx_word' id='word_1_213' title='bbox 879 1876 1088 1926; x_wconf 83' lang='lat' dir='ltr'>perfecerit</span> <span class='ocrx_word' id='word_1_214' title='bbox 1120 1886 1236 1924; x_wconf 86' lang='lat' dir='ltr'>opera</span> <span class='ocrx_word' id='word_1_215' title='bbox 1268 1885 1349 1925; x_wconf 83' lang='lat' dir='ltr'>sua,</span> 
     </span>
     <span class='ocr_line' id='line_1_29' title="bbox 16 1931 1350 1988; baseline -0.006 -12"><span class='ocrx_word' id='word_1_216' title='bbox 16 1943 60 1977; x_wconf 88' lang='lat' dir='ltr'>ut</span> <span class='ocrx_word' id='word_1_217' title='bbox 90 1939 130 1976; x_wconf 92' lang='lat' dir='ltr'>in</span> <span class='ocrx_word' id='word_1_218' title='bbox 163 1938 326 1988; x_wconf 88' lang='lat' dir='ltr'>septimo</span> <span class='ocrx_word' id='word_1_219' title='bbox 354 1937 620 1987; x_wconf 88' lang='lat' dir='ltr'>requiesceret</span> <span class='ocrx_word' id='word_1_220' title='bbox 651 1931 715 1987; x_wconf 82' lang='lat' dir='ltr'>(de</span> <span class='ocrx_word' id='word_1_221' title='bbox 749 1946 823 1985; x_wconf 82' lang='lat' dir='ltr'>qua</span> <span class='ocrx_word' id='word_1_222' title='bbox 855 1945 898 1971; x_wconf 85' lang='lat' dir='ltr'>re</span> <span class='ocrx_word' id='word_1_223' title='bbox 929 1935 969 1971; x_wconf 89' lang='lat' dir='ltr'>in</span> <span class='ocrx_word' id='word_1_224' title='bbox 1000 1932 1098 1970; x_wconf 88' lang='lat' dir='ltr'>libro</span> <span class='ocrx_word' id='word_1_225' title='bbox 1132 1932 1350 1983; x_wconf 84' lang='lat' dir='ltr'>undecimo,</span> 
     </span>
    </p>
   </div>
   <div class='ocr_carea' id='block_1_6' title="bbox 114 2034 756 2081">
    <p class='ocr_par' dir='ltr' id='par_1_6' title="bbox 114 2034 756 2081">
     <span class='ocr_line' id='line_1_30' title="bbox 114 2034 756 2081; baseline -0.002 -10"><span class='ocrx_word' id='word_1_226' title='bbox 114 2040 146 2081; x_wconf 91' lang='lat'>1)</span> <span class='ocrx_word' id='word_1_227' title='bbox 172 2038 212 2071; x_wconf 94' lang='lat' dir='ltr'>L.</span> <span class='ocrx_word' id='word_1_228' title='bbox 241 2040 294 2072; x_wconf 88' lang='lat'>18.</span> <span class='ocrx_word' id='word_1_229' title='bbox 321 2048 350 2072; x_wconf 89' lang='lat' dir='ltr'>c.</span> <span class='ocrx_word' id='word_1_230' title='bbox 377 2040 421 2071; x_wconf 81' lang='lat'>42</span> <span class='ocrx_word' id='word_1_231' title='bbox 448 2047 524 2079; x_wconf 88' lang='lat' dir='ltr'>sqq.</span> <span class='ocrx_word' id='word_1_232' title='bbox 576 2038 633 2079; x_wconf 82' lang='lat'>28)</span> <span class='ocrx_word' id='word_1_233' title='bbox 661 2034 697 2069; x_wconf 87' lang='lat' dir='ltr'>C.</span> <span class='ocrx_word' id='word_1_234' title='bbox 725 2038 756 2070; x_wconf 88' lang='lat'>8.</span> 
     </span>
    </p>
   </div>
   <div class='ocr_carea' id='block_1_7' title="bbox 25 2161 1349 2252">
    <p class='ocr_par' dir='ltr' id='par_1_7' title="bbox 25 2161 1349 2252">
     <span class='ocr_line' id='line_1_31' title="bbox 112 2161 1349 2208; baseline -0.005 -10"><span class='ocrx_word' id='word_1_235' title='bbox 112 2168 130 2199; x_wconf 89' lang='lat'>1</span> <span class='ocrx_word' id='word_1_236' title='bbox 159 2163 353 2199; x_wconf 81' lang='lat' dir='ltr'>disserend.</span> <span class='ocrx_word' id='word_1_237' title='bbox 381 2164 418 2198; x_wconf 81' lang='lat' dir='ltr'><em>R</em></span> <span class='ocrx_word' id='word_1_238' title='bbox 442 2166 576 2208; x_wconf 69' lang='lat' dir='ltr'>(proqr.</span> <span class='ocrx_word' id='word_1_239' title='bbox 599 2174 636 2207; x_wconf 77' lang='lat' dir='ltr'>p.</span> <span class='ocrx_word' id='word_1_240' title='bbox 664 2166 748 2204; x_wconf 86' lang='lat'><strong><em>19);</em></strong></span> <span class='ocrx_word' id='word_1_241' title='bbox 781 2162 886 2197; x_wconf 83' lang='lat' dir='ltr'>inser.</span> <span class='ocrx_word' id='word_1_242' title='bbox 922 2161 1010 2195; x_wconf 79' lang='lat' dir='ltr'>VAv</span> <span class='ocrx_word' id='word_1_243' title='bbox 1048 2162 1060 2203; x_wconf 79' lang='lat' dir='ltr'>ss</span> <span class='ocrx_word' id='word_1_244' title='bbox 1098 2164 1140 2194; x_wconf 82' lang='lat'>17</span> <span class='ocrx_word' id='word_1_245' title='bbox 1168 2170 1349 2202; x_wconf 86' lang='lat' dir='ltr'>quemque</span> 
     </span>
     <span class='ocr_line' id='line_1_32' title="bbox 25 2206 1349 2252; baseline -0.005 -7"><span class='ocrx_word' id='word_1_246' title='bbox 25 2210 134 2244; x_wconf 84' lang='lat' dir='ltr'>VAF</span> <span class='ocrx_word' id='word_1_247' title='bbox 154 2211 196 2252; x_wconf 84' lang='lat' dir='ltr'>(l.</span> <span class='ocrx_word' id='word_1_248' title='bbox 222 2214 269 2245; x_wconf 83' lang='lat'>21</span> <span class='ocrx_word' id='word_1_249' title='bbox 297 2221 323 2245; x_wconf 86' lang='lat' dir='ltr'>c.</span> <span class='ocrx_word' id='word_1_250' title='bbox 351 2214 402 2245; x_wconf 81' lang='lat'>27</span> <span class='ocrx_word' id='word_1_251' title='bbox 435 2222 516 2244; x_wconf 86' lang='lat' dir='ltr'>eum</span> <span class='ocrx_word' id='word_1_252' title='bbox 548 2221 586 2244; x_wconf 88' lang='lat' dir='ltr'>se</span> <span class='ocrx_word' id='word_1_253' title='bbox 617 2210 780 2252; x_wconf 87' lang='lat' dir='ltr'>cuique</span> <span class='ocrx_word' id='word_1_254' title='bbox 814 2210 1021 2242; x_wconf 75' lang='lat' dir='ltr'>sanctorum</span> <span class='ocrx_word' id='word_1_255' title='bbox 1054 2206 1203 2240; x_wconf 78' lang='lat' dir='ltr'>humilis</span> <span class='ocrx_word' id='word_1_256' title='bbox 1230 2206 1349 2249; x_wconf 84' lang='lat' dir='ltr'>quis-</span> 
     </span>
    </p>
   </div>
   <div class='ocr_carea' id='block_1_8' title="bbox 19 2251 1351 2338">
    <p class='ocr_par' dir='ltr' id='par_1_8' title="bbox 19 2251 1351 2338">
     <span class='ocr_line' id='line_1_33' title="bbox 19 2251 1351 2338; baseline -0.004 -47"><span class='ocrx_word' id='word_1_257' title='bbox 19 2268 100 2338; x_wconf 54' lang='lat' dir='ltr'>flul?</span> <span class='ocrx_word' id='word_1_258' title='bbox 114 2257 389 2337; x_wconf 42' lang='lat' dir='ltr'>{offmendatss</span> <span class='ocrx_word' id='word_1_259' title='bbox 416 2268 524 2301; x_wconf 85' lang='lat' dir='ltr'>quem</span> <span class='ocrx_word' id='word_1_260' title='bbox 549 2256 605 2297; x_wconf 72' lang='grc' dir='ltr'>Β,-</span> <span class='ocrx_word' id='word_1_261' title='bbox 629 2266 880 2300; x_wconf 79' lang='lat' dir='ltr'>quemquamv</span> <span class='ocrx_word' id='word_1_262' title='bbox 900 2256 973 2298; x_wconf 69' lang='grc'>1121</span> <span class='ocrx_word' id='word_1_263' title='bbox 990 2256 1027 2288; x_wconf 77' lang='lat' dir='ltr'>et</span> <span class='ocrx_word' id='word_1_264' title='bbox 1040 2253 1136 2298; x_wconf 82' lang='lat' dir='ltr'>ipse]</span> <span class='ocrx_word' id='word_1_265' title='bbox 1152 2255 1189 2287; x_wconf 77' lang='lat' dir='ltr'>et</span> <span class='ocrx_word' id='word_1_266' title='bbox 1202 2262 1266 2287; x_wconf 85' lang='lat' dir='ltr'>om.</span> <span class='ocrx_word' id='word_1_267' title='bbox 1290 2251 1323 2286; x_wconf 92' lang='lat' dir='ltr'><strong><em>V</em></strong></span> <span class='ocrx_word' id='word_1_268' title='bbox 1339 2251 1351 2297; x_wconf 77' lang='grc' dir='ltr'>[Ι</span> 
     </span>
     <span class='ocr_line' id='line_1_34' title="bbox 46 2314 855 2338; baseline 0 -1"><span class='ocrx_word' id='word_1_269' title='bbox 46 2314 67 2337; x_wconf 81' lang='lat' dir='ltr'>a</span> <span class='ocrx_word' id='word_1_270' title='bbox 94 2314 112 2337; x_wconf 90' lang='lat' dir='ltr'>e</span> <span class='ocrx_word' id='word_1_271' title='bbox 141 2314 163 2338; x_wconf 81' lang='lat' dir='ltr'>a</span> <span class='ocrx_word' id='word_1_272' title='bbox 203 2314 224 2337; x_wconf 83' lang='lat' dir='ltr'><em>v</em></span> <span class='ocrx_word' id='word_1_273' title='bbox 849 2320 855 2324; x_wconf 90' lang='lat'><em>-</em></span> 
     </span>
    </p>
   </div>
  </div>
 </body>
</html>
