1548 2562
443 137 495 162 DE
515 136 702 162 CIVITATE
721 137 791 162 Dm
810 137 844 163 L.
864 137 962 162 xv11.
981 137 1010 162 c.
1030 138 1055 162 6.
1338 127 1423 168 219

94 227 298 264 mandavit
322 227 395 263 abt
418 226 619 272 Dominus,
651 238 764 273 quem
796 228 851 264 ad
880 227 1036 264 modam
1067 236 1174 264 mmo
1196 229 1426 274 paraverat

96 285 286 322 Dominus
317 295 485 331 requam
517 289 626 322 tuum
657 295 781 332 usque
813 286 853 322 in
886 288 1092 322 aeternam
1123 295 1245 332 super
1278 284 1422 322 Israel:

94 347 131 380 et
156 353 263 380 nune
289 353 455 389 requam
482 347 590 380 tuum
617 353 696 380 non
720 343 840 380 stabit
865 343 947 389 τίω,
979 347 1017 381 et
1041 346 1209 390 quaeret
1234 342 1424 380 Dominus

92 401 171 438 sthi
200 401 392 438 hominem
417 401 635 438 secunaum
668 411 738 438 eor
769 412 893 447 suam,
925 406 963 439 et
993 401 1200 442 mandabit
1230 402 1269 438 εἱ
1292 400 1422 438 Domi-

94 470 168 495 nus
205 470 289 496 esse
327 460 367 496 in
399 460 624 507 principem
660 470 782 506 super
815 461 1004 507 populum
1041 470 1176 504 summ
1213 460 1308 506 quia
1346 469 1423 496 non

93 518 303 554 custodisti
330 528 433 564 quae
463 517 669 554 mandavit
699 517 772 554 tibi
801 517 1004 564 Dominus,
1036 528 1114 555 non
1147 517 1202 554 sic
1234 517 1424 566 accipien-

93 574 186 612 dum
230 579 308 626 est,
351 586 394 612 ac
434 575 467 612 si
504 575 633 625 ipsum
671 573 827 612 Saulem
864 574 967 613 Deus
1003 576 1043 612 in
1082 580 1282 613 aeternum
1314 586 1424 624 prae-

92 633 575 684 paraveritregnaturum,
607 637 646 671 et
676 631 749 670 hoc
781 637 915 683 postea
947 632 1117 671 noluerit
1149 644 1303 671 servare
1336 644 1423 683 pec-

92 692 196 728 canti
233 686 379 743 (neque
419 692 521 729 enim
560 702 648 728 eum
685 696 938 741 peccaturum
971 703 1055 728 esse
1089 686 1323 742 nesciebat);
1357 689 1423 728 sed

92 754 387 799 praeparaverat
418 761 582 799 regnum
614 750 718 800 eius,
750 750 789 787 in
822 761 898 799 quo
931 749 1053 799 figura
1086 750 1196 799 regni
1227 754 1331 787 esset
1363 760 1422 786 ae—

93 808 205 845 terni.
268 806 357 845 Ideo
396 806 557 845 addidit:
601 807 654 845 Et
690 819 796 845 nune
835 819 1001 855 reanum
1040 812 1149 845 tuum
1186 818 1264 846 non
1305 808 1426 845 stabit

91 866 174 903 tibi.
238 864 354 903 Stetit
386 877 477 916 ergo
510 871 549 903 et
580 864 712 916 stabit,
754 865 857 915 quod
890 867 929 903 in
961 865 1026 903 illo
1059 865 1317 915 significatum
1349 870 1424 916 est3

91 923 160 961 sed
199 935 276 961 uon
313 923 404 962 huie
443 923 578 970 stabit,
625 924 713 973 quia
751 935 828 961 non
867 924 905 961 in
949 928 1150 961 aeternum
1182 925 1265 973 ipse
1299 924 1426 961 fuerat

92 987 345 1032 regnaturus,
389 994 461 1020 nec
498 983 704 1032 progenies
743 982 847 1033 eius,
891 987 934 1019 ut
972 980 1106 1019 saltem
1145 993 1214 1031 per
1246 986 1424 1031 posteros

92 1040 256 1078 alterum
288 1039 399 1078 alteri
432 1040 686 1078 succedentes
728 1039 926 1078 videretur
957 1039 1110 1090 impleri
1143 1039 1245 1089 quod
1278 1039 1424 1077 dictum

90 1103 168 1136 est:
219 1099 267 1136 In
311 1103 529 1137 aeternam.
597 1098 649 1135 Et
690 1102 876 1149 quaeret,
921 1099 1070 1149 inquit,
1115 1098 1306 1136 Dominus
1348 1099 1427 1135 sibl

90 1158 306 1201 Izomtnem‚·
344 1157 423 1194 sive
462 1155 578 1194 David
617 1157 696 1194 sive
736 1158 864 1206 ipsum
906 1155 1156 1194 Mediatorem
1202 1156 1424 1206 significans

93 1215 313 1252 testamenti
344 1215 454 1265 novi⁷
492 1215 558 1264 qui
590 1213 828 1264 figurabatur
860 1215 899 1252 in
932 1213 1139 1252 chrismate
1174 1216 1308 1265 etiam,
1348 1226 1424 1264 quo

93 1278 233 1311 unctus
277 1277 337 1310 est
379 1273 462 1323 ipse
506 1271 623 1310 David
668 1278 706 1310 et
749 1273 956 1323 progenies
1000 1273 1095 1310 eius.
1166 1271 1251 1310 Non
1296 1277 1424 1310 autem

92 1332 201 1380 quasi
233 1331 380 1368 neseiat
411 1329 478 1369 ubi
510 1332 570 1381 sit,
603 1331 655 1368 ita
686 1329 759 1368 sibi
790 1330 987 1368 hominem
1019 1329 1123 1368 Deus
1156 1331 1324 1381 quaerit3
1357 1329 1424 1368 sed

90 1400 161 1439 per
204 1388 400 1426 hominem
441 1400 548 1427 more
589 1388 791 1427 hominum
831 1388 1022 1439 loquitur,
1066 1390 1154 1439 quia
1197 1394 1236 1426 et
1273 1390 1328 1426 sic
1370 1387 1422 1425 lo·

91 1446 245 1496 quendo
278 1459 348 1484 uos
381 1448 542 1497 quaerit.
604 1446 689 1484 Non
723 1446 847 1485 solum
880 1448 983 1484 enim
1016 1446 1094 1484 Deo
1127 1447 1249 1498 Patri,
1288 1458 1422 1484 verum

91 1506 165 1555 ipsi
209 1517 363 1555 quoque
408 1504 615 1555 Unigenito
660 1506 767 1556 eius,
821 1506 887 1555 qui
931 1506 1036 1543 venit
1081 1517 1269 1555 quaerere
1320 1504 1422 1555 quod

90 1564 271 1615 perierat,
303 1575 427 1613 usque
453 1563 548 1601 adeo
574 1565 649 1601 iam
676 1575 830 1601 eramus
862 1565 956 1610 noti,
987 1568 1031 1601 ut
1061 1564 1101 1600 in
1132 1564 1217 1613 ipso
1250 1575 1424 1601 essemus

92 1620 205 1659 electi
255 1626 342 1659 ante
393 1623 710 1659 constitutionem
759 1620 905 1659 mundi.
984 1621 1160 1667 Quaeret
1206 1622 1284 1659 sibi
1331 1633 1423 1670 ergo

91 1678 187 1716 dixit
218 1691 357 1730 „suum
382 1676 573 1717 habebit“.
634 1678 744 1717 Unde
771 1680 810 1716 in
836 1677 970 1717 Latina
996 1678 1125 1728 lingua
1157 1678 1230 1716 hoc
1262 1678 1422 1716 verbum

92 1738 232 1786 accipit
271 1738 599 1787 praepositionem
640 1742 679 1775 et
718 1733 954 1788 „adquirit“
991 1736 1154 1788 dicitur3
1196 1737 1299 1787 quod
1333 1739 1424 1774 satis

90 1800 269 1844 apertum
307 1800 366 1832 est
405 1795 497 1845 quid
536 1795 737 1846 significet.
801 1795 1042 1844 Quamquam
1080 1800 1118 1833 et
1155 1796 1238 1833 sine
1281 1794 1423 1833 addita-

92 1857 223 1891 mento
260 1854 559 1903 praepositionis
599 1864 786 1903 quaerere
824 1852 1072 1903 intellegatur
1110 1853 1333 1904 adquirere3
1378 1864 1424 1890 ex

90 1922 168 1961 quo
200 1909 307 1949 lucra
340 1916 526 1949 vocantur
559 1917 597 1949 et
629 1916 825 1961 quaestus.

186 2012 221 2054 6)
248 2014 277 2045 1.
306 2010 400 2044 Sam.
431 2014 484 2054 13,
513 2014 554 2045 13
583 2022 634 2054 sq.
685 2013 744 2055 24)
770 2011 830 2046 Le.
860 2014 913 2055 19,
942 2014 994 2045 10.
1046 2013 1104 2054 25)
1131 2010 1222 2055 Eph.
1253 2015 1282 2053 1,
1308 2015 1339 2045 4.

186 2141 228 2172 22
254 2150 381 2172 uerum
406 2138 537 2180 RAF,·
561 2149 688 2173 verum
715 2138 826 2173 etiam
850 2148 871 2173 v

1452 757 1494 787 10

1453 1047 1494 1077 15

1451 1338 1494 1368 20

1451 1919 1495 1949 30
