1548 2562
468 162 520 186 DE
541 161 728 187 CIVITATE
747 161 815 186 DEI
833 161 867 186 L.
886 161 967 186 XXI.
987 161 1016 187 c.
1035 162 1060 186 s.
1347 151 1431 191 505

97 251 170 289 hoc
202 262 279 289 uno
312 250 587 302 adtendamus,
619 250 721 300 quod
753 249 799 287 ad
831 262 934 301 rem,
967 250 1014 288 de
1047 261 1121 300 qua
1153 250 1313 300 agimus,
1345 261 1430 299 per-

97 311 205 347 tinet.
268 308 368 354 Quid
408 310 461 347 ita
500 308 731 359 dispositum
772 314 830 346 est
868 307 914 346 ab
954 314 1111 346 auctore
1143 314 1303 346 naturae
1337 307 1432 345 caeli

99 373 136 406 et
162 374 303 418 terrae,
329 379 444 417 quem
471 367 517 405 ad
538 366 695 404 modum
721 378 861 405 cursus
888 366 1200 404 ordinatissimus
1228 363 1432 404 siderum?

99 425 199 470 Quid
245 430 322 464 tam
366 426 461 463 ratis
505 424 656 476 legibus
704 424 868 475 fixisque
913 422 1136 463 firmatum?
1197 423 1247 462 Et
1290 429 1431 475 tamen,

98 483 252 534 quando
285 483 348 521 ille
380 483 522 534 voluit,
555 484 622 533 qui
653 494 804 522 summo
836 484 937 533 regit
968 484 1132 533 imperio
1166 494 1208 521 ac
1240 487 1431 533 potestate

98 541 201 592 quod
235 541 424 593 condidit,
469 541 577 579 stella
614 553 706 592 prae
747 543 890 579 ceteris
934 541 1197 592 magnitudine
1230 553 1273 578 ac
1307 540 1431 590 splen-

98 600 191 638 dore
223 601 424 638 notissima
457 599 647 651 colorem,
684 599 1011 651 magnitudinem,
1043 599 1206 649 figuram
1240 604 1278 636 et
1310 595 1433 650 (quod

99 663 158 696 est
203 654 438 710 mirabilius)
490 659 550 696 sui
596 670 736 696 cursus
787 657 963 696 ordinem
1006 657 1208 707 legemque
1260 658 1432 694 mutavit.

101 716 288 754 Turbavit
312 717 489 767 profecto
515 722 621 768 tunc,
653 718 685 754 si
711 715 779 754 ulli
804 717 880 754 iam
907 716 1078 767 fuerunt,
1111 727 1279 753 canones
1312 720 1432 752 astro-

98 774 288 825 logorum,
322 786 420 824 quos
446 774 551 812 velut
581 774 782 812 inerrabili
814 775 1101 824 computatione
1135 773 1180 811 de
1214 774 1434 824 praeteritis

100 844 143 871 ac
188 833 332 871 futuris
376 838 572 871 astrorum
615 832 784 870 motibus
830 834 1073 882 conscriptos
1117 831 1284 883 habent,
1335 843 1432 881 quos

101 903 269 929 canones
296 891 495 941 sequendo
522 892 605 930 ausi
632 896 723 929 sunt
748 890 890 941 dicere,
922 890 1007 941 hoc,
1040 890 1142 940 quod
1175 890 1221 928 de
1254 889 1434 927 Lucifero

101 951 280 1001 contigit,
322 961 394 987 nec
427 955 539 987 antea
570 961 642 987 nee
674 955 810 999 postea
841 950 1062 999 contigisse.
1124 948 1202 986 Nos
1235 954 1363 986 autem
1395 948 1435 985 in

102 1007 240 1046 divinis
271 1006 381 1045 libris
413 1007 577 1058 legimus
610 1008 725 1045 etiam
758 1007 878 1045 solem
909 1009 1037 1057 ipsum
1070 1012 1107 1044 et
1140 1008 1314 1057 stetisse,
1347 1017 1433 1043 cum

101 1065 174 1104 hoc
201 1078 221 1103 a
247 1065 410 1103 Domino
436 1064 515 1104 Deo
542 1067 742 1116 petivisset
768 1067 825 1102 vir
852 1070 1009 1103 sanctus
1035 1064 1144 1103 Iesus
1171 1064 1286 1115 Nave,
1313 1064 1436 1101 donec

103 1129 284 1174 coeptum
325 1124 517 1174 proelium
558 1125 718 1162 victoria
751 1125 995 1175 terminaret,
1029 1129 1067 1161 et
1099 1128 1317 1161 retrorsum
1350 1122 1434 1160 red-

100 1183 196 1234 isse,
232 1188 277 1220 ut
316 1183 400 1232 regi
433 1181 618 1220 Ezechiae
660 1182 883 1232 quindecim
927 1183 1016 1219 anni
1056 1181 1102 1219 ad
1134 1181 1340 1219 vivendum
1373 1180 1435 1217 ad-

102 1239 172 1278 diti
202 1239 277 1278 hoc
303 1241 419 1278 etiam
445 1240 620 1290 prodigio
646 1241 895 1290 promissioni
928 1239 996 1278 Dei
1029 1240 1342 1289 significarentur
1374 1239 1435 1276 ad-

102 1299 247 1336 iuncto.
310 1298 386 1336 Sed
435 1300 509 1336 ista
559 1310 713 1348 quoque
758 1298 960 1345 miracula,
1011 1310 1107 1347 quae
1152 1298 1302 1335 meritis
1347 1302 1437 1334 sunt

104 1368 288 1394 concessa
327 1362 571 1407 sanctorum,
617 1356 769 1406 quando
810 1356 976 1394 credunt
1014 1357 1079 1394 isti
1116 1356 1235 1407 facta,
1279 1356 1471 1404 magicis·

104 1414 253 1452 artibus
285 1414 474 1452 tribuunt.
536 1414 645 1452 Unde
677 1414 772 1452 illud
805 1420 881 1465 est,
922 1413 1024 1464 quod
1058 1415 1238 1464 superius
1272 1424 1437 1451 comme-

103 1473 250 1510 moravi
281 1472 425 1510 dixisse
458 1472 685 1523 Vergilium:

220 1554 366 1592 Sistere
399 1567 542 1603 aquam
573 1554 702 1592 fluvijs
736 1557 776 1592 et
805 1557 961 1592 vertere
994 1554 1123 1592 sidera
1154 1557 1272 1592 retro.

103 1635 199 1673 Nam
226 1640 265 1673 et
289 1635 449 1673 fiuvium
476 1636 631 1673 stetisse
658 1636 839 1685 superius
870 1635 1113 1684 inferiusque
1146 1634 1317 1685 fluxisse,
1349 1646 1437 1672 cum

104 1693 272 1744 populus
298 1692 366 1731 Dei
393 1693 554 1731 ductore
583 1705 699 1744 supra
726 1698 938 1731 memorato
970 1692 1057 1730 lesu
1089 1691 1191 1730 Nave
1224 1694 1323 1730 viam
1356 1704 1436 1730 car·
1464 1706 1472 1715 ⁸

104 1757 236 1802 peret,
278 1756 316 1789 et
346 1750 455 1789 Helia
495 1751 684 1802 propheta
725 1756 952 1789 transeunte
991 1762 1033 1789 ac
1073 1756 1207 1801 postea
1248 1750 1437 1801 discipulo

106 1811 190 1848 eius
222 1808 400 1847 Helisaeo
431 1809 469 1847 id
503 1821 587 1847 esse
621 1809 765 1847 factum
796 1810 835 1847 in
869 1810 989 1847 sacris
1020 1808 1160 1847 litteris
1192 1808 1368 1860 legimus,
1401 1816 1439 1847 et

105 1874 213 1906 retro
257 1879 413 1906 versum
463 1868 583 1905 fuisse
634 1869 844 1905 maximum
888 1867 994 1906 sidus
1044 1873 1230 1917 regnante
1273 1866 1439 1905 Ezechia

107 1925 221 1964 modo
264 1927 662 1964 commemoravimus.
726 1925 837 1970 Quod
878 1938 969 1964 vero
1009 1924 1054 1963 de
1094 1924 1275 1963 Lucifero
1318 1924 1437 1963 Varro

108 1985 285 2036 scripsit,
328 1996 407 2022 non
451 1990 510 2023 est
553 1984 630 2022 illic
675 1984 821 2022 dietum
863 1983 977 2022 alicui
1020 1985 1170 2034 petenti
1212 1983 1360 2021 homini
1399 1983 1437 2021 id

106 2042 227 2080 fuisse
260 2054 501 2080 concessum.

225 2099 310 2138 Non
337 2112 428 2150 ergo
456 2101 502 2139 de
529 2102 665 2138 notitia
697 2105 924 2138 naturarum
958 2099 1160 2150 caliginem
1193 2099 1266 2137 sihi
1298 2100 1439 2138 saciant

107 2157 294 2210 infideles,
326 2159 435 2208 quasi
461 2170 538 2196 non
571 2160 694 2209 possit
718 2160 757 2196 in
784 2158 910 2208 aliqua
936 2170 978 2196 re
1005 2158 1188 2196 divinitus
1214 2158 1299 2196 fieri
1325 2158 1438 2209 aliud,

203 2271 258 2313 16)
277 2270 344 2304 Ios.
367 2275 420 2313 10,
450 2274 503 2304 13.
555 2272 611 2315 19)
631 2270 727 2305 Esai.
748 2274 803 2313 38,
830 2273 860 2305 8.
913 2272 970 2313 23)
991 2270 1078 2305 Aen.
1100 2274 1131 2314 4,
1159 2274 1237 2305 489.
1290 2272 1348 2314 26)
1369 2271 1436 2305 Ios.

105 2320 138 2359 4,
166 2321 219 2351 18.
270 2318 329 2360 27)
355 2321 385 2352 2.
412 2317 500 2361 Reg.
528 2320 561 2359 2,
588 2320 624 2358 83
653 2321 706 2351 14.

1462 781 1504 811 10

1464 1072 1504 1101 15

1464 1993 1508 2023 30
