1548 2562
422 141 474 165 DE
495 140 683 166 CIVITATE
703 141 770 165 Dm
790 141 821 166 L.
842 141 922 165 XVI.
942 140 970 166 c.
991 141 1032 165 24.
1315 132 1394 172 163

67 230 228 280 spiritus
266 228 437 267 indicant
475 230 575 266 aeris
613 229 747 280 huius,
790 234 944 280 pastum
976 228 1169 279 quendam
1201 241 1314 267 suum
1347 229 1393 267 de

67 286 277 325 carnalium
310 286 497 324 divisione
530 293 773 336 quaerentes
820 287 931 332 Quod
958 286 1187 325 autemillis
1220 287 1396 325 consedit

66 345 275 396 Abraham,
319 344 508 394 significat
546 346 660 383 etiam
693 346 795 383 inter
827 343 909 383 illas
943 345 1154 383 carnalium
1186 345 1394 383 divisiones

70 415 159 441 eros
203 414 329 453 usque
357 404 396 440 in
424 402 539 440 finem
565 408 884 453 perseveraturos
911 403 1054 442 fideles.
1097 403 1146 441 Et
1171 404 1273 442 eirca
1302 403 1393 441 solis

67 472 248 499 occasum
274 460 376 511 quod
403 472 521 510 pavor
547 461 669 499 inruit
694 462 734 498 in
754 460 945 499 Abraham
966 467 1004 500 et
1024 463 1139 500 timor
1161 461 1394 500 tenebrosus
1421 469 1440 498 5

66 531 227 570 magnus
267 518 457 569 signifieat
494 519 597 556 circa
628 518 744 556 huius
777 519 920 557 saeculi
953 520 1066 558 finem
1100 531 1275 570 magnam
1307 531 1393 570 per-

66 576 327 615 turbationem
373 588 415 614 36
461 575 749 615 tribulationem
788 577 958 615 futuram
997 577 1185 629 fidelium,
1229 577 1275 615 de
1320 590 1395 628 qua

66 634 253 673 Dominus
291 634 383 673 dicit
421 636 460 672 in
498 634 712 685 evangelio:
764 635 856 673 Erit
898 638 999 674 em‘m
1047 640 1142 674 tunc
1190 637 1394 674 tribulatio

66 705 224 741 maana,
257 695 386 741 qualis
417 704 495 731 non
524 692 607 740 fuit
637 694 687 731 ab
721 695 843 732 initio.

183 751 294 796 Quod
332 762 423 788 vero
462 751 608 789 dictum
647 756 706 789 est
746 751 791 789 ad
830 750 1038 790 Abraham:
1080 753 1251 791 Sciendo
1283 754 1394 800 scies,
1424 759 1466 790 10

66 812 160 857 quia
188 811 450 858 pereqrz'num
482 811 561 847 erit
591 820 721 848 semen
754 814 862 847 tuum
895 812 935 848 in
968 814 1080 848 terra
1112 822 1190 849 non
1212 812 1393 859 propria,

65 872 103 906 et
139 870 180 906 in
217 870 445 906 servitutem
476 868 661 915 redigyent
698 879 762 906 eos
799 872 837 906 et
874 869 1069 915 adfle‘yent
1105 879 1169 907 eos
1201 870 1393 916 quadrin-

62 928 192 973 yemis
224 927 350 973 annis,
383 924 430 962 de
462 924 605 976 populo
637 924 766 976 Israel,
799 927 865 976 qui
898 926 1024 963 fuerat
1050 927 1089 963 in
1115 926 1286 976 Aegypto
1315 937 1394 964 ser—

66 985 229 1035 viturus,
260 984 502 1034 apertissime
529 982 803 1033 prophetatum
837 990 911 1035 est,
944 996 1021 1021 non
1055 983 1156 1034 quod
1189 985 1228 1021 in
1262 983 1394 1022 eadem

67 1043 252 1080 servitute
292 1040 362 1079 sub
400 1042 598 1092 Aegyptiis
631 1041 902 1092 adfligentibus
935 1042 1240 1092 quadringentos
1273 1054 1394 1080 3111105
1423 1048 1464 1079 15

65 1100 128 1138 ille
161 1099 327 1150 populus
361 1099 487 1137 fuerat
519 1105 768 1151 peracturus,
801 1100 868 1137 sed
901 1101 940 1138 in
973 1102 1067 1150 ipsis
1100 1100 1396 1151 quadringentis

66 1159 176 1196 annis
208 1159 523 1208 praenuntiatum
556 1163 616 1196 est
647 1157 719 1195 hoc
752 1159 938 1196 futurum.
1002 1158 1126 1203 Quem
1159 1159 1203 1196 ad
1238 1158 1396 1196 modum

66 1217 169 1254 enim
201 1218 388 1266 scriptum
421 1222 480 1253 est
517 1216 563 1253 de
596 1215 721 1253 Thara
759 1222 868 1267 patre
901 1215 1093 1255 Abrahae:
1144 1217 1193 1254 Et
1227 1216 1397 1265 fuerunt

67 1277 149 1313 dies
174 1274 332 1312 Tharae
358 1276 397 1312 in
423 1275 583 1312 Charra
609 1277 783 1322 quinque
810 1279 847 1313 et
873 1276 1037 1313 ducenti
1062 1277 1169 1322 cmm,
1202 1287 1279 1312 non
1306 1276 1396 1325 quia

65 1331 119 1370 ibi
151 1344 285 1371 omnes
318 1334 393 1370 3611
419 1337 521 1383 511111,
553 1332 621 1370 sed
647 1334 736 1382 quia
762 1331 815 1370 ibi
842 1332 1023 1383 completi
1050 1338 1157 1371 sunt:
1190 1334 1241 1371 ita
1269 1338 1307 1370 et
1332 1332 1394 1370 hic
1422 1340 1466 1370 ⁴20

66 1396 273 1441 propterea
299 1392 573 1441 interpositum
600 1396 675 1429 est:
709 1391 759 1429 Et
784 1393 824 1429 in
856 1393 1082 1430 servitutem
1116 1393 1300 1439 rediqenc
1331 1402 1396 1430 eos

66 1454 103 1487 et
135 1450 328 1497 adfliqent
359 1460 423 1487 eos
449 1450 754 1497 quadrinqente‘s
781 1451 908 1497 annis,
942 1451 1124 1500 quoniam
1156 1451 1228 1487 iste
1263 1461 1394 1487 nume-

66 1519 133 1545 rus
164 1508 204 1545 in
237 1507 370 1545 eadem
403 1506 620 1545 adflictione
654 1507 869 1558 completus
902 1513 973 1559 est,
1004 1519 1082 1545 non
1116 1509 1204 1557 quia
1237 1507 1394 1545 111111111-

66 1577 202 1604 versus
242 1570 423 1616 peractus
468 1571 537 1603 est.
612 1565 894 1616 Quadringenti
938 1578 1028 1604 sane
1078 1565 1261 1603 dicuntur
1306 1565 1396 1602 anni

65 1628 226 1675 propter
264 1625 417 1661 numeri
454 1622 754 1675 plenitudinem,
795 1624 969 1674 quamvis
1002 1623 1198 1673 aliquanto
1232 1623 1395 1673 amplius
1423 1629 1465 1661 25

68 1683 156 1733 sint,
182 1683 260 1719 sive
294 1693 340 1718 ex
372 1680 445 1718 1106
472 1686 646 1731 tempore
673 1686 961 1733 computentur,
994 1693 1070 1732 quo
1097 1683 1169 1719 ista
1194 1682 1394 1732 promitte-

67 1739 208 1778 bantur
251 1738 443 1790 Abrahae,
489 1740 566 1777 sive
609 1751 654 1777 ex
697 1751 772 1790 quo
815 1745 928 1778 natus
970 1744 1029 1777 est
1069 1739 1192 1791 Isaac,
1236 1744 1396 1790 propter

67 1810 200 1836 semen
232 1797 423 1849 Abrahae,
462 1797 507 1835 de
550 1809 625 1847 quo
657 1799 729 1836 ista
761 1798 1050 1848 praedicuntur.
1113 1797 1396 1848 Computantur

68 1857 183 1908 enim,
215 1857 316 1894 516111
348 1857 529 1906 superius
556 1856 632 1893 iam
659 1856 837 1907 diximus,
870 1855 916 1893 ab
949 1868 1049 1894 anno
1083 1857 1395 1906 septuagensimo

67 1920 106 1952 et
138 1915 272 1964 quinto
305 1912 499 1965 Abrahae,
545 1913 696 1963 quando
731 1914 776 1951 ad
809 1926 898 1952 eum
931 1914 1029 1952 sacta
1062 1919 1120 1952 est
1152 1915 1276 1964 prima
1307 1925 1394 1964 pro·
1422 1922 1466 1952 30

67 1974 217 2023 missio,
254 1983 379 2022 usque
418 1971 463 2009 ad
502 1973 646 2010 exitum
678 1972 796 2010 Israel
836 1984 881 2010 ex
913 1972 1084 2023 Aegypto
1124 1971 1397 2022 quadringenti

68 2037 105 2068 et
133 2031 288 2080 triginta
315 2031 421 2081 anni,
456 2041 622 2080 quorum
644 2030 840 2080 apostolus
862 2032 914 2069 ita
935 2031 1127 2068 meminit:
1160 2030 1245 2069 Hoc
1266 2034 1397 2068 autem

161 2144 195 2186 9)
222 2142 284 2176 Mt.
313 2146 366 2185 ⁶24,
392 2146 447 2175 21.
502 2144 557 2185 19)
583 2141 670 2176 Gen.
701 2146 754 2185 11,
780 2145 835 2176 32.

162 2295 182 2325 8
209 2292 300 2325 dixit
324 2302 344 2326 v
363 2294 374 2337 ΙΙ
394 2296 438 2326 20
464 2303 589 2326 01111165
616 2292 748 2336 compl.
783 2292 815 2326 V
