1611 2465
80 771 121 800 10

83 1063 122 1093 15

81 1357 124 1387 ‘20

82 1648 124 1678 ⁴25

83 1942 127 1971 30

146 135 232 176 610
695 141 723 168 S.
744 141 961 168 Acecsum

147 240 275 272 catum
302 232 423 271 voluit
448 231 626 270 inhibere
659 232 878 281 mansitque
910 232 950 269 in
983 232 1104 282 stirpe
1137 232 1314 271 damnata
1346 232 1485 272 donata

145 292 382 343 fecunditas;
415 302 487 329 nec
514 289 616 327 illam
643 290 720 327 vim
746 288 962 328 mirabilem
990 291 1194 342 seminum,
1226 293 1342 329 immo
1370 293 1485 330 etiam

146 350 424 390 mirabiliorem
465 360 540 399 qua
577 348 803 387 efficiuntur
841 354 880 386 et
919 349 1083 400 semina,
1120 349 1282 387 inditam
1314 352 1485 401 eorpori-

145 408 220 448 bus
262 409 441 447 humanis
482 412 522 446 et
563 406 730 457 quodam
775 406 889 444 modo
930 408 1117 445 intextam
1157 409 1308 458 peccati
1349 409 1485 447 vitium

146 469 274 519 potuit
318 467 498 518 auferre,
543 477 619 516 quo
661 464 773 503 nobis
814 466 968 516 inpacta
1016 472 1076 504 est
1117 467 1232 505 etiam
1274 468 1486 506 necessitas

147 528 304 577 mortis3
338 524 405 564 sed
433 530 647 575 utrumque
675 522 789 562 simul
816 524 939 562 currit
971 525 1045 562 isto
1080 526 1190 574 quasi
1221 524 1338 563 fluxio
1371 531 1487 576 atque

148 590 322 624 torrente
354 585 510 635 generis
542 583 720 634 humani,
752 581 894 620 malum
928 582 1030 632 quod
1064 594 1082 620 a
1115 590 1275 633 parente
1309 584 1488 636 trahitur,

147 650 186 682 et
226 643 372 682 bonum
417 641 521 693 quod
565 653 585 680 a
624 646 781 679 creante
819 640 1017 679 tribuitur.
1087 641 1130 680 In
1170 642 1347 692 originali
1388 642 1486 681 malo

148 703 224 740 duo
263 707 375 754 sunt,
415 706 620 752 peccatum
660 705 776 750 atque
814 699 1066 752 supplicium3
1104 701 1143 738 in
1176 700 1353 751 originali
1385 700 1486 739 bono

149 761 220 799 alia
262 760 363 812 duo,
408 760 634 811 propagatio
676 764 715 797 et
756 759 1023 796 conformatio.
1095 758 1172 797 Sed
1213 765 1400 810 quantum
1441 759 1487 798 ad

148 824 396 871 praesentem
428 819 602 869 pertinet
633 818 890 856 intentionem
923 823 1112 865 nostram,
1154 817 1201 856 de
1234 817 1361 870 malis,
1394 830 1487 869 quo-

150 890 238 917 rum
282 890 403 916 unum
450 877 496 916 de
541 882 676 915 nostra
719 877 824 914 venit
867 875 1048 927 audacia,
1091 876 1129 914 id
1171 882 1231 914 est
1272 882 1489 929 peccatum,

150 937 316 975 alterum
349 936 396 975 de
429 936 573 974 iudicio
606 934 687 982 Dei,
720 933 757 972 id
790 940 850 972 est
882 933 1128 985 supplicium,
1160 936 1236 973 iam
1268 936 1361 973 satis
1393 935 1487 974 dixi-

149 1008 247 1034 mus.
309 994 422 1033 Nunc
455 995 502 1033 de
535 994 648 1032 bonis
680 993 769 1045 Dei,
807 1005 905 1043 quae
943 994 1019 1043 ipsi
1051 1005 1207 1044 quoque
1238 994 1392 1032 vitiatae
1425 993 1488 1032 da-

150 1059 381 1104 mnataeque
421 1059 583 1092 naturae
616 1051 781 1090 contulit
820 1052 898 1089 sive
932 1063 1056 1102 usque
1089 1064 1193 1090 nunc
1226 1052 1396 1104 confert,
1433 1052 1488 1091 di-

150 1125 240 1152 cere
277 1113 441 1150 institui.
503 1110 638 1161 Neque
677 1111 780 1148 enim
819 1109 1035 1148 damnando
1075 1116 1141 1148 aut
1173 1116 1297 1149 totum
1330 1110 1490 1150 abstulit

151 1171 255 1222 quod
288 1171 466 1221 dederat,
497 1170 668 1220 alioquin
701 1180 773 1206 nec
806 1174 911 1207 esset
941 1169 1117 1220 omnino3
1150 1175 1215 1207 aut
1247 1181 1331 1207 eam
1363 1181 1488 1208 remo-

150 1232 204 1268 vit
229 1241 251 1267 a
277 1241 345 1267 sua
371 1233 576 1280 potestate,
610 1228 725 1266 etiam
754 1239 842 1265 cum
875 1225 1026 1264 diabolo
1058 1226 1272 1277 poenaliter
1306 1227 1490 1279 subdidit,

151 1300 240 1326 cum
267 1300 339 1326 nec
366 1289 494 1338 ipsum
527 1285 723 1324 diabolum
755 1297 775 1322 a
808 1297 878 1323 suo
911 1284 1088 1323 alienarit
1118 1286 1300 1337 imperio;
1334 1286 1487 1336 quando

151 1346 321 1399 quidem,
353 1351 398 1384 ut
423 1346 546 1397 ipsius
579 1356 734 1396 quoque
767 1342 908 1382 diaboli
941 1349 1078 1381 natura
1111 1343 1310 1395 subsistat,
1341 1344 1404 1383 ille
1437 1346 1490 1383 fa-

151 1407 204 1444 cit
230 1406 296 1456 qui
323 1416 474 1443 summe
502 1409 561 1442 est
594 1408 632 1441 et
664 1404 756 1441 facit
787 1414 872 1440 esse
900 1401 1088 1452 quidquid
1115 1402 1243 1452 aliquo
1272 1403 1386 1441 modo
1419 1409 1489 1442 est.

269 1463 444 1502 Duorum
477 1464 597 1513 igitur
628 1461 804 1510 illorum,
836 1472 934 1511 quae
967 1459 1135 1499 diximus
1166 1460 1270 1498 bona
1303 1462 1418 1500 etiam
1450 1463 1491 1500 in

152 1528 331 1561 naturam
363 1526 523 1573 peccato
556 1521 724 1558 vitiatam
752 1518 1021 1570 supplicioque
1054 1517 1270 1558 damnatam
1303 1519 1349 1558 de
1382 1519 1490 1558 boni·

152 1583 242 1620 tatis
275 1582 360 1619 eius
393 1579 560 1630 quodam
599 1578 718 1616 veluti
750 1578 857 1616 fonte
890 1589 1064 1629 manare,
1100 1579 1418 1628 propagationem
1451 1580 1490 1617 in

152 1641 289 1691 primis
315 1638 451 1677 mundi
478 1636 663 1689 operibus
695 1635 967 1674 benedictione
999 1635 1161 1686 largitus
1194 1641 1264 1686 est,
1296 1648 1317 1674 a
1348 1636 1490 1687 quibus

153 1698 339 1749 operibus
380 1696 441 1735 die
481 1697 646 1747 septimo
684 1695 895 1745 requievit3
935 1694 1190 1732 conformatio
1231 1706 1322 1733 vero
1355 1696 1393 1733 in
1426 1694 1489 1733 illo

154 1758 238 1795 eius
260 1762 319 1794 est
339 1767 470 1807 opere,
497 1767 573 1804 quo
594 1765 719 1804 usque
740 1764 845 1791 nunc
866 1758 1061 1803 operatur.
1112 1752 1320 1791 Efficacem
1348 1754 1491 1804 quippe

153 1816 367 1866 potentiam
394 1825 503 1852 suam
530 1814 562 1851 si
589 1812 707 1851 rebus
741 1810 955 1863 subtrahat,
987 1823 1059 1849 neo
1090 1810 1272 1862 progredi
1305 1817 1492 1862 poterunt

154 1879 193 1912 et
230 1874 311 1912 suis
350 1872 538 1911 dimensis
576 1870 747 1909 motibus
791 1881 977 1921 peragere
1011 1875 1184 1921 tempora
1225 1881 1297 1908 nec
1327 1881 1491 1921 prorsus

154 1933 193 1970 in
234 1944 279 1970 eo
322 1930 425 1982 quod
465 1935 616 1969 creatae
656 1934 748 1967 sunt
785 1927 1030 1979 aliquatenus
1069 1927 1365 1978 permanebunt,
1428 1927 1491 1967 Sic

156 2002 249 2041 ergo
289 1990 434 2028 creavit
482 1989 678 2027 hominem
719 1986 843 2039 Deus,
888 1993 932 2025 ut
973 1987 1006 2024 ei
1048 1986 1208 2024 adderet
1252 1985 1490 2025 fertilitatem

156 2048 366 2100 quandam,
406 2060 480 2098 qua
512 2047 689 2085 homines
722 2045 816 2083 alios
847 2049 1097 2095 propagaret,
1137 2056 1404 2095 congenerans
1436 2046 1490 2083 eis

156 2109 270 2146 etiam
309 2108 432 2157 ipsam
465 2104 702 2156 propagandi
734 2102 1049 2155 possibilitatem,
1091 2114 1168 2141 non
1201 2104 1492 2142 necessitatem:

249 2209 306 2248 27)
334 2208 383 2242 lo.
410 2210 441 2249 5,
470 2210 523 2240 17.

249 2317 287 2347 31
318 2311 373 2345 illi
400 2322 418 2345 v
