1548 2562
423 134 475 159 DE
496 133 685 159 CIVITATE
705 135 775 159 DEI
793 134 826 159 L.
846 135 910 160 xx.
929 134 959 160 c.
981 135 1023 160 23.
1313 127 1399 167 465

71 224 233 260 multum
276 224 536 270 coqz'tatz'ones
579 234 689 261 meae
732 225 1028 262 conturbabant
1069 235 1146 271 me,
1190 228 1229 262 et
1266 223 1401 272 forma

71 292 158 318 mea
202 282 396 318 inmutata
442 286 500 318 est
540 292 664 329 super
700 292 776 327 me,
820 286 873 320 etv
893 282 1054 320 verbum
1092 284 1133 320 in
1164 284 1287 321 corde
1317 294 1401 322 meo

72 340 315 376 conservavi.
379 337 571 383 Quattuor
603 338 666 376 illa
698 350 817 388 regna
849 345 1115 390 exposuerunt
1146 339 1301 390 quidam
1334 341 1400 378 As-

72 397 282 448 syriorum,
319 395 544 448 Persarum,
581 395 834 435 Macedonum
873 403 911 435 et
942 397 1215 436 Romanorum.
1278 398 1400 444 Quam

72 465 162 492 vero
190 455 467 492 convenienter
493 454 530 491 id
558 454 733 506 fecerint,
765 456 832 505 qui
863 467 976 493 nosse
1009 455 1241 504 desiderant,
1273 456 1402 507 legant
1427 465 1447 494 ει

71 511 289 562 presbyteri
332 511 556 562 Hieronymi
601 511 745 551 librum
786 514 826 551 in
864 512 1061 552 Danielem
1109 515 1202 552 satis
1250 515 1400 553 erudite

71 569 353 620 diligenterque
404 572 679 621 conscriptum.
758 571 987 609 Antichristi
1041 577 1167 610 tamen
1217 572 1401 611 adversus

72 627 275 666 ecclesiam
307 630 572 666 saevissimum
611 641 775 679 regnum
805 629 896 667 licet
927 631 1066 679 exiguo
1099 632 1221 681 spatio
1254 637 1400 682 tempo-

73 687 126 724 ris
159 687 447 738 sustinendum,
486 686 609 725 donec
640 686 709 724 Dei
740 687 875 725 ultimo
908 687 1050 726 iudicio
1082 700 1246 738 regnum
1279 690 1401 727 sancti

71 745 260 795 accipiant
292 746 591 796 sempiternum,
630 747 696 795 qui
728 745 785 783 vel
818 745 1030 784 dormitans
1063 746 1157 784 haec
1190 746 1298 798 legit,
1332 747 1399 785 du-
1428 755 1472 786 10

71 801 194 840 hitare
233 814 310 840 non
349 804 500 841 sinitur.
562 803 732 853 Tempus
771 805 913 854 quippe
947 809 985 842 et
1016 810 1191 855 tempora
1223 812 1260 843 et
1292 805 1399 843 dimi-

72 860 178 898 dium
210 862 397 911 temporis
430 873 551 899 unum
582 873 726 899 annum
758 873 842 899 esse
875 867 914 899 et
945 862 1021 900 duo
1054 868 1092 900 et
1123 862 1325 901 dimidium
1358 875 1401 901 ac

71 930 141 969 per
179 918 252 956 hoc
296 924 377 957 tres
415 931 536 957 annos
574 925 612 957 et
650 921 850 957 semissem
892 921 1006 958 etiam
1044 932 1207 958 numero
1249 921 1401 959 dierum

71 978 267 1027 posterius
292 978 419 1028 posito
444 977 658 1028 dilucescit,
690 977 894 1027 aliquando
920 979 960 1015 in
986 979 1192 1028 scripturis
1225 984 1263 1017 et
1295 991 1400 1016 men-

72 1047 158 1072 sum
184 1046 347 1073 numero
373 1035 601 1073 declaratur.
651 1034 838 1073 Videntur
865 1037 968 1073 enim
994 1040 1169 1086 tempora
1200 1036 1400 1075 indefinite
1428 1044 1470 1075 15

71 1092 134 1130 hic
172 1092 273 1131 dicta
311 1093 441 1143 lingua
478 1092 629 1145 Latina3
668 1093 736 1131 sed
772 1105 843 1144 per
875 1093 1028 1132 dualem
1060 1105 1267 1132 numerum
1300 1094 1401 1133 dicta

71 1156 180 1202 sunt,
219 1163 334 1200 quem
365 1150 492 1189 Latini
530 1163 607 1189 non
645 1151 799 1189 habent.
862 1151 971 1190 Sicut
1002 1157 1131 1190 autem
1163 1152 1317 1205 Graeci,
1350 1155 1401 1191 ita

70 1208 174 1247 hunc
218 1208 402 1247 dicuntur
438 1208 581 1247 habere
620 1214 659 1248 et
695 1209 872 1248 Hebraei.
935 1209 998 1247 Sic
1036 1222 1128 1261 ergo
1166 1210 1267 1249 dicta
1308 1216 1400 1249 sunt

73 1273 263 1318 tempora,
301 1273 496 1318 tamquam
539 1268 765 1306 dicerentur
804 1267 879 1306 duo
918 1273 1104 1318 tempora.
1166 1267 1300 1306 Vereri
1338 1281 1398 1307 me

71 1337 162 1363 sane
201 1325 341 1377 fateor,
376 1337 425 1363 ne
456 1327 496 1363 in
528 1326 663 1363 decem
695 1325 869 1376 regibus,
909 1337 1005 1375 quos
1037 1332 1232 1376 tamquam
1265 1327 1401 1365 decem
1426 1335 1471 1365 20

72 1383 249 1421 homines
288 1383 440 1421 videtur
483 1385 712 1422 inventurus
751 1383 1031 1436 Antichristus,
1075 1384 1174 1422 forte
1213 1384 1400 1436 fallamur,

72 1447 187 1491 atque
220 1442 273 1479 ita
303 1453 351 1479 ne
378 1441 440 1479 ille
473 1443 695 1492 inopinatus
726 1441 914 1493 adveniat,
946 1454 1023 1480 non
1056 1442 1312 1481 existentibus
1344 1448 1400 1481 tot

70 1498 229 1549 regibus
260 1500 300 1537 in
332 1498 425 1537 orbe
458 1499 641 1538 Romano.
703 1499 803 1545 Quid
836 1501 869 1538 si
899 1501 1003 1538 enim
1035 1512 1197 1538 numero
1228 1502 1303 1539 isto
1336 1501 1400 1539 de-

71 1558 180 1596 nario
207 1559 439 1595 universitas
464 1570 601 1608 regum
627 1558 838 1608 significata
865 1564 934 1608 est,
965 1563 1054 1608 post
1086 1570 1183 1608 quos
1216 1558 1278 1596 ille
1311 1570 1399 1596 ven-

72 1621 184 1654 turus
216 1621 292 1666 est3
325 1617 426 1653 sicut
456 1615 689 1667 millenario,
729 1617 973 1667 centenario,
1005 1617 1224 1666 septenario
1258 1617 1399 1666 signifi·
1428 1624 1469 1654 25

72 1678 182 1712 catur
213 1673 442 1724 plerumque
482 1675 730 1724 universitas,
769 1679 807 1711 et
838 1673 921 1711 aliis
953 1679 1068 1724 atque
1101 1673 1184 1712 aliis
1216 1676 1401 1726 numeris,

72 1743 170 1781 quos
202 1743 306 1769 nunc
338 1743 641 1769 commemorare
674 1743 750 1769 non
784 1736 843 1769 est
873 1729 1063 1770 necesse?

189 1788 271 1826 Alio
297 1788 381 1827 loco
413 1788 516 1827 idem
542 1789 692 1828 Daniel:
724 1789 776 1827 Et
806 1791 893 1837 erit,
924 1791 1062 1841 inquit,
1094 1794 1244 1839 tempus
1275 1790 1400 1829 tribu-

72 1849 241 1895 lationis,
273 1849 403 1895 qualz's
427 1859 505 1886 non
527 1847 608 1895 suit
638 1860 689 1886 ex
720 1859 795 1895 quo
827 1852 924 1885 nata
956 1852 1014 1886 est
1040 1860 1138 1896 qens
1169 1860 1290 1897 super
1321 1853 1399 1887 ter-

72 1917 160 1943 ram
191 1917 315 1952 usque
346 1906 401 1943 ad
424 1910 573 1954 tempus
605 1906 712 1944 illud.
774 1905 826 1944 Et
857 1908 896 1943 in
928 1910 1102 1954 tempore
1133 1908 1199 1944 illo
1230 1907 1399 1945 salvabi·
1427 1914 1471 1947 30

73 1967 140 2002 tur
171 1965 341 2012 populus
380 1968 470 2001 tuus
508 1965 646 2011 omnis,
692 1965 762 2012 qui
792 1965 971 2002 inventus
998 1963 1127 2012 suerit
1156 1966 1330 2013 scriptus
1360 1966 1402 2004 in

166 2065 200 2105 3)
227 2063 317 2097 Dan.
345 2067 376 2105 7,
404 2067 445 2097 15
473 2075 550 2107 sqq.

168 2194 209 2224 12
241 2190 312 2225 duo
344 2190 453 2232 RA¹‚·
483 2190 573 2224 duos
605 2190 680 2224 A²v
718 2192 730 2234 ΙΙ
769 2194 811 2224 14
836 2202 1002 2225 mensum
1027 2190 1101 2233 R¹;
1131 2202 1320 2226 mensuum
1346 2192 1402 2233 A,-

71 2236 251 2271 mensium
276 2236 350 2271 R2v
376 2237 436 2280 (cf.
463 2247 490 2272 c.
517 2240 579 2280 13)
602 2238 614 2281 ΙΙ
639 2240 682 2271 23
710 2237 742 2271 si
767 2237 864 2271 enim
889 2237 961 2272 ΕΑ
986 2238 1066 2279 (vol.
1095 2238 1131 2282 Ι,
1158 2241 1219 2280 32,
1245 2242 1319 2280 22‚·
1344 2241 1399 2279 412

71 2287 155 2327 21),·
181 2283 277 2317 enim
303 2283 332 2318 si
357 2294 376 2318 v

143 2354 216 2372 Atia.
236 2354 277 2373 m:
297 2353 359 2373 cxv.
380 2354 444 2373 Dm.
462 2348 501 2372 IL
537 2360 541 2365 -
1076 2345 1121 2377 30
