1611 2465
44 718 85 748 10

47 1011 88 1040 15

48 1302 92 1332 20

57 1888 99 1917 30

106 85 191 126 302
642 91 669 116 S.
689 90 905 117 AUGUSTDJI

106 190 175 222 tua
207 185 336 230 ibunt,
368 183 441 220 hoc
474 187 533 220 est
562 192 671 231 „non
702 181 741 217 in
774 178 989 230 occultum,
1021 179 1088 217 sed
1121 180 1161 216 in
1194 179 1442 218 manifestum

107 249 172 281 tua
209 241 325 280 verba
366 236 606 278 1nittentur“.
670 238 718 276 In
755 239 1005 286 splendorem
1043 239 1335 276 coruscationis
1374 250 1440 276 ar-

107 312 258 339 morum
303 306 484 348 tuorum,
529 295 839 335 subaudiendum
884 301 944 333 est
991 295 1146 347 „iacula
1185 301 1249 333 tua
1294 292 1442 334 ibunt“.

108 358 265 397 Dixerat
290 359 393 396 enim
419 358 517 394 suis:
556 357 666 402 Quae
698 356 787 393 dico
821 355 927 392 vobis
960 356 1000 392 in
1032 355 1215 402 tenebris,
1249 356 1370 393 dicite
1403 356 1443 392 in

107 420 262 456 lumine.
314 417 362 454 In
389 416 690 454 comminatione
715 414 933 451 minorabis
959 418 1121 459 terram,
1153 413 1192 450 id
1226 419 1284 450 est
1315 424 1443 464 „com-

108 474 290 514 minando
321 473 543 512 humiliabis
569 467 781 510 homines“.
843 472 893 509 Et
926 473 965 508 in
993 470 1139 519 furore
1170 472 1318 509 deicies
1346 483 1443 519 qen-

110 540 177 581 tes,
210 534 299 583 quia
326 544 404 579 eos,
438 533 505 582 qui
531 543 573 569 se
600 530 780 581 exaltant,
812 529 1039 567 vindicando
1067 528 1250 567 confides.
1314 529 1449 567 Existi

111 595 151 631 in
193 594 361 630 salutem
394 593 534 640 populi
576 592 653 636 tui,
699 594 744 627 ut
783 590 911 626 salvos
950 587 1086 636 facias
1126 589 1297 626 christos
1338 592 1448 632 tuos‚·

111 652 252 689 misisti
282 652 323 688 in
355 652 491 698 capita
524 650 752 699 iniquorum
783 652 958 693 mortem,
991 645 1085 683 nihil
1118 646 1257 684 horum
1290 651 1350 684 est
1382 658 1445 683 ex-

111 708 347 760 ponendum.
410 708 613 746 Excitasti
648 708 808 745 vincula
840 717 965 752 usque
995 706 1052 742 ad
1081 707 1239 751 collum,
1279 709 1317 742 et
1348 704 1447 742 bona

112 768 174 806 hic
200 772 365 818 possunt
389 765 562 816 intellegi
587 765 739 803 vincula
765 764 989 814 sapientiae,
1020 768 1064 801 ut
1088 764 1296 800 iniciantur
1328 763 1449 813 pedes

113 828 151 865 in
178 825 386 876 compedes
414 826 498 863 eius
524 829 562 862 et
589 823 730 862 collum
762 823 801 860 in
834 828 1015 871 torquem
1048 822 1141 859 eius.
1205 822 1451 860 Praecidisti

114 888 154 923 in
185 890 346 934 stupore
383 885 539 930 mentis,
579 881 832 921 subaudimus
869 876 1101 932 „vincula“,
1133 880 1319 918 excitavit
1346 881 1449 917 enim

114 943 227 994 bona,
257 943 447 994 praecidit
479 941 587 993 mala,
619 940 666 979 de
699 939 841 991 quibus
874 940 910 988 ei
942 938 1103 976 dicitur:
1135 939 1337 987 Birupistz'
1366 939 1449 976 vin-

117 1004 208 1040 cula
246 1013 351 1049 mea,
396 1007 435 1039 et
472 1000 545 1037 hoc
583 1002 623 1037 in
660 1005 822 1047 stupore
853 999 1009 1044 mentis,
1048 997 1086 1034 id
1119 1002 1178 1034 est
1210 995 1450 1034 mirabiliter.

121 1061 262 1111 Capita
289 1062 510 1109 potentium
541 1059 800 1097 movebuntur
834 1058 874 1094 in
906 1067 971 1103 ea,
1003 1057 1042 1093 in
1076 1067 1119 1093 ea
1152 1054 1301 1092 scilicet
1333 1054 1450 1092 admi-

118 1120 277 1156 ratione.
339 1118 587 1166 Adaperient
612 1128 765 1155 morsus
789 1126 892 1161 suos,
923 1116 1029 1152 sicut
1053 1115 1172 1151 edens
1193 1125 1352 1162 pauper
1383 1114 1450 1151 ab·

117 1189 265 1216 sconse.
327 1176 512 1214 Potentes
554 1177 657 1213 enim
699 1173 853 1224 qnidam
890 1171 1122 1209 Iudaeorum
1161 1170 1367 1209 veniebant
1405 1170 1452 1209 ad

119 1235 323 1273 Dominum
356 1236 455 1272 facta
487 1235 571 1271 eius
604 1240 641 1271 et
673 1232 789 1270 verba
821 1232 962 1281 mirati,
994 1236 1032 1268 et
1063 1231 1281 1268 esurientes
1314 1241 1452 1280 panem

119 1294 318 1332 doctrinae
356 1292 641 1330 manducabant
678 1290 866 1328 absconse
906 1294 1068 1339 propter
1106 1294 1253 1326 metum
1293 1287 1451 1326 Iudaeo-

120 1364 220 1404 rum,
252 1353 353 1390 sicut
378 1363 444 1389 eos
470 1350 641 1401 prodidit
667 1348 918 1399 evangelium.
981 1348 1032 1384 Et
1057 1348 1241 1385 inmt'sistt'
1270 1348 1310 1384 in
1342 1357 1456 1385 mare

120 1422 240 1459 equos
272 1416 358 1449 tuos
390 1410 596 1447 turbantes
629 1420 754 1456 aquas
786 1409 939 1453 multas,
973 1417 1070 1455 quae
1104 1404 1197 1442 nihil
1229 1410 1320 1443 sunt
1351 1404 1454 1442 aliud

121 1481 236 1520 quam
268 1468 401 1519 populi
433 1467 562 1519 mult13
601 1479 677 1505 non
718 1467 819 1504 enim
854 1465 915 1502 alii
948 1466 1086 1503 timore
1119 1469 1455 1515 converterentur,

122 1528 185 1566 alii
217 1528 349 1565 furore
382 1531 734 1577 persequerentur,
776 1525 849 1561 nisi
882 1535 1016 1561 omnes
1050 1522 1313 1560 turbarentur.
1382 1522 1454 1560 Ob-

122 1588 299 1637 servavi,
337 1591 375 1624 et
411 1587 574 1633 expavit
610 1589 747 1622 venter
787 1594 895 1621 meus
926 1593 951 1620 a
982 1593 1077 1619 voce
1108 1582 1301 1619 orationis
1332 1581 1454 1619 labio-

124 1656 213 1683 rum
244 1655 442 1689 meorum;
480 1648 518 1681 et
554 1644 709 1681 introiit
739 1646 888 1679 tremor
920 1642 960 1678 in
995 1651 1084 1677 ossa
1116 1650 1220 1685 mea,
1252 1643 1290 1677 et
1319 1640 1457 1677 subtus

124 1715 184 1742 me
209 1704 373 1741 turbata
399 1706 457 1740 est
481 1702 673 1740 habitudo
704 1711 802 1738 mea.
865 1697 1034 1736 Intendit
1066 1699 1105 1735 in
1138 1709 1193 1749 ea,
1225 1708 1322 1747 quae
1354 1697 1456 1735 dice-

126 1762 201 1812 bat,
234 1766 272 1799 et
302 1762 386 1811 ipsa
411 1772 479 1799 sua
507 1765 566 1797 est
598 1759 771 1796 oratione
804 1758 1050 1808 perterritUS,
1082 1767 1196 1805 quam
1229 1755 1456 1806 prophetice

126 1819 312 1858 fundebat
338 1824 377 1856 et
402 1820 441 1856 in
469 1830 542 1868 qua
575 1818 705 1855 futura
739 1815 939 1865 cernebat3
972 1814 1138 1852 turbatis
1170 1815 1273 1852 enim
1304 1813 1458 1864 populis

128 1878 258 1916 multis
296 1877 390 1915 vidit
428 1878 663 1914 inminentes
702 1874 889 1912 ecclesiae
930 1872 1217 1922 tribulationes3
1256 1873 1458 1909 continuo-

128 1949 202 1986 que
235 1948 277 1974 se
309 1934 527 1973 membrum
559 1935 643 1971 eius
682 1933 836 1982 agnovit
867 1939 981 1980 atque
1014 1931 1082 1968 ait:
1123 1930 1387 1977 Requiescam
1421 1932 1460 1967 in

129 1997 194 2034 (tie
234 1995 523 2040 tribulationis,
569 1998 764 2041 tamquam
806 1989 850 2027 ad
893 2001 958 2027 eos
999 1990 1221 2038 pe1·tinens‚
1266 1989 1332 2038 qui
1370 1993 1461 2026 sunt

226 2108 260 2149 5>
285 2106 348 2140 Mt.
379 2110 432 2148 10,
460 2109 515 2139 27.
568 2105 624 2147 15)
651 2103 706 2137 ΡΒ.
736 2106 813 2143 115,
843 2106 893 2135 10.
946 2102 1004 2143 21>
1031 2100 1079 2135 10.
1110 2104 1163 2142 19,
1190 2104 1244 2134 38.

227 2263 247 2292 8
273 2258 386 2292 facias
413 2268 498 2299 mss3
524 2256 662 2290 faceres
687 2266 707 2289 v
727 2256 738 2298 ΙΙ
760 2258 800 2288 13
827 2252 1086 2287 subaudiamus
1111 2263 1132 2286 v

1596 736 1603 960 -ffl,„„⁴,
1596 693 1600 716 ,.
1596 663 1598 668 -
