1548 2562
441 171 492 197 DE
511 171 700 197 OIVITATE
719 172 789 197 DEI
808 173 840 197 L.
861 172 960 197 xxn.
980 172 1008 197 c.
1029 173 1053 197 20
1174 197 1177 199 ,
1333 163 1417 204 555

89 262 271 299 sauciatis
303 264 342 298 et
373 272 486 310 asper
519 260 684 311 quodam
718 260 831 298 modo
864 272 909 298 ex
942 261 1026 299 miti
1057 265 1096 299 et
1127 272 1173 299 ex
1205 260 1423 299 delectabili

88 318 275 357 molestus
307 318 493 369 efficitur,
535 330 623 356 cum
655 319 738 369 ipse
771 317 871 369 apud
904 330 944 356 se
976 319 1105 370 ipsum
1137 324 1289 357 maneat
1319 319 1422 357 idem

88 378 155 427 qui
187 377 269 415 fuit.
332 375 482 414 Dicitur
514 377 630 414 etiam
664 375 839 415 voluntas
871 375 958 428 Dei,
996 388 1110 427 quam
1142 377 1234 415 facit
1265 378 1304 415 in
1337 389 1421 415 cor-

87 434 202 472 dibus
228 433 518 472 oboedientium
546 433 735 472 mandatis
767 435 862 485 eius⁷
895 434 941 472 de
975 446 1049 485 qua
1081 434 1175 473 dicit
1206 434 1422 486 apostolus:

88 493 195 531 Deus
221 494 324 531 em'm
350 497 418 539 est,
450 494 519 540 qui
543 496 736 541 operatur
767 494 808 531 in
834 493 941 530 vobis
972 497 1011 531 et
1040 495 1148 541 velle,
1180 494 1282 532 sicut
1311 494 1421 532 iusti—

87 552 138 588 tia
171 550 241 588 Dei
282 562 357 588 non
399 549 522 588 solum
562 562 637 600 qua
674 551 757 600 ipse
796 551 922 588 iustus
961 556 1020 588 est
1058 550 1218 601 dicitur,
1259 551 1326 589 sed
1358 550 1422 589 illa

88 609 204 646 etiam
237 620 351 658 quam
383 609 421 646 in
454 607 622 659 homine,
655 609 721 658 qui
753 607 799 645 ab
831 607 895 646 illo
928 610 1172 660 iustificatur,
1204 610 1306 648 facit.
1358 609 1421 647 Sic

88 671 127 704 et
152 665 213 704 lex
239 667 323 704 eius
348 671 520 718 vocatur,
554 677 651 716 quae
678 667 807 717 potius
834 671 893 704 est
919 666 1131 719 hominum,
1164 667 1231 705 sed
1258 666 1304 706 ab
1337 669 1421 718 ipso

88 724 190 775 data3
224 735 311 762 nam
338 725 472 773 utique
499 723 676 762 homines
704 729 825 775 erant,
858 724 1000 774 quibus
1026 726 1078 763 ait
1104 725 1230 764 lesus:
1262 726 1310 764 In
1337 728 1422 774 leffe

88 787 220 820 vestra
257 784 450 831 scriptum
494 787 566 829 est,
612 794 700 820 cum
745 782 816 820 alio
862 782 946 820 loco
984 782 1174 833 legamus:
1220 783 1307 822 Lex
1347 784 1425 822 Dei

87 842 172 878 eius
210 842 249 879 in
289 842 412 879 corde
450 843 544 879 eius.
609 839 832 878 Secundum
871 841 969 879 hanc
1008 841 1266 894 voluntatem,
1308 853 1421 892 quam

89 897 191 936 Deus
235 903 420 949 operatur
461 900 499 936 in
545 898 784 950 hominibus,
827 900 941 937 etiam
979 899 1074 937 velle
1115 899 1275 952 dicitur,
1319 899 1421 950 quod

87 968 165 994 non
207 957 289 1007 ipse
329 955 432 1007 vult,
476 956 543 995 sed
584 968 675 995 suos
713 957 750 994 id
791 957 962 995 volentes
1001 958 1108 1009 facit3
1147 959 1249 996 sicut
1280 957 1422 996 dicitur

89 1016 330 1065 cognovisse,
363 1014 465 1064 quod
498 1018 541 1053 ut
573 1020 877 1065 cognosceretur
908 1015 1012 1065 fecit,
1044 1027 1064 1053 a
1097 1015 1238 1066 quibus
1270 1017 1421 1066 ignora-

88 1071 214 1110 batur.
275 1071 410 1122 Neque
438 1074 541 1111 enim
568 1072 720 1111 dicente
748 1072 939 1123 apostolo:
972 1074 1088 1112 Nunc
1114 1078 1245 1112 aulem
1278 1085 1421 1122 609ηο-

87 1134 241 1169 scentes
274 1130 411 1178 Deum,
445 1132 559 1169 immo
592 1132 745 1178 cognate·
775 1143 799 1168 a
826 1132 920 1181 Deo,
952 1131 1008 1169 fas
1042 1137 1100 1170 est
1132 1136 1175 1170 ut
1206 1131 1422 1184 credamus,

89 1187 191 1238 quod
226 1199 292 1226 eos
324 1194 419 1226 tunc
457 1190 683 1239 cognoverit
715 1187 817 1227 Deus
855 1191 1126 1239 praecognitos
1159 1195 1247 1228 ante
1280 1191 1421 1227 consti-

86 1247 278 1284 tutionem
319 1246 470 1298 mundi3
515 1246 582 1284 sed
624 1252 717 1285 tunc
762 1248 988 1297 cognovisse
1030 1247 1157 1286 dictus
1199 1253 1274 1299 est,
1320 1247 1421 1297 quod

85 1309 180 1342 tunc
221 1309 264 1342 ut
303 1310 607 1354 cognosceretur
646 1305 784 1343 effecit.
846 1304 899 1342 De
932 1305 992 1343 his
1024 1305 1265 1343 locutionum
1298 1306 1422 1343 modis

87 1363 161 1399 iam
194 1368 232 1400 et
263 1363 303 1400 in
330 1362 599 1413 superioribus
631 1362 740 1400 libris
773 1364 930 1401 memini
962 1363 1212 1414 disputatum.
1276 1362 1421 1402 Secun-

86 1420 178 1457 dum
204 1420 303 1458 hanc
330 1432 422 1471 ergo
448 1421 696 1472 voluntatem,
730 1433 803 1471 qua
836 1420 957 1459 Deum
990 1421 1085 1459 velle
1120 1421 1285 1459 dicimus
1319 1421 1421 1472 quod

86 1478 181 1515 alios
213 1478 333 1516 efficit
364 1477 478 1530 velle,
517 1491 536 1516 a
569 1478 713 1529 quihus
746 1479 877 1517 sutura
910 1481 1152 1532 nesciuntur,
1191 1479 1310 1518 multa
1343 1479 1422 1518 vult

86 1548 158 1574 nec
190 1536 292 1574 facit.

204 1593 323 1632 Multa
355 1595 457 1632 enim
498 1594 633 1633 volunt
671 1596 755 1633 fieri
788 1596 911 1633 sancti
944 1596 1027 1633 eius
1060 1595 1106 1633 ab
1138 1595 1203 1633 illo
1236 1597 1422 1646 inspirata

85 1657 219 1690 sancta
259 1651 475 1704 voluntate,
518 1665 590 1691 nec
632 1653 745 1701 fiunt,
786 1655 887 1691 sicut
926 1659 1037 1692 orant
1078 1665 1148 1704 pro
1190 1653 1421 1704 quibusdam
1475 1662 1487 1671 '

85 1711 149 1760 pie
182 1715 411 1762 sancteque,
450 1716 489 1748 et
521 1710 621 1760 quod
657 1717 769 1749 orant
800 1723 877 1749 non
910 1711 1018 1763 facit,
1057 1723 1145 1749 cum
1177 1712 1260 1762 ipse
1292 1713 1333 1750 in
1367 1713 1422 1750 eis

87 1768 187 1806 hanc
225 1768 362 1806 orandi
404 1768 640 1807 voluntatem
682 1774 815 1807 sancto
855 1769 1004 1820 Spiritu
1045 1781 1115 1808 suo
1158 1770 1307 1808 fecerit.
1369 1770 1421 1808 Ac

86 1837 156 1876 per
188 1825 280 1877 hoc,
318 1826 471 1876 quando
504 1827 720 1865 secundum
752 1826 875 1866 Deum
906 1827 1041 1866 volunt
1072 1833 1111 1865 et
1143 1833 1255 1866 orant
1287 1829 1422 1879 sancti,

87 1889 130 1921 ut
162 1885 325 1934 quisque
366 1885 416 1922 sit
454 1884 602 1936 salvus,
638 1897 847 1936 possumus
884 1884 947 1923 illo
980 1885 1093 1923 modo
1126 1885 1334 1924 locutionis
1367 1885 1420 1924 di-

85 1953 194 1980 cere:
224 1941 345 1994 „Vult
376 1941 479 1980 Deus
518 1948 556 1981 et
595 1955 671 1981 non
705 1940 841 1995 sacit“;
874 1949 917 1982 ut
947 1944 1075 1993 ipsum
1108 1943 1282 1982 dicamus
1314 1943 1421 1994 velle,

182 2055 214 2097 5)
239 2053 333 2087 Phil.
369 2057 407 2097 2,
444 2058 496 2088 13.
550 2056 606 2097 10)
632 2055 683 2089 10.
711 2060 748 2098 8,
783 2059 837 2089 17.
890 2056 945 2098 11)
971 2055 1026 2090 Ps.
1055 2059 1116 2098 36,
1150 2059 1205 2089 31.
1259 2056 1315 2099 16)
1342 2055 1420 2090 Gal.

85 2103 119 2141 4,
147 2103 176 2134 9.
230 2102 285 2151 18)
313 2103 342 2134 1.
370 2099 464 2134 Petr.
494 2105 525 2142 1,
552 2104 605 2134 20.

180 2230 200 2260 5
228 2226 325 2261 enim
352 2229 407 2261 est
431 2227 467 2262 R
491 2238 555 2263 sec.
578 2227 724 2270 Graee.;
751 2230 806 2262 est
832 2228 927 2262 enim
953 2240 972 2262 υ
992 2230 1004 2273 ΙΙ
1024 2232 1113 2263 5-'7
1140 2229 1323 2273 vulyarem
1347 2240 1421 2264 ver-

87 2273 212 2307 boo-um
236 2273 500 2309 distinctionem
533 2275 668 2318 „velle
719 2275 821 2309 Siout
848 2302 854 2308 .
883 2304 889 2310 .
917 2274 1022 2309 facit:
1056 2275 1138 2310 sic“
1164 2276 1303 2310 mutavi
1333 2277 1346 2320 ΙΙ
1379 2280 1418 2309 11

86 2319 193 2354 corde
219 2319 334 2364 ipsius
359 2331 379 2354 v
399 2322 410 2364 ΙΙ
432 2325 473 2354 13
499 2321 576 2365 ipse
602 2331 675 2355 non
699 2331 720 2355 v
740 2323 752 2366 ΙΙ
773 2325 815 2355 14
840 2321 930 2356 facit
954 2321 1026 2355 ΒΑ

1452 792 1492 822 10

1452 1082 1492 1110 15

1450 1953 1492 1982 30
