1548 2562
442 123 494 147 DE
514 122 703 147 orvaTE
722 122 792 146 DEI
810 122 845 147 L.
865 122 962 147 XVII.
984 122 1011 147 c.
1032 123 1055 148 5.
1331 113 1417 154 215

91 213 210 262 gessit
248 211 338 249 huie
377 210 621 248 succedendo
661 209 825 248 Samuel.
899 209 1066 248 Proinde
1107 222 1204 260 quae
1249 222 1418 261 sequun-

91 276 167 321 tur,
199 270 246 307 de
273 269 425 307 Christo
452 268 540 306 Iesu
566 269 655 306 novi
680 270 901 307 testamenti
927 280 1017 306 vero
1050 268 1249 306 sacerdote
1283 269 1418 307 dicun-

92 333 175 366 tur:
219 329 271 366 Et
311 327 509 365 suscitabo
547 327 644 364 mim·
679 329 927 365 sacerdotem
960 328 1134 374 fidelem,
1178 329 1248 375 qut
1286 330 1419 365 omnia

90 398 194 434 quae
237 388 277 424 tn
315 387 437 424 corde
473 395 557 422 meo
600 389 639 422 et
675 396 778 432 quae
816 388 854 423 in
894 387 1028 423 (mima
1065 396 1152 424 mea
1186 384 1339 433 facian
1383 391 1421 424 et

91 445 312 491 aedificabo
339 445 377 481 ez*
400 444 555 481 domum
577 444 745 489 fidelem.
795 442 880 492 Ipsa
906 448 965 481 est
991 448 1148 481 aeterna
1180 449 1218 481 et
1250 455 1418 494 superna

91 502 343 540 Hierusalem.
411 501 463 538 Et
506 501 709 551 transibit,
751 502 895 552 inquit,
946 513 1083 539 eoram
1131 502 1286 540 Christo
1335 513 1419 540 meo

90 562 268 599 omnibus
312 560 458 598 diebus.
535 558 736 597 Transibit
778 559 873 596 dixit
903 556 1274 611 „conve1·sabitur“;
1319 561 1420 598 sieut

89 620 270 669 superius
308 617 457 655 dixerat
494 616 540 655 de
586 616 699 654 domo
738 617 881 655 Aaron:
926 618 1039 655 Dixi:
1084 618 1230 656 Domus
1268 623 1338 656 tua
1383 623 1422 657 et

89 679 226 715 domus
246 678 379 725 patris
405 677 464 713 tui
488 676 717 713 transibunt
741 686 876 713 coram
903 687 963 714 me
990 677 1028 713 in
1050 680 1265 714 aeternum.
1308 676 1420 721 Quod

90 741 219 773 autem
255 736 321 772 ait:
368 734 510 772 Coram
552 734 707 771 Christo
744 745 827 771 meo
868 735 1071 781 transibit,
1112 734 1158 771 de
1191 735 1272 784 ipsa
1305 734 1418 772 domo

90 794 223 842 utique
261 791 564 842 intellegendum
605 797 680 842 est,
719 803 794 829 non
830 791 876 830 de
909 791 972 829 illo
1006 792 1224 844 sacerdote,
1263 794 1329 842 qui
1362 798 1421 831 est

89 850 267 889 Christus
306 852 387 900 ipse
429 850 617 887 mediator
649 856 763 899 atque
796 849 971 887 salvator.
1033 849 1178 888 Domus
1211 862 1303 900 ergo
1336 852 1419 888 eius

90 921 218 946 coram
245 908 308 946 illo
335 907 525 946 transibit.
574 907 708 945 Potest
735 913 772 945 et
799 909 986 945 transibit
1012 908 1183 957 intellegi
1215 908 1261 946 de
1295 914 1419 947 morte

88 966 135 1004 ad
162 968 290 1017 vitam,
316 967 492 1004 omnibus
519 967 667 1015 diebus,
694 965 834 1015 quibus
861 967 1060 1015 peragitur
1087 978 1210 1015 usque
1237 968 1276 1004 in
1303 967 1418 1004 finem

89 1025 233 1062 saeculi
263 1024 378 1062 liuius
410 1025 482 1062 ista
510 1023 733 1061 mortalitas.
796 1024 906 1068 Quod
940 1030 1068 1062 autem
1101 1026 1153 1062 ait
1184 1024 1305 1063 Deus:
1345 1026 1421 1071 Oui

88 1085 220 1121 omnia
251 1095 353 1130 quae
379 1084 418 1120 tn
445 1083 568 1120 corde
598 1093 682 1120 meo
715 1087 750 1120 et
782 1093 885 1129 qaae
916 1084 955 1120 in
989 1084 1123 1120 melma
1153 1094 1241 1120 mea
1270 1083 1420 1131 faeiat:

89 1153 166 1178 non
203 1140 438 1178 arbitremur
475 1139 617 1178 habere
656 1142 821 1177 animam
853 1139 992 1191 Deum,
1031 1152 1119 1178 oum
1161 1142 1210 1178 sit
1242 1142 1420 1179 eonditor

88 1201 254 1249 animae3
288 1198 354 1236 sed
387 1199 438 1236 ita
470 1198 542 1235 hoe
575 1198 620 1236 de
654 1197 732 1235 Deo
766 1199 932 1248 tropice,
966 1210 1041 1236 non
1074 1200 1231 1249 proprie
1265 1199 1420 1246 dicitur,

89 1259 189 1295 sieut
221 1268 357 1294 manus
397 1263 434 1294 et
472 1268 540 1306 pes
573 1262 611 1294 et
642 1255 712 1293 alia
745 1257 920 1306 eorporis
954 1256 1136 1294 membra.
1199 1256 1248 1295 Et
1280 1270 1327 1295 ne
1361 1269 1419 1295 se-

89 1315 258 1353 cundum
291 1314 364 1352 hoc
397 1314 578 1352 credatur
609 1314 724 1352 homo
756 1316 795 1352 in
828 1316 954 1351 carnis
987 1314 1102 1352 huius
1135 1315 1261 1365 effigie
1295 1316 1418 1353 sactus

88 1373 133 1411 ad
179 1374 385 1423 imaginem
428 1372 514 1420 Dei,
559 1372 753 1410 adduntur
797 1378 835 1410 et
878 1372 976 1423 alae,
1021 1385 1116 1422 quas
1161 1375 1296 1423 utique
1342 1386 1419 1411 non

88 1430 203 1469 habet
234 1431 366 1481 homo,
399 1436 437 1468 et
468 1430 610 1468 dicitur
643 1430 739 1469 Deo:
778 1431 860 1468 Sub
893 1432 1034 1469 umbra
1067 1433 1224 1470 alaram
1258 1437 1419 1470 tuarum

83 1494 269 1539 proteqes
313 1500 396 1533 me;
448 1494 491 1526 ut
538 1488 761 1538 intellegant
812 1488 988 1526 homiues
1032 1488 1078 1527 de
1128 1489 1190 1527 illa
1234 1489 1419 1528 iness‘ahiIi

89 1552 249 1598 natura,
299 1559 376 1584 non
426 1548 619 1597 propriis,
675 1546 743 1584 sed
794 1547 988 1584 translatis
1039 1559 1170 1585 rerum
1222 1548 1418 1586 vocabulis

89 1607 160 1643 ista
193 1605 278 1643 diei.

206 1662 317 1708 Quod
354 1674 445 1700 vero
484 1662 723 1712 adiungitur:
768 1662 820 1700 Et
859 1664 951 1709 erit,
996 1664 1067 1710 quz'
1095 1666 1347 1711 superaverit
1378 1666 1419 1701 in

88 1723 200 1759 domo
232 1726 312 1767 tua,
345 1722 474 1759 veniet
505 1722 683 1759 adorare
714 1722 767 1767 et,
800 1732 877 1757 non
910 1721 1066 1770 proprie
1099 1720 1146 1758 de
1179 1720 1292 1759 domo
1325 1721 1418 1760 dici-

88 1784 152 1817 tur
183 1779 298 1817 huius
325 1777 422 1829 Heli,
454 1778 522 1816 sed
553 1778 656 1816 illius
688 1778 827 1829 Aaron,
859 1777 905 1815 de
938 1790 1013 1828 qua
1044 1790 1168 1829 usque
1202 1779 1247 1817 ad
1280 1779 1417 1817 adven-

87 1842 170 1875 tum
213 1836 301 1874 Iesu
341 1836 484 1874 Christi
528 1836 703 1874 homines
743 1842 1034 1887 remanserunt,
1072 1836 1118 1874 de
1159 1849 1235 1887 quo
1274 1849 1417 1887 genere

86 1896 203 1932 etiam
235 1906 337 1933 nune
370 1907 494 1945 usque
533 1906 609 1932 non
642 1894 792 1932 desunt.
855 1894 949 1932 Nam
983 1894 1028 1933 de
1062 1894 1123 1933 illa
1155 1895 1268 1933 domo
1301 1895 1416 1934 huius

87 1951 173 1990 Heli
209 1954 283 1990 iam
321 1965 438 2003 supra
480 1952 626 1991 dietum
665 1958 765 1990 erat:
812 1953 863 1990 Et
899 1955 1023 1991 omnis
1061 1955 1130 2001 qai
1165 1956 1420 2001 superaverit

86 2012 222 2049 domus
249 2016 351 2057 tuae,
385 2013 570 2050 decident
594 2013 631 2049 in
657 2012 794 2058 qlade'o
821 2013 1008 2049 virorum.
1072 2011 1156 2056 Quo
1184 2011 1297 2048 modo
1324 2024 1416 2062 ergo

180 2113 237 2154 23)
264 2111 322 2145 Ps.
350 2115 402 2153 16,
430 2114 461 2145 8.

182 2230 222 2260 19
249 2236 312 2270 pes
338 2225 431 2266 RF,·
463 2226 573 2270 pedes
601 2227 657 2261 Av
695 2228 706 2271 ΙΙ
743 2231 786 2261 23
813 2229 983 2272 proteges
1009 2225 1154 2270 R¹AF;
1181 2228 1334 2273 protege
1360 2239 1379 2262 v
1406 2228 1419 2274 Η

85 2275 128 2306 32
155 2271 323 2307 decident
348 2271 440 2313 RF,-
466 2272 610 2307 decidet
634 2272 691 2308 Av

1447 742 1490 772 10

1448 1032 1490 1062 15

1445 1323 1490 1353 20

1446 1613 1489 1644 25

1444 1903 1487 1934 30
