1548 2562
428 128 480 153 DE
500 128 688 154 CIVITATE
708 129 777 154 DEI
797 129 828 153 L.
848 129 930 153 XIV.
950 129 978 154 O.
998 130 1022 154 3.
1041 130 1066 154 4.
1384 121 1409 161 9

88 219 153 268 qui
184 229 261 255 non
294 216 416 255 solum
449 217 629 269 mendax,
667 230 801 256 verum
833 219 948 256 etiam
979 217 1168 255 mendacii
1199 223 1308 268 pater
1340 224 1410 256 est.

85 275 239 313 Primus
272 281 331 314 est
361 277 502 326 quippe
543 277 747 328 mentitus,
784 281 822 315 et
852 288 872 314 a
905 288 979 327 quo
1011 282 1230 327 peccatum,
1269 276 1314 314 ab
1346 276 1409 314 illo

87 335 214 384 coepit
246 345 330 372 esse
362 334 616 372 mendacium.

621 458 773 500 CAPUT
805 459 878 501 IV.

150 545 255 591 Quid
283 545 334 582 sit
363 544 580 582 secundum
611 545 816 591 hominem,
849 546 947 591 quid
975 549 1105 584 autem
1136 547 1353 584 secundam

597 602 723 640 Deum
753 604 895 640 vivere.

203 682 299 722 Cum
337 695 428 733 ergo
466 685 558 721 vivit
594 683 708 721 homo
747 683 961 721 secundum
993 684 1206 736 hominem,
1243 697 1319 723 non
1353 697 1409 724 se-

86 741 255 780 cundum
293 741 435 793 Deum,
477 742 612 780 similis
651 747 710 780 est
747 741 914 793 diabolo;
959 744 1048 792 quia
1080 755 1151 780 nec
1184 743 1318 793 angelo
1351 756 1409 782 se-

86 800 255 839 cundum
288 800 484 852 angelum,
517 800 583 838 sed
616 800 830 838 secundum
862 800 985 838 Deum
1018 802 1221 839 vivendum
1254 802 1336 853 fuit,
1368 808 1411 841 ut

86 864 206 897 staret
230 860 270 896 in
296 860 456 896 veritate
488 864 527 897 et
558 860 759 896 veritatem
791 858 836 896 de
869 858 984 909 illius,
1015 871 1091 897 non
1125 860 1171 897 de
1204 872 1274 898 suo
1306 873 1409 898 men-

85 917 237 955 dacium
280 916 516 967 loqueretur.
578 917 672 955 Nam
717 923 755 955 et
798 917 844 954 de
882 917 1036 955 homine
1074 917 1146 955 alio
1186 918 1269 956 loco
1310 919 1412 957 idem

85 974 282 1026 apostolus
326 977 395 1014 ait:
439 976 484 1013 Se‘
525 980 656 1014 autem
700 978 847 1014 veritas
886 976 963 1014 Dei
1004 978 1045 1014 in
1082 988 1166 1014 meo
1203 979 1411 1016 mendacio

86 1035 314 1072 abundavit.
387 1033 572 1072 Nostrum
621 1034 716 1072 dixit
764 1033 1031 1085 mendacium,
1080 1036 1283 1073 veritatem
1332 1036 1410 1073 Dei.

87 1091 184 1130 Cum
227 1093 355 1142 itaque
399 1093 491 1130 vivit
533 1092 647 1130 homo
687 1092 901 1130 secundum
942 1094 1161 1140 veritatem,
1206 1106 1283 1131 non
1322 1096 1412 1132 vivit

86 1150 301 1189 secundum
327 1162 368 1188 se
394 1152 533 1202 ipsum,
566 1151 632 1188 sed
660 1150 874 1188 secundum
900 1150 1033 1189 Deum.
1095 1151 1199 1189 Deus
1225 1157 1284 1190 est
1310 1154 1411 1190 enim

86 1211 151 1259 qui
189 1208 301 1247 dixit:
345 1209 430 1256 qu
467 1221 552 1247 sum
590 1212 748 1247 veritas.
810 1208 907 1247 Cum
945 1221 1035 1247 vero
1076 1211 1166 1248 vivit
1198 1211 1412 1249 secundum

86 1279 126 1305 se
170 1268 315 1319 ipsum,
358 1267 431 1305 hoc
476 1273 534 1306 est
572 1267 786 1305 secundum
824 1267 1037 1319 hominem,
1081 1280 1158 1305 non
1198 1269 1413 1307 secundum

86 1325 228 1376 Deum,
270 1326 445 1376 profecto
497 1326 710 1364 secundum
760 1326 1003 1364 mendacium
1047 1327 1155 1377 vivit3
1204 1339 1279 1365 non
1324 1329 1412 1378 quia

85 1383 200 1422 homo
226 1385 308 1434 ipse
336 1384 579 1422 mendacium
605 1390 675 1436 est,
707 1396 795 1422 cum
828 1386 876 1422 sit
909 1385 992 1422 eius
1024 1390 1158 1423 auctor
1191 1391 1228 1423 et
1261 1392 1413 1424 creator

85 1441 200 1494 Deus,
233 1443 299 1492 qui
324 1454 402 1480 non
429 1448 488 1481 est
518 1444 651 1493 utique
685 1448 819 1481 auctor
851 1449 1080 1493 creatorque
1112 1444 1314 1495 mendacii,
1346 1445 1413 1482 sed

86 1502 174 1551 quia
217 1500 331 1539 homo
378 1502 430 1539 ita
469 1502 593 1539 sactus
636 1506 694 1539 est
732 1507 884 1553 rectus7
930 1507 971 1539 ut
1009 1514 1085 1539 non
1124 1503 1338 1540 secundum
1372 1515 1412 1541 se

85 1560 231 1610 ipsum,
270 1559 336 1597 sed
370 1559 585 1597 secundum
618 1571 723 1611 eum,
755 1572 774 1598 a
807 1571 882 1609 quo
916 1560 1039 1598 sactus
1072 1565 1147 1611 est,
1179 1561 1342 1610 viveret,
1376 1561 1413 1599 id

86 1622 145 1655 est
176 1617 278 1655 illius
302 1619 446 1668 vpotius
485 1630 599 1668 quam
641 1630 749 1655 suam
790 1618 934 1655 faceret
967 1618 1222 1657 voluntatem:
1253 1631 1331 1657 non
1362 1621 1414 1657 ita

85 1677 233 1726 vivere,
277 1687 392 1725 quem
435 1676 481 1713 ad
520 1676 676 1713 modum
714 1681 772 1714 est
809 1676 933 1714 sactus
970 1681 1014 1714 ut
1045 1678 1207 1728 viveret,
1250 1677 1323 1715 hoc
1355 1682 1415 1716 est

86 1733 342 1772 mendacium.
402 1733 543 1772 Beatus
584 1735 726 1784 quippe
764 1734 845 1772 vult
881 1746 966 1772 esse
1005 1735 1119 1772 etiam
1158 1747 1236 1773 non
1274 1737 1329 1773 sic
1361 1738 1412 1774 vi-

85 1791 208 1829 vendo
236 1797 279 1830 ut
303 1793 427 1842 possit
452 1804 548 1830 esse.
611 1792 711 1837 Quid
739 1798 798 1830 est
828 1794 901 1831 ista
933 1792 1129 1831 voluntate
1162 1791 1414 1832 mendacius?

85 1848 195 1887 Unde
232 1862 310 1888 non
348 1850 492 1888 frustra
530 1850 606 1888 dici
646 1856 775 1901 potest
806 1863 918 1889 omne
950 1857 1152 1901 peccatum
1191 1864 1275 1890 esse
1308 1864 1413 1890 men-

87 1908 249 1946 dacium.-
310 1907 395 1946 Non
434 1910 535 1947 enim
576 1910 618 1947 fit
655 1915 858 1959 peccatum
896 1911 971 1947 nisi
1010 1921 1053 1947 ea
1086 1909 1298 1962 voluntate,
1340 1923 1412 1961 qua

86 1965 262 2004 volumus
288 1972 332 2005 ut
356 1966 455 2005 bene
488 1968 538 2006 sit
568 1966 678 2005 nobis
710 1967 768 2005 vel
795 1967 974 2006 nolumus
1006 1974 1049 2006 ut
1081 1967 1177 2005 male
1210 1970 1260 2007 sit
1290 1969 1412 2008 nobis.

1440 868 1482 899 10

1441 1159 1481 1190 15

1439 1742 1482 1773 25

86 2023 188 2074 Ergo
226 2025 470 2063 mendacium
511 2031 586 2077 est,
625 2026 744 2077 quod,
783 2038 871 2064 cum
910 2027 973 2064 fiat
1005 2031 1048 2064 ut
1078 2025 1176 2064 hene
1209 2028 1259 2065 sit
1291 2027 1413 2079 nobis7
1439 2035 1483 2065 30

181 2114 237 2157 13)
262 2113 365 2148 Rom.
392 2118 424 2157 3,
453 2118 482 2148 7.
535 2115 590 2157 16)
615 2115 666 2150 Io.
696 2118 747 2158 14,
774 2119 805 2149 6.

181 2244 200 2275 5
227 2241 315 2285 quid
341 2244 463 2277 autem
497 2242 547 2283 V‚·
579 2242 712 2286 quidve
736 2254 756 2276 v
788 2244 799 2286 ΙΙ
833 2247 873 2277 13
900 2244 1064 2277 nostrum
1090 2253 1178 2284 mss‚·
1209 2243 1331 2278 Meum
1356 2255 1375 2278 v
1402 2244 1411 2290 Η

87 2291 129 2321 23
156 2299 229 2322 non
262 2288 351 2330 VA;
376 2300 448 2324 non
474 2290 596 2323 autem
621 2300 641 2323 v
