1611 2465
101 699 142 729 10

100 992 142 1022 15

99 1284 142 1315 20

99 1577 142 1607 25

98 1868 142 1898 30

169 67 255 107 270
707 74 733 100 s.
753 74 971 101 AUGUS'HNI

169 177 251 203 ram
289 166 560 215 promissionis
599 165 769 215 accepit,
808 175 916 202 sacra
956 170 1047 203 sunt
1086 166 1264 204 instituta
1296 165 1369 203 diis
1403 165 1507 205 falsis

169 237 190 262 a
239 223 397 274 regibus
442 223 644 274 Graeciae,
695 234 792 272 quae
838 224 1065 260 memoriam
1109 223 1241 262 diluvii
1289 229 1327 262 et
1371 224 1417 262 ab
1461 237 1506 263 eo

168 282 410 320 liberationis
442 282 643 319 hominum
683 282 860 330 vitaeque
900 286 995 319 tunc
1027 293 1280 321 aerumnosae
1314 282 1428 321 modo
1461 283 1506 321 ad

169 341 254 392 alta,
287 340 401 378 modo
429 340 474 378 ad
501 339 614 390 plana
647 340 898 389 migrantium
930 339 1107 378 sollemni
1140 340 1366 379 celebritate
1399 353 1506 379 revo-

170 405 318 437 carunt.
380 397 477 436 Nam
510 404 548 436 et
579 397 848 448 Lupercorum
887 410 957 448 per
989 411 1137 436 sacram
1172 401 1267 437 viam
1301 411 1506 439 ascensum

169 464 284 507 atque
323 456 556 495 descensum
596 458 651 495 sic
688 458 1018 509 interpretantur,
1056 463 1097 495 ut
1130 457 1176 495 ab
1208 459 1264 496 eis
1297 459 1507 509 significari

169 517 300 555 dicant
336 515 532 567 homines,
570 517 637 565 qui
674 521 836 566 propter
873 527 993 566 aquae
1033 516 1325 554 inundationem
1357 529 1507 555 summa

169 576 361 613 montium
405 586 452 624 pe
473 575 628 612 iverunt
671 580 711 612 et
753 585 892 612 rursus
937 574 1071 612 eadem
1109 574 1305 613 residente
1344 575 1388 613 ad
1432 577 1507 613 ima

169 633 383 671 redierunt.
454 632 523 670 His
568 631 811 683 temporibus
851 632 1082 684 Dionysum,
1124 635 1190 683 qui
1232 635 1349 672 etiam
1390 633 1507 672 Liber

169 697 280 743 pater
306 691 433 729 dictus
460 697 519 729 est
545 697 584 729 et
609 696 699 742 post
724 696 890 729 mortem
917 690 1013 729 deus
1039 691 1206 743 habitus,
1232 693 1349 730 vitem
1375 693 1508 731 ferunt

168 750 387 789 ostendisse
414 751 454 788 in
480 750 606 788 Attica
632 756 736 788 terra
769 749 912 800 hospiti
945 761 1062 804 suoy
1089 750 1199 788 Tunc
1227 751 1393 801 Apollini
1420 751 1505 789 Del-

168 809 283 860 phico
326 810 496 847 instituti
538 814 630 846 sunt
667 808 748 846 ludi
788 809 951 859 musici,
995 803 1038 846 ut
1069 808 1290 859 placaretur
1322 811 1378 847 ira
1411 811 1507 862 eius,

170 880 244 918 qua
282 866 471 918 putabant
512 867 684 905 adflictas
723 879 808 904 esse
848 866 1052 905 sterilitate
1092 867 1276 905 Graeciae
1314 869 1507 920 regiones,

170 928 259 977 quia
303 938 381 964 non
426 925 673 964 defenderint
711 925 900 976 templum
939 927 1045 977 eius,
1090 925 1192 976 quod
1234 938 1303 964 rex
1342 925 1507 978 Danaus,

170 997 258 1023 cum
291 984 447 1022 easdem
478 990 604 1022 terras
636 983 736 1021 bello
769 985 986 1035 invasisset,
1017 984 1202 1022 incendit.
1265 984 1344 1023 Hos
1376 991 1506 1024 autem

168 1043 280 1081 ludos
313 1048 356 1081 ut
380 1044 645 1094 instituerent,
676 1041 834 1080 oraculo
867 1048 958 1080 sunt
990 1044 1074 1080 eius
1106 1042 1303 1081 admoniti.
1365 1043 1408 1082 In
1440 1045 1504 1082 At-

168 1103 244 1140 tica
278 1113 367 1139 vero
400 1113 469 1139 rex
501 1100 780 1139 Erichthonius
813 1102 848 1138 ei
879 1100 991 1138 ludos
1023 1102 1172 1151 primus
1204 1103 1395 1154 instituit,
1434 1114 1506 1140 nec

169 1162 205 1198 ei
237 1165 405 1211 tantum,
447 1159 514 1197 sed
548 1161 663 1197 etiam
696 1159 908 1210 Minervae,
945 1158 1012 1197 ubi
1044 1161 1260 1209 praemium
1292 1160 1506 1199 victoribus

170 1218 298 1256 oleum
336 1217 572 1268 ponebatur,
611 1218 714 1267 quod
754 1218 838 1255 eius
876 1218 1028 1256 fructus
1067 1219 1323 1257 inventricem
1362 1218 1504 1257 Miner-

170 1288 271 1324 vam,
311 1278 413 1314 sicut
443 1278 522 1314 vini
553 1275 738 1314 Liberum
770 1275 940 1314 tradunt.
1002 1275 1077 1313 Per
1110 1288 1176 1314 eos
1208 1288 1330 1314 annos
1362 1289 1383 1315 a
1413 1289 1505 1328 rege

169 1334 323 1373 Xantho
356 1334 614 1386 Cretensium,
647 1336 758 1372 cuius
791 1334 892 1385 apud
924 1334 1018 1372 alios
1050 1334 1152 1373 aliud
1186 1347 1327 1372 nomen
1358 1336 1504 1374 inveni—

169 1406 273 1445 mus,
305 1398 414 1444 rapta
447 1392 676 1443 perhibetur
708 1392 882 1444 Europa,
921 1398 958 1430 et
990 1392 1078 1430 inde
1111 1394 1233 1443 geniti
1265 1393 1504 1432 Rhadaman-

170 1452 278 1503 thus,
312 1451 513 1502 Sarpedon
547 1457 585 1489 et
622 1451 765 1502 Minos,
798 1463 895 1501 quos
936 1453 1055 1501 magis
1097 1464 1143 1489 ex
1177 1452 1310 1490 eadem
1342 1452 1505 1491 muliere

170 1510 268 1548 filios
306 1509 406 1547 lovis
445 1522 530 1548 esse
568 1509 767 1559 vulgatum
807 1515 877 1547 est.
940 1509 1014 1547 Sed
1055 1510 1188 1548 talium
1230 1510 1393 1548 deorum
1425 1510 1504 1549 cul-

171 1575 276 1607 tores
308 1568 420 1620 illud,
459 1568 562 1618 quod
595 1568 641 1606 de
674 1580 764 1617 rege
799 1567 1042 1606 Cretensium
1076 1567 1259 1620 diximus,
1298 1568 1504 1607 historicae

171 1628 335 1678 veritati,
366 1626 439 1664 hoc
472 1632 618 1678 autem,
652 1626 755 1676 quod
788 1626 834 1663 de
868 1626 955 1664 Iove
987 1631 1122 1676 poetae
1157 1632 1323 1677 cantant,
1355 1627 1505 1666 theatra

170 1691 420 1736 concrepant,
451 1685 584 1735 populi
617 1684 833 1735 celebrant,
865 1686 1023 1722 vanitati
1056 1684 1244 1735 deputant
1276 1685 1505 1737 fabularum,

170 1751 213 1782 ut
245 1749 349 1782 esset
381 1743 483 1781 unde
522 1743 603 1781 ludi
636 1744 774 1781 fierent
806 1743 1001 1793 placandis
1034 1743 1259 1781 numinibus
1292 1745 1406 1782 etiam
1439 1743 1504 1782 fal-

170 1804 223 1840 sis
256 1813 393 1839 eorum
426 1801 665 1839 criminibus.
729 1800 796 1838 llis
828 1801 1070 1852 temporibus
1103 1801 1290 1839 Hercules
1322 1803 1361 1839 in
1395 1801 1504 1852 Syria

171 1861 298 1898 clarus
337 1859 570 1910 habebatur3
615 1859 683 1897 sed
722 1860 906 1897 nimirum
944 1859 1060 1910 alius,
1105 1871 1181 1896 non
1219 1859 1303 1909 ille,
1347 1859 1394 1898 de
1427 1872 1503 1910 quo

171 1930 288 1968 supra
332 1918 453 1956 locuti
497 1929 643 1955 sumus.
685 1916 935 1954 ‘Secretiore
979 1918 1122 1967 quippe
1167 1917 1327 1954 historia
1370 1917 1504 1968 plures

170 1978 291 2014 fuisse
324 1977 508 2014 dicuntur
541 1981 579 2014 et
610 1974 741 2013 Liberi
771 1981 902 2025 patres
935 1980 974 2012 et
1005 1974 1204 2013 Hercules.
1268 1975 1379 2013 llunc
1412 1987 1503 2014 sane

169 2034 397 2081 Herculem,
430 2037 541 2072 cuius
573 2035 743 2083 ingentia
776 2033 981 2071 duodecim
1015 2034 1111 2071 facta
1145 2036 1370 2085 numerant,
1402 2035 1504 2072 inter

170 2104 268 2143 quae
300 2094 437 2131 Antaei
469 2093 552 2130 Afri
584 2103 719 2130 necem
759 2104 835 2129 non
869 2097 1192 2143 commemorant,
1229 2091 1332 2141 quod
1366 2104 1409 2130 ea
1441 2104 1503 2130 res

265 2244 280 2272 1
309 2239 475 2283 promiss.
503 2238 596 2280 RA‚·
620 2238 826 2282 repromiss.
853 2249 873 2272 v
893 2240 904 2281 ΙΙ
924 2242 943 2271 9
970 2238 1176 2283 dionysium
1202 2248 1271 2273 mss

1590 1987 1595 1996 ”
1596 1735 1611 1954 ’ἓ”·“-οσ,α-,..-ι-ι
1609 1723 1611 1728 .
1604 1369 1611 1713 m.—a————-..-.
