1495 2489
73 474 92 504 5

53 1056 93 1087 15

50 1345 94 1375 ‘20

52 1634 95 1664 25

53 1925 98 1955 30

120 132 201 174 118
651 139 678 166 s.
698 139 915 166 AUGUS'HNI

117 243 236 282 genes
270 243 347 270 non
380 230 620 280 ineleganter
658 230 840 279 astruxit,
880 227 1038 279 Moysen
1071 229 1220 267 scilicet
1252 228 1448 266 hominem

118 290 187 328 Dei
228 292 447 336 eruditum,
486 290 588 325 sicut
620 289 808 337 scriptum
841 292 916 337 est,
954 289 1061 325 omm'
1089 289 1288 336 sapientia
1320 288 1447 335 ,4899-

114 351 311 399 phorum,
353 348 419 397 qui
456 347 732 396 geometricam
773 344 1013 396 dilexerunt,
1053 346 1288 396 geometrica
1321 344 1450 383 cubita

119 407 337 457 significare
370 406 556 455 potuisse,
588 403 654 441 ubi
686 415 807 441 unum
840 408 1027 453 quantum
1060 415 1126 441 sex
1158 409 1292 441 nostra
1324 403 1473 445 valere

120 464 371 514 adseverant,
412 464 498 512 quis
543 474 620 500 non
662 461 787 499 videat
828 466 1015 511 quantum
1053 473 1186 499 rerum
1218 473 1356 512 capere
1388 461 1451 499 illa

118 524 245 574 potuit
272 517 524 571 magnitudo?
567 519 662 558 Nam
687 519 781 558 illud
802 519 905 569 quod
927 519 1126 570 disputant
1150 525 1279 557 tantae
1307 521 1450 570 magni-

120 581 266 619 tudinis
307 591 436 617 arcam
481 590 557 616 non
598 579 771 628 potuisse
814 579 1015 628 conpingi,
1063 579 1304 628 ineptissime
1347 577 1448 616 calu-

121 641 334 688 mniantur,
373 649 463 675 cum
500 638 624 675 sciant
663 638 858 674 inmensas
891 635 1008 673 urbes
1041 636 1160 673 fuisse
1193 640 1452 687 constructas,

120 709 191 735 nec
229 695 445 734 adtendunt
482 700 640 733 centum
677 706 816 745 annos,
857 693 999 744 quibus
1031 705 1119 732 arca
1149 693 1212 731 illa
1245 699 1304 732 est
1336 693 1451 732 sabri-

53 767 67 795 1
120 762 220 806 cata3
264 755 339 792 nisi
379 754 478 792 forte
519 752 615 803 lapis
655 752 771 803 lapidi
812 752 1023 790 adhaerere
1060 757 1190 802 potest
1227 752 1306 790 sola
1348 752 1451 790 calce

121 815 367 863 coniunctus,
389 817 431 850 ut
456 822 592 849 murus
618 823 689 861 per
709 815 766 848 tot
786 810 889 848 milia
915 811 1214 861 circumagatur,
1240 816 1279 848 et
1304 810 1452 860 lignum

119 872 223 922 ligno
254 883 325 922 per
358 869 600 920 suscudines,
632 870 774 920 epiros,
805 868 944 919 clavos,
976 867 1109 918 gluten
1140 867 1343 906 bituminis
1374 880 1452 907 non

118 935 249 982 potest
273 928 496 979 adhaerere,
528 932 571 965 ut
596 926 808 965 fabricetur
833 938 920 964 arca
953 938 1031 964 non
1063 927 1203 978 curvis,
1235 926 1302 964 sed
1334 928 1452 965 rectis

119 989 232 1026 lineis
264 987 377 1037 longe
405 986 556 1035 lateque
584 990 776 1036 porrecta,
808 996 923 1034 quam
956 984 1084 1022 nullus
1115 986 1155 1022 in
1188 996 1293 1022 mare
1326 986 1453 1023 mittat

121 1051 282 1085 conatus
315 1045 533 1096 hominum,
572 1043 637 1081 sed
671 1042 771 1081 levet
802 1042 922 1094 unda,
961 1054 1050 1080 cum
1082 1044 1248 1093 venerit,
1287 1043 1452 1081 naturali

120 1105 255 1142 ordine
276 1102 505 1154 ponderum,
526 1103 724 1151 magisque
745 1101 871 1138 divina
890 1100 1131 1151 providentia
1152 1112 1266 1150 quam
1287 1100 1453 1139 humana

120 1162 327 1213 prudentia
377 1166 573 1198 natantem
622 1158 838 1210 gubernet,
894 1170 941 1197 ne
991 1160 1166 1196 incurrat
1215 1158 1452 1209 ubicumque

122 1221 377 1269 naufragium.

239 1277 350 1322 Quod
388 1282 518 1315 autem
555 1275 894 1326 scrupulosissime
933 1276 1067 1325 quaeri
1105 1274 1203 1313 solet
1240 1274 1287 1312 de
1328 1276 1453 1313 minu-

123 1337 282 1375 tissimis
308 1335 495 1386 bestiolis,
528 1346 604 1372 non
631 1333 757 1372 solum
788 1333 921 1383 quales
954 1339 1046 1371 sunt
1077 1344 1209 1371 mures
1241 1338 1280 1371 et
1311 1332 1453 1371 stellio-

122 1406 204 1445 nes,
235 1404 371 1431 verum
404 1394 519 1431 etiam
552 1391 683 1442 quales
716 1391 910 1442 lucustae,
943 1390 1126 1438 scarabei,
1159 1402 1315 1429 muscae
1348 1391 1453 1429 deni-

121 1464 197 1503 que
230 1456 268 1489 et
299 1451 468 1502 pulices,
506 1456 638 1488 utrum
677 1462 753 1487 non
786 1449 983 1500 amplioris
1015 1450 1168 1487 numeri
1200 1450 1239 1487 in
1271 1461 1359 1487 arca
1390 1448 1453 1488 illa

121 1511 279 1560 fuerint,
311 1521 425 1559 quam
458 1510 524 1558 qui
556 1514 615 1546 est
646 1507 840 1558 delinitus,
872 1519 962 1545 cum
993 1507 1065 1544 hoc
1098 1509 1308 1557 imperaret
1340 1507 1455 1558 Deus,

121 1570 231 1619 prius
258 1566 490 1605 admonendi
516 1571 618 1617 sunt,
650 1577 748 1616 quos
774 1565 869 1603 haec
901 1570 1068 1616 movent,
1100 1567 1155 1603 sic
1187 1565 1455 1616 accipiendum

122 1638 208 1665 esse
254 1625 356 1676 quod
398 1625 545 1663 dictum
586 1629 662 1662 est:
712 1625 823 1670 Quae
859 1628 1005 1672 repunt
1040 1635 1161 1672 super
1202 1628 1371 1671 terram,
1413 1629 1456 1662 ut

121 1695 282 1722 necesse
327 1695 404 1720 non
446 1684 564 1721 fuerit
601 1683 824 1720 conservari
860 1683 899 1719 in
941 1693 1046 1732 arca,
1090 1693 1187 1732 quae
1219 1687 1383 1732 possunt
1415 1683 1454 1719 in

121 1744 231 1792 aquis
258 1743 399 1792 vivere,
430 1753 509 1778 non
542 1740 667 1778 solum
700 1751 838 1791 mersa,
870 1741 972 1777 sicut
1003 1741 1142 1791 pisces,
1173 1751 1308 1778 verum
1340 1741 1456 1778 etiam

123 1800 431 1851 supernatantia,
476 1800 578 1836 sicut
614 1797 758 1836 multae
797 1797 918 1836 alites.
980 1796 1125 1836 Deinde
1165 1809 1253 1836 cum
1295 1797 1456 1836 dicitur:

124 1859 330 1897 Masculus
362 1862 399 1895 et
425 1856 578 1904 semina
610 1861 745 1902 erunt,
790 1855 967 1907 profecto
999 1855 1237 1905 intellegitur
1268 1855 1314 1894 ad
1346 1867 1455 1906 repa-

124 1916 288 1954 randum
329 1926 452 1965 genus
496 1914 588 1965 dici3
633 1926 675 1952 ac
713 1925 784 1964 per
821 1913 893 1951 hoc
932 1925 1003 1951 nec
1042 1912 1103 1951 illa
1137 1924 1297 1951 necesse
1330 1913 1457 1952 fuerat

123 1974 175 2012 ibi
202 1986 301 2023 esse,
334 1985 430 2023 quae
457 1978 621 2022 possunt
647 1973 729 2009 sinc
762 1970 972 2010 concubitu
1006 1971 1052 2009 de
1085 1970 1305 2022 quibusque
1338 1971 1456 2011 rebus

123 2031 181 2069 vel
221 2043 352 2069 rerum
392 2029 709 2081 corruptionibus
747 2031 873 2080 nasci3
912 2029 969 2066 vel
1002 2031 1035 2067 si
1067 2029 1247 2079 suerunt,
1284 2030 1386 2069 sicut
1417 2031 1457 2068 in

218 2122 251 2162 1)
277 2119 412 2154 Homil.
441 2124 471 2154 2.
498 2119 535 2152 in
561 2118 690 2152 Genes.
741 2120 775 2160 3)
803 2118 881 2152 Act.
910 2121 941 2160 7,
968 2121 1023 2151 22.

218 2250 238 2280 9
265 2246 460 2280 attendant
492 2246 538 2279 V¹
557 2247 569 2290 u
591 2250 632 2280 12
660 2245 801 2281 suscud.
827 2255 915 2286 mss;
941 2246 1059 2280 subsc.
1085 2256 1105 2279 v
1131 2247 1142 2289 ΙΙ
1168 2245 1288 2290 epiros
1314 2256 1383 2281 mss
1412 2256 1452 2286 υ,·

124 2292 269 2338 epigros
297 2294 348 2326 rel
373 2292 519 2336 epiuros
543 2293 751 2335 suspicatur
779 2292 967 2326 Meursz'us
