1611 2465
97 706 139 737 10

97 999 139 1029 15

97 1583 140 1613 25

97 1876 141 1906 30

165 72 249 113 458
712 80 740 104 s.
766 78 985 105 AUGUSTINI

165 177 393 222 putaremus
425 170 487 208 ilia
526 169 626 206 bona
664 168 906 207 Hierusalem
945 169 991 207 ad
1024 175 1200 208 nostrum
1234 170 1501 208 tantummodo

165 231 346 281 spiritum
378 230 594 279 pertinere:
627 227 679 265 Et
709 239 810 280 ossa,
840 229 979 278 inquit,
1011 233 1144 266 vestra
1176 233 1221 266 ut
1250 229 1376 267 herba
1409 241 1500 268 exo-

165 292 345 332 rienlw·;
378 287 445 325 ubi
471 288 803 324 resurrectionem
829 298 1038 337 corporum
1065 288 1235 339 strinxit,
1268 286 1372 325 velut
1398 288 1501 338 quod

166 359 242 385 non
270 346 419 384 dixerat
445 345 630 395 reddens3
663 356 790 394 neque
824 346 927 382 enim
959 357 1048 383 cum
1080 345 1291 383 viderimus
1324 346 1400 394 fiet,
1433 346 1501 384 sed

167 417 254 444 cnm
294 405 411 443 fuerit
451 404 549 442 facta
589 402 815 441 videbimus.
878 403 972 441 Nam
1015 409 1053 441 et
1093 403 1138 441 de
1179 403 1284 442 caelo
1327 417 1425 442 novo
1459 416 1502 442 ac

166 469 269 501 terra
302 475 399 501 nova
431 464 504 500 iam
538 473 656 513 supra
688 461 854 512 dixerat,
887 462 979 500 dum
1011 474 1074 510 ea,
1107 475 1203 512 quae
1238 465 1381 501 sanctis
1413 475 1501 514 pro-

165 524 375 560 mittuntur
412 522 452 559 in
492 522 586 571 fine,
625 533 739 571 saepe
779 532 822 559 ac
856 520 1148 559 multiformiter
1180 521 1339 559 diceret.
1401 522 1503 574 Erit,

165 582 303 631 inquit,
336 582 488 618 eaelum
516 591 656 618 novum
684 584 722 618 et
747 584 860 617 terra
886 591 998 627 nova,
1032 585 1069 617 el
1101 591 1176 618 mm
1212 585 1332 618 erunt
1362 591 1502 619 memo-

166 652 230 677 res
258 641 454 688 priorum,
487 651 561 676 nee
593 640 784 676 ascendet
814 641 853 676 in
887 649 958 676 eor
990 640 1175 686 ipsorum,
1207 640 1280 677 sed
1310 641 1503 677 laetitiam

165 703 203 737 et
234 700 520 736 exultationem
551 698 754 735 invement
791 699 829 734 2'72
863 708 922 734 ea.
985 697 1092 735 Eece
1123 709 1195 745 eqo
1223 696 1379 744 faciam
1410 698 1503 736 Hie-

164 759 339 795 rusalem
380 758 662 794 exultationem
715 760 752 794 et
798 757 987 804 populum
1031 766 1156 793 meum
1202 758 1394 794 laetitiam
1403 770 1417 801 ,·
1467 762 1505 795 et

165 816 352 854 exultabo
392 817 431 852 in
470 815 721 852 Hierusalem
760 820 798 852 et
834 815 1015 852 laetabor
1054 816 1092 851 in
1130 816 1276 863 populo
1317 826 1424 859 me0;
1467 820 1506 853 et

164 877 273 912 ultra
314 884 393 912 non
438 875 628 911 (melieno-
673 874 711 910 in
753 874 820 910 illa
859 883 936 911 vox
968 874 1105 920 fletus,
1145 877 1183 910 et
1220 878 1367 924 cetera,
1405 885 1504 924 quae

167 932 322 983 quidam
368 931 413 970 ad
458 931 544 969 illos
589 931 762 969 carnales
808 930 910 984 mille
950 943 1071 968 annos
1109 931 1258 969 referre
1301 937 1503 970 conantur.

166 990 402 1028 Locutiones
441 992 543 1027 enim
583 991 754 1040 tropicae
794 990 962 1039 propriis
1001 989 1230 1040 prophetico
1273 1002 1380 1028 more
1413 991 1503 1028 mis-

166 1054 322 1100 centur,
363 1054 407 1086 ut
446 1048 490 1085 ad
533 1047 772 1086 intellectum
813 1047 1026 1098 spiritalem
1058 1049 1221 1086 intentio
1255 1047 1383 1086 sobria
1416 1061 1502 1087 cum

166 1107 333 1158 quodam
378 1107 463 1145 utili
502 1118 545 1144 ac
593 1105 739 1144 salubri
780 1105 910 1143 labore
953 1108 1170 1157 perveniam
1215 1108 1370 1156 pigritia
1412 1119 1503 1145 vero

166 1165 330 1204 carnalis
363 1165 420 1203 vel
462 1164 679 1203 ineruditae
713 1170 828 1214 atque
860 1166 1136 1202 inexercitatae
1169 1165 1328 1203 tarditas
1361 1167 1504 1204 mentis

167 1229 349 1262 contenta
387 1223 538 1261 litterae
577 1224 783 1273 superficie
823 1222 917 1260 nihil
955 1228 1064 1273 putat
1103 1224 1269 1261 interius
1302 1225 1503 1274 requiren-

168 1283 270 1321 dum.
332 1281 435 1320 Haec
463 1282 508 1319 de
536 1281 776 1332 propheticis
802 1280 942 1332 verbis,
975 1293 1072 1331 quae
1105 1287 1193 1319 ante
1226 1283 1344 1319 istum
1376 1282 1505 1321 locum

167 1343 311 1392 scripta
344 1346 452 1392 sunt,
486 1341 578 1378 satis
611 1339 786 1377 dixerim.
849 1339 890 1376 In
925 1339 997 1377 hoc
1031 1345 1161 1377 autem
1192 1339 1289 1391 loco,
1322 1340 1425 1378 unde
1458 1340 1504 1378 ad

166 1400 228 1437 illa
255 1399 420 1448 digressi
447 1410 595 1450 snmus,
628 1410 716 1436 curn
743 1398 921 1436 dixisset:
954 1399 1006 1436 Et
1030 1410 1119 1436 ossa
1145 1404 1284 1437 vestra
1303 1403 1348 1437 ut
1377 1401 1505 1438 herba

167 1460 420 1504 exorientur,
460 1463 503 1494 ut.
536 1458 866 1495 resurrectionem
899 1458 1026 1494 carnis
1060 1457 1234 1508 quidem,
1274 1457 1342 1495 sed
1375 1463 1504 1496 tamen

167 1515 361 1554 bonorum
394 1528 434 1553 se
467 1527 572 1553 nnnc
604 1527 909 1553 commemorare
942 1520 1197 1567 monstraret,
1230 1515 1422 1555 adiunxit:
1454 1517 1507 1554 Et

167 1579 432 1623 coqneseelur
472 1586 613 1612 manus
658 1575 820 1612 Domini
866 1575 1085 1612 colentibus
1133 1585 1230 1612 eum.
1303 1574 1403 1619 Quid
1446 1580 1506 1613 est

167 1633 239 1671 hoc
274 1634 348 1670 nisi
374 1644 511 1670 manus
538 1632 814 1682 distinguentis
847 1632 1018 1670 cultores
1050 1644 1141 1670 suos
1174 1644 1194 1670 a
1226 1635 1503 1684 contemptori-

166 1691 240 1730 bus
273 1688 386 1729 suis?
448 1690 501 1728 De
535 1691 677 1741 quibus
710 1692 913 1741 sequentia
946 1696 1175 1729 contexens:
1208 1691 1260 1728 Et
1290 1694 1502 1730 eonmzina-

167 1751 292 1797 bitur,
325 1750 472 1800 inquit,
514 1751 831 1797 eonlzmzaee'bus‚
874 1751 971 1800 sive,
1009 1754 1053 1787 ut
1084 1750 1137 1787 ait
1168 1749 1264 1787 alius
1297 1751 1504 1801 Interpres,

168 1810 398 1847 incredulis.
467 1807 545 1845 Nec
586 1813 678 1845 tnnc
711 1807 1029 1858 connninabitur,
1067 1807 1134 1845 sed
1174 1819 1271 1858 quae
1311 1819 1416 1847 nunc
1449 1808 1503 1846 di-

168 1871 311 1905 cuntur
337 1867 552 1917 mitiaciter‚
586 1871 677 1904 tunc
704 1866 915 1904 efficaciter
941 1865 1217 1916 implebuntur.
1269 1866 1375 1905 Eece
1401 1869 1504 1905 enim

169 1926 374 1973 Dominus,
413 1925 557 1975 inquit,
595 1929 638 1963 ut
678 1927 780 1972 ionis
814 1927 942 1963 veniet
974 1929 1011 1962 et
1041 1929 1085 1961 ut
1116 1929 1324 1973 tempestas
1355 1937 1504 1964 currus

168 1986 269 2031 eius,
310 1985 483 2022 reddere
521 1985 558 2021 in
599 1985 875 2030 indiqnalione
912 1984 1127 2021 vindictam
1166 1988 1204 2021 et
1244 1986 1504 2023 vastctlionem

263 2074 318 2116 13)
346 2071 440 2106 Esai.
470 2074 524 2113 65,
553 2075 593 2105 17
621 2082 698 2114 sqq.

167 2247 189 2280 d
239 2204 280 2281 to
315 2200 488 2234 ascendet
519 2210 588 2234 mss
617 2199 656 2241 (l.
689 2202 741 2234 :22
773 2209 800 2234 c.
836 2200 953 2241 31'71.;
986 2199 1137 2234 Graece.-
1172 2196 1346 2244 ἐπὲλθῃ);
1379 2210 1503 2234 ascen-

193 2258 236 2281 ΘῙΙ
278 2258 297 2280 2*

1604 990 1605 997 η

1596 1045 1605 1074 l.

1594 1079 1606 1109 ἐ

1599 1116 1603 1125 ι

1596 1129 1605 1143 π

1591 1154 1606 1172 a<

1590 1172 1611 1208 4
