1611 2465
89 727 128 758 10

89 1044 129 1073 15

89 1359 133 1389 20

92 1744 135 1775 25

151 93 236 133 500
691 99 719 126 s.
739 99 957 126 Ave-nsum

152 192 233 230 solo
276 197 315 230 et
353 203 506 229 camera
544 190 799 240 proportione
839 188 1118 239 magnitudinis
1159 190 1297 240 positis
1339 190 1494 228 simula-

153 262 264 289 crum
296 251 471 288 ferreum
510 250 610 286 aeris
653 247 755 286 illius
788 247 915 285 medio
947 249 1050 285 inter
1083 252 1295 298 utrumque
1328 248 1496 299 lapidem

152 308 435 359 ignorantibus,
468 306 560 357 quid
594 318 752 345 sursum
784 312 889 345 esset
921 318 964 344 ac
997 305 1193 358 deorsum,
1226 308 1337 356 quasi
1370 308 1495 345 numi-

152 369 212 405 nis
238 372 431 418 potestate
456 365 666 416 penderet3
700 364 811 415 quale
844 364 988 415 aliquid
1021 365 1137 402 etiam
1168 366 1208 402 in
1240 365 1304 403 illa
1336 365 1496 404 lucerna

152 425 315 464 Veneris
360 424 407 462 de
445 424 570 475 lapide
613 422 767 461 asbesto
810 422 856 461 ab
899 423 1045 461 artifice
1084 423 1170 460 fieri
1206 425 1381 474 potuisse
1419 425 1497 462 iam

155 479 361 536 diximus);
394 483 427 521 si
459 494 660 533 magorum
692 493 822 533 opera,
855 493 953 532 quos
986 487 1119 519 nostra
1153 482 1348 532 scriptura
1380 495 1494 521 vene-

154 544 247 580 ficos
280 548 318 579 et
349 543 612 579 incantatores
643 546 773 592 vocat,
811 542 851 578 in
884 545 1033 578 tantum
1067 539 1276 579 daemones
1309 541 1495 579 extollere

153 606 388 652 potuerunt,
430 606 473 638 ut
515 611 733 650 congruere
775 598 977 636 hominum
1020 598 1201 636 sensibus
1239 598 1312 637 sibi
1354 599 1497 638 nobilis

154 666 269 710 poeta
300 659 518 710 videretur,
559 657 607 696 de
640 657 806 708 quadam
839 658 1000 708 semina,
1032 668 1130 707 quae
1162 656 1229 695 tali
1262 663 1345 696 arte
1377 658 1496 709 polle-

155 723 233 770 ret,
265 717 417 755 dicens:

273 801 382 837 Haec
414 812 454 837 se
487 799 728 837 carminibus
761 798 960 847 promittit
993 798 1147 835 solvere
1178 800 1331 837 mentes

273 859 380 904 Quas
411 858 521 907 velit,
554 859 617 895 ast
648 857 736 895 aliis
769 857 888 894 duras
920 856 1121 894 inmittere
1154 868 1279 904 curas,

275 917 424 955 Sistere
457 928 602 965 aquam
632 916 762 953 fluviis
795 917 836 953 et
866 917 1022 953 vertere
1055 914 1185 952 sidera
1216 918 1341 965 retro3

273 977 578 1024 Nocturnosque
610 975 687 1012 ciet
718 974 1060 1022 manest'mugire
1092 973 1246 1011 videbis

276 1035 355 1072 Sub
387 1034 554 1083 pedibus
586 1036 736 1071 terram
769 1035 808 1070 et
840 1032 1075 1070 descendere
1107 1033 1308 1070 montibus
1341 1045 1475 1071 ornos:

158 1122 302 1168 quanto
348 1116 470 1165 magis
514 1114 618 1152 Deus
669 1118 808 1164 potens
859 1119 919 1151 est
963 1113 1090 1151 facere
1136 1125 1234 1163 quae
1278 1113 1500 1152 infidelibus

159 1181 251 1214 sunt
287 1172 548 1223 incredibilia,
588 1172 655 1210 sed
695 1171 799 1210 illius
832 1171 956 1209 facilia
989 1172 1188 1222 potestati3
1228 1171 1382 1221 quando
1416 1174 1499 1223 qui-

159 1233 247 1271 dem
280 1234 363 1284 ipse
390 1231 562 1282 lapidum
589 1230 830 1279 aliarumque
863 1231 939 1267 vim
972 1241 1106 1267 rerum
1140 1235 1178 1268 et
1208 1229 1412 1268 hominum
1443 1232 1500 1269 in-

159 1294 288 1343 genia,
328 1292 395 1341 qui
427 1302 471 1328 ea
504 1290 613 1327 miris
651 1293 818 1327 utuntur
857 1287 999 1339 modis,
1038 1288 1309 1338 angelicasque
1342 1293 1501 1327 naturas

161 1350 342 1388 omnibus
380 1349 550 1387 terrenis
591 1347 834 1398 potentiores
881 1346 1143 1384 animantibus
1186 1346 1375 1399 condidit,
1402 1349 1501 1386 '‘uni-

159 1420 271 1447 versa
312 1406 502 1446 mirabilia
539 1404 707 1444 mirabili
746 1406 925 1443 vincente
966 1406 1109 1443 virtute
1149 1411 1187 1443 et
1226 1405 1413 1456 operandi
1444 1407 1501 1445 iu-

159 1467 277 1505 bendi
309 1465 541 1515 sinendique
568 1464 769 1515 sapientia,
801 1468 916 1501 utens
943 1462 1124 1501 omnibus
1150 1469 1229 1501 tam
1261 1463 1502 1516 mirabiliter,

161 1538 277 1576 quam
309 1525 465 1563 creavit.

695 1647 847 1690 CAPUT
879 1647 972 1688 VII.

198 1737 313 1783 Quod
343 1738 384 1774 in
415 1736 536 1773 rebus
568 1735 680 1772 miris
711 1744 863 1771 summa
896 1734 1092 1770 credendi
1121 1735 1228 1771 ratio
1259 1735 1311 1772 sit
1342 1736 1462 1772 omni-

583 1831 586 1833 *
618 1793 799 1840 potentia
831 1791 1044 1829 Creator-is.

282 1875 360 1914 Cur
392 1876 523 1924 itaque
556 1874 685 1911 farere
727 1884 805 1910 non
837 1873 961 1923 possit
992 1871 1114 1923 Deus,
1153 1878 1195 1910 ut
1227 1878 1265 1910 et
1298 1879 1504 1924 resurgant

165 1946 329 1986 corpora
370 1937 617 1971 mortuorum
659 1936 697 1969 et
735 1932 824 1981 igne
870 1936 1029 1968 aeterno
1071 1931 1299 1969 crucientur
1340 1943 1505 1982 corpora

166 1994 448 2043 damnatorum,
481 1991 548 2041 qui
574 1990 667 2027 fecit
692 1988 880 2027 mundum
913 1989 952 2025 in
986 1988 1091 2026 caelo
1123 1989 1163 2026 in
1194 1995 1311 2041 terra,
1343 1990 1382 2027 in
1414 2001 1503 2028 aere

97 2060 140 2090 30
167 2054 205 2090 in
238 2052 349 2101 aquis
386 2046 737 2087 innumerabilibus
770 2046 968 2084 miraculis
999 2045 1175 2098 plenum,
1214 2059 1303 2085 cum
1343 2049 1394 2086 sit
1425 2060 1504 2087 om-

168 2109 283 2148 nibus
316 2107 457 2159 quibus
490 2106 629 2158 plenus
669 2111 729 2143 est
770 2104 907 2156 procul
939 2103 1056 2142 dubio
1089 2106 1212 2144 maius
1245 2111 1283 2143 et
1315 2106 1504 2145 excellen-

169 2169 246 2206 tius
273 2169 390 2205 etiam
416 2165 585 2204 mundus
612 2166 693 2215 ipse
722 2160 981 2201 miraculum?
1032 2163 1107 2201 Sed
1134 2165 1210 2215 isti,
1242 2175 1331 2202 cum
1363 2164 1505 2215 quibus

263 2269 298 2311 4)
325 2266 418 2301 Plin.
444 2266 488 2300 H.
515 2266 558 2300 N.
587 2269 642 2308 34,
672 2269 713 2299 14
740 2266 823 2308 (42).
877 2265 931 2307 15)
959 2264 1048 2299 Aen.
1075 2268 1108 2308 4,
1134 2268 1200 2299 487
1229 2276 1305 2308 sqq.
