1611 2465
83 448 103 478 υἱ

63 741 104 771 10

66 1033 107 1063 15

65 1325 109 1356 20

69 1911 113 1941 30

128 107 213 148 572
669 114 695 140 s.
715 114 933 140 AUGUSTINI

127 211 299 257 zaretur,
341 204 469 243 salvus
501 205 664 242 effeetus
697 208 757 242 est
795 208 832 242 et
863 203 1050 242 liberatus
1083 210 1246 255 utraque
1279 204 1468 257 molestia,

128 270 324 314 tamquam
356 263 446 301 mali
484 262 580 301 nihil
610 261 814 300 habuisset
844 263 884 300 in
917 274 1100 315 corpore,
1139 263 1184 302 de
1218 263 1324 302 fonte
1357 275 1466 315 rege·

128 323 342 361 nerationis
381 320 567 359 ascendit.
631 321 726 366 Quis
764 320 837 358 hoc
874 328 1031 372 praeter
1065 321 1253 360 Curubim
1291 323 1398 360 novit
1429 327 1469 361 et

128 387 284 433 praeter
316 381 539 418 rarissimos
566 379 727 431 aliquos,
760 381 826 430 qui
857 379 931 418 hoc
964 379 1201 431 ubicumque
1234 381 1368 419 audire
1400 393 1467 432 po-

130 436 322 479 tuerunt?
383 438 462 477 Nos
506 443 635 477 autem
674 450 763 477 cum
804 437 877 477 hoc
920 441 1268 492 comperissemus,
1308 439 1468 478 iubente

131 503 265 537 sancto
299 498 482 549 episcopo
515 497 672 536 Aurelio
705 498 821 535 etiam
853 502 897 535 ut
928 499 1079 536 veniret
1111 497 1383 549 Carthaginem
1415 498 1468 536 fe-

131 558 276 608 cimus,
319 558 494 606 quamvis
539 568 559 594 a
598 555 740 594 talibus
778 557 888 607 prius
920 556 1181 608 audierimus,
1222 556 1268 595 de
1302 567 1470 607 quorum

131 615 203 653 fide
237 614 415 653 dubitare
449 627 527 653 non
558 626 775 665 possemus.

248 673 314 712 Vir
357 673 593 712 tribunicius
634 672 848 724 Hesperius
893 672 994 724 apud
1038 685 1110 712 nos
1152 679 1230 725 est3
1274 673 1391 712 habet
1431 675 1471 712 in

131 733 331 771 territorio
363 731 588 770 Fussalensi
619 731 806 784 fundum,
838 731 986 770 Zubedi
1017 732 1250 784 appellatur3
1283 731 1351 770 uhi
1382 744 1472 770 cum

131 790 352 829 adflictione
391 790 618 829 animalium
657 795 696 829 et
733 802 936 829 servorum
977 802 1140 829 suorum
1172 790 1331 829 domum
1362 802 1473 829 suam

132 851 343 900 spirituum
386 849 646 900 malignorum
690 850 768 887 vim
811 850 965 887 noxiam
1008 850 1162 900 perpeti
1206 851 1473 901 comperIsset,

132 909 282 959 rogavit
313 913 470 946 nostros
502 920 564 946 me
597 906 756 946 absente
788 907 1059 960 presbyteros,
1090 914 1135 946 ut
1165 908 1304 959 aliquis
1336 919 1474 946 eorum

132 966 197 1004 illo
230 971 433 1018 pergeret,
473 968 585 1005 cuius
617 966 859 1005 orationibus
892 966 1089 1005 cederent.
1149 966 1329 1005 Perrexit
1359 979 1474 1018 unus,

135 1024 276 1063 obtulit
319 1024 373 1063 ibi
417 1025 652 1063 sacrificium
693 1026 871 1075 corporis
916 1024 1081 1077 Christi,
1125 1037 1241 1064 orans
1286 1030 1475 1076 quantum

133 1084 283 1135 potuit,
326 1088 371 1122 ut
408 1088 582 1122 cessaret
618 1082 681 1121 illa
720 1084 888 1121 vexatio:
932 1082 1012 1121 Deo
1052 1085 1233 1134 protinus
1265 1085 1476 1122 miserante

135 1143 310 1180 cessavit.
372 1142 588 1193 Acceperat
624 1147 754 1180 autem
786 1141 833 1180 ab
865 1143 988 1180 amico
1021 1154 1092 1180 suo
1125 1149 1271 1180 terram
1302 1148 1476 1180 sanctam

135 1200 181 1238 de
214 1199 494 1251 Hierosolymis
527 1199 711 1251 adlatam,
743 1199 809 1238 uhi
843 1200 1019 1251 sepultus
1053 1199 1232 1238 Christus
1265 1200 1326 1239 die
1359 1202 1475 1239 tertio

135 1260 371 1310 resurrexit,
404 1270 568 1309 eamque
602 1258 861 1309 suspenderat
892 1260 932 1296 in
965 1257 1145 1296 cubiculo
1179 1271 1266 1311 suo,
1299 1271 1347 1297 ne
1380 1259 1472 1310 quid

135 1316 225 1355 mali
269 1318 385 1355 etiam
425 1318 509 1367 ipse
546 1322 759 1367 pateretur.
821 1316 890 1355 Ast
927 1316 995 1355 uhi
1033 1317 1171 1356 domus
1210 1318 1295 1356 eius
1335 1316 1381 1356 ab
1413 1317 1477 1356 illa

136 1376 385 1414 infestatione
417 1380 581 1426 purgata
613 1380 689 1425 est,
728 1375 819 1425 quid
853 1374 899 1413 de
932 1374 995 1413 illa
1027 1380 1132 1413 terra
1163 1376 1292 1427 fieret,
1333 1378 1475 1426 cogita-

136 1433 213 1482 bat,
246 1446 362 1484 quam
388 1433 535 1472 diutius
561 1435 601 1472 in
628 1433 808 1472 cubiculo
837 1445 908 1472 suo
934 1435 1176 1472 reverentiae
1198 1446 1313 1472 causa
1332 1434 1477 1473 habere

138 1492 304 1530 nolebat.
366 1491 483 1531 Forte
511 1492 663 1544 accidit,
695 1497 738 1530 ut
764 1504 834 1542 ego
868 1498 908 1531 et
939 1492 1086 1543 collega
1117 1498 1210 1531 tunc
1241 1505 1365 1545 meus,
1397 1494 1476 1544 epi-

138 1563 281 1602 scopus
322 1551 530 1589 Sinitensis
571 1550 758 1589 ecclesiae
790 1550 1043 1603 Maximinus,
1080 1552 1120 1589 in
1156 1552 1335 1602 proximo
1374 1563 1476 1590 esse-

139 1621 244 1661 mus,
286 1614 330 1648 ut
370 1610 593 1648 veniremus
635 1610 804 1662 rogavit,
837 1614 875 1648 et
906 1611 1093 1649 venimus.
1157 1608 1332 1661 Cumque
1364 1609 1478 1648 nobis

138 1669 267 1706 onmia
293 1667 522 1717 rettulisset,
555 1669 670 1706 etiam
704 1667 778 1706 hoc
810 1669 957 1721 petivit,
988 1674 1032 1707 ut
1061 1668 1307 1707 infoderetur
1338 1668 1479 1707 alicubi

138 1732 254 1777 atque
281 1726 334 1764 ibi
361 1728 582 1765 orationum
607 1726 717 1764 locus
748 1727 872 1778 fieret,
903 1726 971 1765 ubi
1004 1728 1118 1765 etiam
1146 1726 1356 1765 Christiani
1387 1739 1475 1778 pos-

139 1790 227 1823 sent
259 1785 305 1823 ad
331 1784 562 1823 celebranda
595 1797 692 1835 quae
719 1784 789 1823 Dei
821 1790 913 1824 sunt
945 1787 1184 1836 congregari.
1246 1785 1332 1824 Non
1363 1786 1478 1824 resti-

139 1845 276 1896 ti1nus3
309 1843 455 1881 factum
480 1848 550 1882 est.
614 1843 706 1881 Erat
726 1842 779 1881 ibi
805 1845 955 1882 iuvenis
982 1843 1216 1894 paralyticus
1242 1844 1477 1882 rusticanus.

139 1901 221 1939 Hoc
266 1902 397 1940 audito
441 1903 579 1952 petivit
620 1914 640 1940 a
680 1901 909 1952 parentibus
948 1904 1047 1954 suis,
1087 1907 1132 1940 ut
1169 1901 1279 1940 illum
1311 1901 1356 1940 ad
1390 1914 1480 1940 eum

139 1960 267 1998 locum
300 1965 477 1998 sanctum
504 1972 581 1998 non
614 1965 843 1998 cunctantes
876 1959 1084 1999 adferrent.
1147 1960 1232 2005 Quo
1265 1971 1353 1998 cum
1386 1960 1479 1998 fuis-

140 2024 200 2057 set
231 2018 400 2066 adlatus,
433 2019 574 2070 oravit,
607 2024 722 2069 atque
755 2019 843 2056 inde
877 2020 1064 2057 continuo
1096 2018 1262 2069 pedibus
1295 2020 1376 2057 suis
1409 2018 1480 2056 sal-

141 2089 212 2115 vus
245 2077 445 2115 abscessit.

238 2239 280 2269 10
308 2236 518 2279 appellatur
543 2235 728 2270 RAParr.
758 2237 868 2278 mell.;
900 2236 1129 2280 appellatum
1156 2247 1175 2270 v
1195 2237 1206 2279 ΙΙ
1226 2240 1270 2270 20
1295 2235 1344 2269 At
1368 2246 1388 2269 v
1407 2236 1419 2280 ΙΙ
1438 2239 1479 2269 31

142 2283 357 2316 cunctantes
382 2282 437 2323 R‚·
464 2283 678 2317 cunctanter
703 2283 760 2316 Ao
