1548 2562
408 145 459 170 DE
479 144 668 170 civrrA'rE
687 145 756 170 DEI
776 146 809 171 L.
830 145 927 170 xxn.
948 145 977 171 0.
998 147 1040 172 22.
1314 137 1399 178 607

69 233 245 272 credibili
284 233 530 285 crudelitate,
569 246 682 284 quam
721 233 853 272 rabida
886 235 1036 273 esuries
1068 235 1249 287 faciebat,
1288 235 1399 274 absu-

68 289 248 330 merent?
279 291 365 342 Ipse
391 297 589 342 postremo
617 304 787 344 somnus,
814 293 880 342 qui
905 294 1063 343 proprie
1090 294 1232 344 quietis
1258 306 1400 332 nomen

69 352 228 401 accepit,
261 351 348 400 quis
375 349 503 388 verbis
531 350 708 401 explicet,
741 362 854 401 saepe
889 353 1128 389 somniorum
1160 353 1252 390 visis
1285 364 1401 402 quam

69 410 118 447 sit
148 409 347 458 inquietus
380 413 418 446 et
451 420 564 458 quam
597 410 762 460 magnis,
799 409 890 447 licet
922 409 1105 448 falsarum
1137 422 1290 462 rerum,
1322 415 1398 448 ter-

67 465 235 518 roribus,
268 478 363 517 quas
394 467 448 504 ita
479 465 635 505 exhibet
667 472 705 504 et
737 467 902 517 quodam
935 467 1048 505 modo
1081 470 1273 520 exprimit,
1304 474 1348 507 111
1380 480 1399 507 a
1426 478 1445 506 5

67 526 168 563 veris
200 537 265 563 eas
298 524 521 563 discernere
554 536 806 577 nequeamus,
838 527 1003 563 animam
1035 528 1216 564 miseram
1244 539 1398 565 sensus-

68 595 142 633 que
174 580 408 634 perturbet‘?
463 582 546 628 Qua
578 583 743 621 falsitate
775 584 947 622 visorum
979 585 1094 622 etiam
1126 585 1328 635 vigilantes
1360 587 1399 623 in

67 641 299 692 quibusdam
326 640 471 679 morbis
492 646 531 679 et
558 643 716 679 venenis
742 641 1002 680 miserabilius
1028 644 1240 695 agitantur,
1267 656 1396 694 quam-

66 701 122 737 vis
150 699 374 738 multimoda
402 701 585 738 varietate
617 699 787 738 fallaciae
820 700 995 738 homines
1029 702 1143 738 etiam
1176 714 1289 740 sanos
1322 714 1398 740 ma-

65 756 159 808 ligni
200 756 408 795 daemones
449 770 742 808 nonnumquam
784 760 979 809 decipiant
1016 758 1158 797 talibus
1196 761 1305 812 visis,
1345 766 1399 812 ut,
1427 768 1469 798 10

66 817 217 854 etiamsi
243 828 310 854 eos
334 827 405 867 per
431 815 525 854 haec
553 815 597 854 ad
625 828 693 854 sua
725 817 930 855 traducere
962 829 1039 855 11011
1071 819 1282 870 potuerint,
1314 830 1397 857 sen-

67 886 132 912 sus
159 879 289 913 tamen
315 886 452 912 eorum
479 874 559 912 solo
586 876 760 925 appetitu
795 874 1130 926 qualitercumque
1163 876 1399 927 persuaden-

65 932 135 970 dae
168 932 344 971 falsitatis
375 932 562 972 inludant.

15 1038 18 1041 ι
183 989 239 1028 Ab
272 990 388 1029 huius
420 996 498 1029 tam
530 992 693 1029 miserae
727 993 836 1042 quasi
869 991 1100 1042 quibusdam
1132 993 1268 1030 inferis
1300 994 1398 1032 vitae

66 1061 143 1087 non
182 1047 321 1087 liberat
360 1050 434 1087 nisi
473 1050 595 1099 gratia
628 1049 836 1087 Salvatoris
870 1049 1030 1101 Christi,
1068 1050 1138 1088 Dei
1170 1063 1213 1089 ac
1245 1050 1399 1089 Domini
1427 1060 1467 1090 15

66 1108 189 1145 nostri
234 1103 328 1159 (hoc
372 1108 474 1145 enim
519 1119 660 1145 nomen
706 1113 764 1146 est
814 1109 896 1158 ipse
941 1107 1068 1159 Iesus3
1118 1110 1399 1159 interpretatur

65 1167 207 1216 quippe
236 1161 442 1218 Salvator),
473 1168 637 1204 maxime
670 1178 718 1204 ne
745 1171 833 1216 post
858 1166 956 1204 hanc
983 1168 1163 1204 miserior
1190 1179 1232 1205 ac
1259 1169 1399 1219 sempi-

67 1228 175 1261 terna
208 1224 411 1275 suscipiat,
450 1236 527 1262 non
558 1225 652 1275 vita,
684 1224 752 1262 sed
784 1236 900 1262 mors.
962 1224 1058 1262 Nam
1089 1226 1129 1262 in
1161 1226 1234 1263 ista
1267 1238 1398 1276 quam-

64 1283 121 1319 vis
154 1282 230 1320 sint
261 1293 332 1332 per
364 1287 497 1320 sancta
529 1294 571 1319 ac
614 1288 768 1320 sanctos
800 1283 1045 1320 curationum
1078 1294 1214 1333 magna
1247 1283 1399 1336 solacia,

64 1344 193 1377 tamen
232 1339 318 1377 ideo
360 1351 438 1378 non
477 1352 631 1391 semper
670 1341 782 1378 etiam
822 1342 903 1390 ipsa
942 1340 1129 1378 beneficia
1170 1341 1398 1380 tribuuntur
1425 1352 1467 1382 20

63 1397 298 1448 petentibus,
332 1409 378 1435 ne
405 1403 566 1448 propter
591 1397 665 1435 1100
692 1398 826 1448 religio
854 1404 1076 1451 quaeratur,
1109 1412 1204 1449 quae
1237 1406 1399 1451 propter

64 1455 175 1493 aliam
203 1457 323 1506 magis
349 1457 478 1507 vitam,
510 1456 577 1494 ubi
602 1455 698 1494 mala
726 1468 803 1494 non
831 1462 946 1494 erunt
973 1458 1129 1495 0111111110
1163 1457 1250 1510 ulla,
1283 1470 1397 1509 quae-

63 1514 183 1552 renda
217 1519 293 1565 est3
332 1518 370 1552 et
407 1514 453 1552 ad
492 1513 565 1552 1100
607 1514 788 1552 meliores
821 1526 996 1565 quosque
1028 1516 1068 1553 in
1100 1515 1160 1553 his
1193 1516 1302 1554 malis
1334 1516 1396 1555 ad-

64 1573 168 1610 iuvat.
193 1573 327 1623 gratia,
359 1578 402 1610 ut
434 1579 578 1622 quanto
611 1572 796 1624 fideliore,
827 1578 933 1611 tanto
960 1573 1120 1611 fortiore
1154 1573 1270 1613 corde
1303 1574 1396 1613 tole-

63 1636 212 1668 rentur.
263 1630 319 1668 Ad
346 1642 461 1680 quam
487 1643 569 1668 rem
596 1632 711 1669 etiam
737 1630 1018 1681 philosophiam
1044 1631 1230 1682 prodesse
1264 1632 1398 1671 dicunt
1425 1642 1466 1672 25

64 1688 166 1726 docti
199 1687 315 1726 huius
349 1688 510 1740 saeculi,
544 1701 658 1739 quam
691 1688 744 1727 dii
776 1688 1006 1739 quibusdam
1037 1692 1192 1741 paucis,
1225 1692 1277 1729 ait
1307 1690 1396 1729 Tul-

65 1745 162 1798 lius,
199 1758 330 1784 veram
369 1746 579 1799 dederunt3
618 1759 689 1785 nec
722 1747 962 1799 hominibus,
993 1749 1130 1799 inquit,
1163 1747 1208 1786 ab
1241 1749 1301 1786 his
1333 1756 1397 1788 aut

64 1803 197 1843 datum
234 1810 294 1843 est
329 1804 474 1843 donum
513 1807 637 1844 maius
683 1811 750 1844 aut
785 1798 912 1856 potuit
956 1805 1078 1844 ullum
1111 1806 1203 1845 dari.
1265 1806 1396 1858 Usque

64 1862 158 1901 adeo
192 1868 230 1901 et
260 1864 346 1915 ipsi,
379 1868 514 1902 contra
547 1876 644 1914 quos
676 1865 837 1916 agimus,
871 1876 1026 1915 quoquo
1060 1865 1172 1902 modo
1207 1865 1396 1916 compulsi

64 1925 156 1959 sunt
195 1922 235 1959 in
275 1920 451 1959 habenda
491 1933 569 1960 non
611 1934 876 1974 quacumque,
918 1922 986 1961 sed
1024 1935 1114 1960 vera
1154 1923 1397 1975 philosophia
1422 1934 1465 1964 30

64 1978 231 2017 divinam
270 1981 431 2030 gratiam
470 1980 658 2018 confiteri.
719 1979 841 2018 Porro
881 1981 913 2019 si
950 1982 1083 2031 paucis
1116 1980 1300 2020 divinitus
1333 1982 1395 2021 da-

63 2041 147 2075 tum
188 2042 246 2075 est
286 2050 398 2076 verae
439 2038 704 2089 philosophiae
746 2044 881 2077 contra
922 2040 1099 2077 miserias
1139 2039 1255 2078 huius
1295 2041 1394 2079 vitae

64 2095 223 2133 unicum
261 2095 462 2148 auxilium,
502 2098 594 2135 satis
634 2102 672 2135 et
707 2096 797 2135 hinc
838 2102 998 2148 apparet
1028 2097 1240 2137 humanum
1272 2111 1395 2149 genus

63 2151 107 2190 ad
152 2152 313 2191 luendas
355 2155 600 2192 miseriarum
649 2167 795 2206 poenas
847 2167 932 2193 esse
977 2155 1210 2194 damnatum.
1286 2156 1395 2195 Sicut

63 2216 192 2249 autem
217 2211 302 2264 hoc,
333 2218 377 2250 ut
402 2212 584 2265 fatentur,
615 2212 766 2251 nullum
793 2213 963 2252 divinum
990 2215 1115 2252 maius
1147 2220 1206 2253 est
1237 2214 1393 2266 donum,
1420 2223 1463 2254 35

156 2300 214 2343 27)
240 2299 318 2336 Fin.
346 2303 378 2343 5,
407 2304 466 2343 213
492 2300 603 2336 Acad.
630 2302 764 2345 poster.
796 2306 825 2346 1,
852 2306 882 2335 2,
