1548 2562
404 187 455 211 DE
476 187 663 213 CIVITATE
683 188 752 213 Dm
770 188 802 213 L.
822 189 934 213 xvffl.
955 188 983 213 o.
1003 189 1046 214 43.
1064 190 1106 214 44.
1350 181 1434 222 323

35 270 66 290 ”’
101 275 196 313 nihil
240 275 342 314 aliud
385 277 607 315 intueamur
651 278 689 314 in
736 278 942 328 scripturis
979 277 1074 329 illis,
1119 279 1192 316 nisi
1231 278 1323 328 quid
1366 291 1436 329 per

101 333 278 372 homines
316 333 458 372 dixerit
494 334 563 373 Dei
610 335 797 386 Spiritus,
842 335 1028 385 quidquid
1067 343 1126 374 est
1169 338 1207 374 in
1247 336 1434 376 Hebraeis

101 391 300 430 codicibus
332 397 371 430 et
402 404 479 430 non
512 398 570 430 est
613 393 712 443 apud
745 395 981 443 interpretes
1013 396 1273 446 septuaginta,
1312 395 1436 433 noluit

101 462 145 487 ea
175 462 246 499 pei
279 451 393 501 istos,
431 450 498 488 sed
529 463 601 501 pei
632 451 717 489 illos
748 451 957 502 piophetas
989 452 1057 490 Dei
1091 452 1259 503 Spiiitus
1291 453 1445 511 dicele:

101 507 298 558 Quidquid
337 520 428 546 vero
468 514 527 546 est
564 508 665 560 apud
699 509 967 561 Septuaginta,
1004 512 1043 548 in
1076 510 1261 549 Hebiaeis
1304 513 1433 550 autem

100 565 300 604 codicibus
341 578 418 604 non
461 572 540 618 est,
582 579 653 618 pel
693 569 789 606 istos
831 580 873 606 ea
915 568 1050 607 maluit
1087 581 1201 618 quam
1239 582 1309 620 pei
1348 570 1434 608 illos

99 623 203 662 idem
236 624 404 675 Spiritus
442 625 591 677 dicere,
629 627 684 663 sic
723 626 933 664 ostendens
971 632 1159 677 utrosque
1192 628 1311 666 fuisse
1344 640 1432 679 pro-

100 682 247 733 phetas.
309 682 387 721 Isto
420 685 522 721 enim
555 684 669 722 modo
701 684 772 722 alia
804 696 873 735 per
899 684 1063 737 Esaiam,
1095 685 1166 723 alia
1197 699 1267 736 per
1298 686 1433 725 Hiere-

99 742 226 791 miam,
252 740 339 790 alia¹
348 753 420 791 per
446 741 563 780 alium
590 742 784 792 aliumque
816 742 1045 793 prophetam
1078 744 1136 781 vel
1162 744 1273 782 aliter
1299 744 1433 783 eadem

98 811 169 849 per
200 798 304 837 hunc
336 811 379 837 ac
410 812 482 851 per
519 800 627 838 illum
666 801 778 853 dixit,
816 807 860 839 ut
892 801 1022 839 voluit.
1085 801 1281 852 Quidquid
1314 815 1432 854 porro

99 857 200 908 apud
234 863 421 908 utrosque
454 860 661 910 invenitur,
692 871 764 909 per
795 866 982 909 utrosque
1016 859 1146 898 dicere
1178 861 1298 899 voluit
1330 873 1432 900 unus

99 920 214 966 atque
247 915 349 954 idern
383 916 570 967 Spiritus3
613 917 679 954 sed
711 918 763 955 ita
795 923 838 955 ut
869 917 922 955 illi
954 918 1235 967 praecederent
1266 920 1431 970 prophe-

99 974 227 1025 tando,
260 975 323 1012 isti
350 980 610 1024 sequerentur
635 975 862 1026 prophetice
889 975 974 1013 illos
1001 977 1311 1028 interpretand03
1344 979 1433 1027 quia

99 1033 201 1070 sicut
238 1034 277 1070 in
316 1032 391 1070 illis
429 1044 518 1071 vera
558 1038 596 1070 et
635 1033 909 1072 concordantia
941 1034 1161 1072 dicentibus
1192 1047 1294 1074 unus
1327 1037 1432 1086 pacis

99 1090 268 1141 Spiritus
301 1091 390 1142 fuit,
435 1092 490 1129 sic
522 1096 562 1129 et
593 1092 632 1129 in
664 1093 749 1129 istis
781 1104 858 1130 non
891 1104 1024 1130 secum
1057 1093 1350 1131 conferentibus
1395 1099 1433 1132 et

98 1153 226 1186 tamen
274 1154 470 1199 tamquam
518 1161 584 1187 ore
633 1162 710 1187 uno
760 1155 898 1188 cuncta
939 1151 1289 1201 interpretantibus
1329 1151 1433 1191 idem

98 1205 268 1257 Spiritus
300 1219 401 1245 unus
433 1208 621 1258 apparuit.

589 1343 746 1386 CAPUT
779 1345 931 1387 XLIV.

104 1430 209 1475 Quid
233 1430 537 1477 intelleqendum
561 1431 613 1467 sit
639 1431 687 1467 de
715 1431 990 1469 Nineuitarum
1016 1434 1187 1484 excidio,
1220 1435 1335 1472 cuius
1367 1436 1431 1473 de·

98 1489 295 1525 nuntiatio
334 1489 374 1525 in
412 1487 596 1526 Hebraeo
635 1490 910 1535 quadruqinta
949 1492 1104 1528 dierum
1142 1494 1271 1539 spatio
1304 1494 1428 1530 tendi-

97 1549 181 1596 tur,
220 1547 259 1583 in
292 1545 557 1593 Septuaqinta
597 1551 729 1584 autem
768 1548 897 1584 tridui
932 1548 1126 1586 brevitate
1164 1552 1429 1589 concluditur.

196 1624 291 1663 'Sed
331 1628 383 1664 ait
421 1626 578 1676 aliquis:
621 1626 736 1679 „Quo
778 1627 892 1665 modo
925 1630 1042 1666 sciam
1076 1630 1167 1679 quid
1200 1630 1311 1668 lonas
1342 1644 1430 1682 pro-

95 1684 212 1734 pheta
243 1684 384 1722 dixerit
415 1684 617 1736 Ninevitis‚
649 1690 799 1723 utrum:
837 1685 1038 1734 Triduum,
1071 1693 1109 1725 et
1140 1689 1289 1727 Nineue
1320 1701 1429 1728 ever-

96 1747 212 1789 tetur,
246 1753 310 1780 an:
349 1744 630 1790 Quctdruqinta
663 1745 772 1781 dies?
822 1743 917 1788 Quis
950 1746 1052 1782 enim
1084 1757 1162 1783 non
1194 1746 1320 1785 videat
1352 1760 1429 1787 non

95 1801 271 1850 potuisse
298 1805 508 1850 utrumque
530 1807 622 1838 tunc
649 1801 725 1838 dici
751 1813 771 1838 a
796 1797 997 1854 propheta,
1029 1804 1095 1853 qui
1127 1805 1270 1842 missus
1303 1806 1429 1845 suerat

96 1865 245 1896 terrere
285 1859 583 1897 comminatione
616 1860 842 1897 inminentis
875 1862 981 1898 exitii
1014 1860 1237 1900 civitatem?
1286 1862 1357 1902 Cui
1396 1866 1428 1902 si

95 1917 211 1954 tertio
244 1916 305 1954 die
338 1916 465 1954 suerat
497 1917 652 1955 futurus
685 1918 878 1969 interitus,
910 1930 987 1956 non
1020 1921 1155 1970 utique
1188 1921 1427 1972 quadragen-

95 1975 192 2012 simo
225 1973 305 2025 die3
338 1975 370 2012 si
402 1980 532 2013 autem
564 1975 898 2027 quadragensimo,
931 1989 1007 2015 non
1040 1979 1174 2028 utique
1207 1981 1334 2018 tertio.
1387 1980 1427 2018 Si

94 2044 186 2082 ergo
219 2044 239 2069 a
270 2044 331 2070 me
364 2034 577 2085 quaeritur,
609 2034 702 2084 quid
734 2033 875 2072 horum
900 2034 1011 2073 Ionas
1044 2035 1195 2087 dixerit,
1227 2036 1300 2075 hoc
1331 2044 1426 2088 puto

1461 811 1503 841 10

1460 1102 1502 1132 15

1458 1501 1501 1532 20

1455 1815 1498 1845 25

94 2091 224 2140 potius
267 2090 372 2140 quod
415 2091 557 2142 legitur
600 2092 640 2130 in
683 2090 878 2130 Hebraeo:
927 2094 1208 2142 Quadrayinta
1246 2096 1347 2144 dies,
1389 2101 1427 2136 et
1451 2106 1495 2137 30

188 2192 246 2234 24>
271 2190 345 2225 Ion.
373 2195 406 2233 3,
431 2195 462 2225 4.

188 2346 208 2376 9
235 2343 344 2386 atque
370 2342 484 2376 alium
508 2353 529 2376 v
559 2343 572 2386 ΙΙ
602 2346 645 2376 23
671 2342 847 2377 Ninivitis
873 2369 880 2376 .
909 2371 916 2378 .
943 2343 1075 2379 Ninive
1100 2356 1120 2378 v

1070 2402 1141 2437 21*
