1548 2562
431 138 482 162 DE
502 137 688 163 cwrrATE
707 138 778 163 Dm
795 138 828 163 L.
848 138 928 163 X1V.
948 137 979 163 c.
998 139 1023 164 5.
1042 139 1067 163 6,
1359 129 1410 170 13

90 225 295 276 compellat
337 226 376 263 in
420 237 595 276 corpore.
665 225 773 265 Unde
815 228 929 265 etiam
968 226 1042 264 illis
1075 214 1293 265 'fatentibus
1334 239 1411 265 non

88 296 136 322 ex
174 295 289 322 carne
327 288 476 322 tantum
509 284 676 322 afficitur
707 286 843 337 anima,
874 290 918 323 ut
949 286 1078 335 cupiat
1108 290 1265 337 metuat,
1297 285 1411 324 laete-

90 348 154 381 tur
179 347 388 394 aegrescat,
419 354 553 380 verum
579 344 697 381 etiam
728 355 775 381 ex
807 355 847 381 se
879 344 962 394 ipsa
992 343 1052 381 his
1083 348 1212 394 potest
1242 343 1412 382 motibus

87 401 232 451 agitari.

615 490 770 533 CAPUT
802 491 875 532 VI.
1438 504 1457 534 5

87 576 147 614 De
177 578 369 624 qualitate
398 577 610 615 voluntatis
640 576 849 622 humanae,
880 577 952 614 sub
984 577 1098 615 cuius
1130 578 1280 616 iudicio
1312 578 1409 625 affe-

202 637 349 673 ctiones
381 637 505 673 animi
535 638 607 672 aut
632 646 786 683 pravae
816 635 1014 673 habentur
1046 640 1117 673 aut
1147 641 1294 674 rectae.

201 716 368 754 Interest
405 721 535 754 autem
573 715 696 766 qualis
734 716 784 753 sit
820 715 996 754 voluntas
1033 716 1218 768 hominis3
1259 718 1347 767 quia
1379 718 1411 755 si

85 787 268 826 perversa
295 780 364 826 est,
395 786 600 824 perversos
626 773 783 811 habebit
807 773 877 811 hos
903 779 1048 825 motus3
1082 776 1113 812 si
1145 780 1273 814 autem
1304 781 1409 814 recta

87 839 157 885 est,
190 845 267 871 non
294 832 418 871 solum
444 831 708 883 inculpabiles,
740 844 874 870 verum
901 834 1016 870 etiam
1041 832 1252 871 laudabiles
1284 839 1410 872 erunt.
1439 842 1481 873 10

87 891 270 930 Voluntas
303 897 362 930 est
393 892 535 941 quippe
567 892 606 928 in
639 890 835 942 omnibus3
866 892 982 928 immo
1015 903 1150 929 omnes
1183 891 1277 929 nihil
1308 891 1410 930 aliud

86 962 200 1001 quam
232 949 448 988 voluntates
474 954 574 987 sunt.
636 948 731 987 Nam
764 949 855 1000 quid
887 954 947 987 est
978 949 1168 1000 cupiditas
1201 955 1239 987 et
1269 950 1411 988 laetitia

85 1010 160 1047 nisi
200 1007 376 1046 voluntas
416 1009 457 1045 in
495 1019 630 1045 eorum
663 1009 918 1045 consensione
961 1020 1057 1058 quae
1099 1006 1303 1046 volumus?
1363 1008 1412 1046 Et

86 1067 177 1118 quid
211 1071 270 1104 est
295 1071 421 1104 metus
447 1071 561 1116 atque
594 1067 750 1104 tristitia
783 1067 856 1104 nisi
888 1065 1064 1104 voluntas
1096 1067 1135 1104 in
1168 1066 1409 1105 dissensione

86 1125 132 1163 ab
164 1124 224 1163 his
262 1136 358 1175 quae
397 1121 606 1162 nolumus?
668 1123 743 1162 Sed
777 1136 864 1163 cum
897 1126 1162 1163 consentimus
1194 1124 1409 1175 appetendo
1438 1133 1479 1163 15

83 1195 127 1222 ea
148 1195 244 1234 quae
265 1183 453 1234 volumus,
473 1182 681 1234 cupiditas3
702 1195 791 1221 cum
811 1188 939 1221 autem
960 1184 1225 1221 consentimus
1247 1183 1410 1221 fruendo

83 1242 142 1280 his
168 1253 265 1292 quae
292 1241 480 1292 volumus,
510 1241 652 1279 laetitia
680 1246 848 1279 vocatur.
910 1240 1084 1291 Itemque
1111 1253 1200 1279 cum
1232 1241 1409 1280 dissenti—

83 1311 169 1338 mus
207 1299 253 1337 ab
291 1312 336 1337 eo
375 1299 477 1349 quod
517 1299 690 1337 accidere
724 1299 921 1351 nolumus,
960 1299 1045 1337 talis
1077 1300 1252 1337 voluutas
1284 1305 1410 1338 metus

62 1364 160 1410 ‘est3
193 1370 280 1396 cum
313 1363 440 1396 autem
481 1358 730 1396 dissentimus
768 1357 813 1395 ab
846 1370 891 1396 eo
924 1357 1026 1408 quod
1058 1357 1280 1396 nolentibus
1312 1359 1410 1396 acci-

84 1418 158 1469 dit,
196 1416 282 1454 talis
313 1416 489 1454 voluntas
527 1417 683 1454 tristitia
724 1422 794 1454 est.
855 1415 904 1454 Et
935 1418 1091 1454 omnino
1124 1429 1194 1467 pro
1227 1418 1410 1454 varietate
1436 1425 1479 1455 20

84 1487 236 1526 rerum,
274 1486 370 1524 quae
411 1480 646 1525 appetuntur
683 1480 798 1525 atque
839 1475 1061 1527 fugiuntur,
1102 1476 1203 1513 sicut
1245 1474 1411 1513 allicitur

85 1533 144 1572 vel
170 1534 379 1572 offenditur
406 1533 580 1571 voluntas
606 1533 784 1585 hominis,
816 1534 867 1570 ita
892 1534 931 1571 in
958 1533 1028 1571 hos
1054 1533 1113 1570 vel
1139 1533 1223 1571 illos
1250 1534 1410 1571 affectus

84 1597 256 1630 mutatur
297 1596 336 1629 et
374 1592 550 1629 vertitur.
619 1590 864 1641 Quapropter
907 1591 1042 1642 homo,
1087 1593 1152 1640 qui
1196 1591 1409 1629 secundum

84 1650 218 1701 Deum,
249 1661 325 1687 non
359 1650 574 1688 secundum
604 1649 799 1687 hominem
832 1650 940 1698 vivit,
971 1654 1124 1699 oportet
1156 1654 1199 1687 ut
1230 1651 1280 1687 sit
1311 1661 1409 1687 ama-

84 1714 145 1747 tor
170 1707 279 1758 boni3
310 1707 413 1745 unde
445 1708 487 1745 fit
518 1719 762 1757 consequens
793 1713 836 1745 ut
867 1707 1007 1745 malum
1039 1707 1175 1746 oderit.
1235 1707 1284 1746 Et
1316 1720 1408 1758 quo·
1436 1715 1478 1746 25

85 1768 187 1805 uiam
224 1777 337 1803 nemo
376 1770 529 1817 natura,
569 1765 636 1803 sed
675 1767 851 1816 quisquis
889 1765 1010 1803 malus
1050 1771 1125 1817 est,
1163 1767 1254 1803 vitio
1288 1765 1410 1804 malus

84 1830 160 1863 est:
198 1824 415 1875 perfectum
453 1823 584 1861 odium
626 1823 741 1861 debet
773 1823 898 1875 malis,
937 1825 1003 1874 qui
1041 1824 1255 1862 secundum
1286 1823 1410 1862 Deum

87 1885 194 1934 vivit,
238 1887 281 1920 ut
320 1894 391 1920 nec
428 1887 588 1933 propter
625 1883 760 1920 vitium
798 1882 924 1920 oderit
960 1881 1156 1920 hominem
1193 1894 1265 1921 nec
1309 1888 1410 1921 amet

84 1943 219 1980 vitium
256 1945 415 1991 propter
453 1940 665 1992 hominem,
704 1940 770 1978 sed
809 1940 934 1978 oderit
966 1942 1117 1992 vitium,
1156 1946 1257 1979 amet
1288 1940 1407 1978 homi-

84 2012 183 2038 nem.
246 1998 386 2036 Sanato
419 2000 521 2036 enim
552 2000 644 2036 vitio
676 2003 800 2037 totum
832 1998 934 2049 quod
966 2010 1112 2051 amare,
1153 1999 1247 2037 nihil
1279 2005 1407 2038 autem
1434 2008 1478 2038 30

86 2057 187 2109 quod
220 2056 358 2096 debeat
388 2057 515 2095 odisse
547 2056 772 2095 remanebit.

178 2148 236 2191 28)
262 2147 319 2180 Ps.
349 2149 426 2190 138,
451 2150 505 2180 22.

179 2256 221 2286 13
252 2262 300 2296 sq.
334 2250 570 2286 consensione
603 2278 609 2285 .
646 2279 652 2286 .
685 2250 908 2286 dissensione
941 2261 1030 2292 mss;
1061 2250 1336 2286 consensionem
1364 2279 1371 2286 .
1398 2278 1405 2286 .

85 2299 346 2334 dissensionem
370 2309 390 2332 v
