1611 2465
95 367 114 397 ω(

74 767 115 798 10

73 1108 114 1138 15

72 1400 116 1430 20

74 1693 116 1723 25

73 1988 117 2016 30

139 26 227 67 404
674 34 701 60 s.
720 33 939 60 AUGUS'HNI

141 131 272 164 sanata
311 124 587 164 inmortalitate
628 130 745 174 atque
782 124 1078 173 incorruptione
1111 128 1248 162 natura
1281 124 1370 162 vitia
1403 135 1480 162 non

140 183 299 223 habebit
331 196 401 222 nec
436 184 648 232 unicuique
691 187 870 221 nostrum
903 181 962 220 vel
994 181 1040 220 ab
1073 181 1145 220 alio
1178 182 1237 220 vel
1269 194 1290 220 a
1322 194 1363 220 se
1394 183 1479 233 ipso

142 243 340 294 quippiam
379 240 632 293 repugnabit,
670 253 749 279 non
781 253 880 292 opus
913 241 988 279 erit
1019 246 1062 279 ut
1093 242 1191 279 ratio
1225 242 1348 293 vitiis,
1381 252 1480 291 quae

141 302 245 341 nulla
278 306 406 352 erunt,
438 302 624 352 imperet3
658 299 724 338 sed
759 298 965 350 imperabit
997 298 1099 338 Deus
1131 299 1297 352 homini,
1328 300 1481 338 animus

142 362 316 411 corpori,
355 365 538 409 tantaque
571 358 626 397 ibi
664 360 739 397 erit
770 358 1003 397 oboediendi
1035 360 1201 397 suavitas
1234 364 1274 397 et
1305 358 1479 410 facilitas,

143 425 285 469 quanta
335 418 489 456 vivendi
538 417 804 469 regnandique
855 417 1029 456 felicitas.
1090 416 1139 456 Et
1188 417 1262 456 hoc
1314 417 1392 455 illic
1441 418 1481 455 in

143 477 323 516 omnibus
374 482 490 528 atque
540 477 581 515 in
625 476 788 527 singulis
832 482 1035 515 aeternum
1079 477 1154 514 erit
1196 481 1480 526 aeternumque

143 548 234 574 esse,
261 541 413 574 eertum
446 536 541 587 erit,
573 540 612 573 et
642 535 729 573 ideo
762 547 834 586 pax
868 534 1119 573 beatitudinis
1151 534 1268 573 huius
1300 534 1361 573 vel
1392 534 1479 573 bea-

142 594 267 633 titudo
301 596 406 645 pacis
438 594 555 633 huius
589 605 785 633 summum
816 593 963 632 honum
995 595 1080 632 erit.

617 754 774 797 CAPUT
799 754 1001 797 XXVIII.

280 841 326 879 In
359 853 472 889 quem
501 843 622 888 finem
654 845 846 879 venturus
877 842 930 879 sit
960 843 1092 879 exitus
1125 842 1344 890 impiorum.

259 922 406 962 Eorum
439 928 587 975 autem,
625 924 692 974 qui
724 935 801 961 non
834 924 1033 974 pertinent
1064 922 1110 960 ad
1143 924 1254 960 istam
1288 923 1483 961 civitatem

141 981 222 1033 Dei,
255 983 330 1020 erit
356 994 376 1019 e
403 984 599 1020 contrario
627 983 782 1020 miseria
816 973 1064 1033 sempiterna,
1096 993 1195 1031 quae
1227 993 1334 1019 mors
1366 982 1482 1020 etiam

143 1040 313 1079 secunda
352 1040 512 1087 dicitur,
556 1041 644 1090 quia
683 1052 754 1078 nec
792 1042 918 1078 anima
955 1039 1009 1078 ibi
1046 1041 1174 1078 vivere
1216 1039 1379 1078 dicenda
1411 1045 1482 1091 est,

143 1111 240 1149 quae
279 1111 299 1137 a
338 1100 414 1137 vita
445 1098 514 1137 Dei
547 1099 711 1137 alienata
743 1100 836 1150 erit,
876 1111 947 1137 nec
981 1110 1141 1150 corpus,
1175 1098 1277 1149 quod
1311 1100 1481 1137 aeternis

143 1157 344 1196 doloribus
371 1157 605 1208 subiacebi13
638 1170 680 1195 ac
712 1170 783 1207 per
814 1157 888 1195 hoc
920 1157 1006 1195 ideo
1039 1157 1174 1195 durior
1206 1158 1280 1195 ista
1312 1157 1481 1195 secunda

142 1228 247 1254 mors
291 1217 382 1267 erit,
421 1218 511 1266 quia
550 1217 653 1254 liniri
691 1222 815 1254 morte
854 1227 932 1253 non
970 1217 1126 1266 poterit.
1189 1213 1265 1253 Sed
1299 1218 1481 1266 quoniam

142 1276 244 1313 sicut
284 1275 441 1313 miseria
483 1274 714 1313 beatitudini
752 1280 791 1313 et
829 1286 933 1312 mors
972 1275 1092 1325 vitae,
1130 1276 1182 1312 ita
1220 1273 1365 1313 bellum
1396 1276 1481 1326 paci

142 1333 297 1372 videtur
339 1345 424 1372 esse
470 1335 728 1372 contrarium:
772 1335 911 1371 merito
944 1334 1163 1383 quaeritur,
1205 1334 1306 1371 sicut
1337 1345 1411 1383 pax
1441 1335 1482 1372 in

142 1392 337 1430 bonorum
380 1391 522 1430 finibus
560 1392 780 1443 praedicata
821 1397 881 1430 est
919 1397 1033 1442 atque
1073 1391 1243 1443 laudata,
1281 1391 1384 1442 quod
1423 1392 1483 1431 vel

143 1450 254 1501 quale
287 1450 433 1489 bellum
467 1463 486 1489 e
519 1452 715 1489 contrario
747 1452 787 1489 in
818 1450 961 1488 finibus
994 1449 1182 1488 malorum
1215 1452 1339 1501 possit
1369 1450 1481 1489 intel-

143 1509 228 1560 legi.
290 1508 435 1548 Verum
485 1511 552 1560 qui
600 1509 674 1547 hoc
719 1510 889 1560 quaerit,
934 1508 1116 1547 adtendat
1160 1508 1252 1559 quid
1296 1510 1336 1547 in
1380 1509 1481 1548 bello

143 1569 302 1606 noxium
344 1570 688 1620 perniciosumque
731 1569 797 1619 sit,
838 1574 877 1606 et
915 1567 1059 1606 videbit
1096 1567 1192 1605 nihil
1231 1567 1333 1606 aliud
1365 1580 1482 1618 quam

143 1639 277 1665 rerum
310 1639 395 1666 esse
428 1629 531 1666 inter
558 1639 598 1665 se
626 1626 899 1665 adversitatem
931 1632 1047 1677 atque
1079 1626 1317 1665 conflictum.
1368 1626 1480 1672 Quod

143 1688 262 1736 igitur
307 1685 452 1724 bellum
489 1686 645 1736 gravius
684 1691 722 1724 et
766 1687 935 1724 amarius
973 1686 1135 1735 cogitari
1174 1690 1323 1736 potest,
1365 1697 1480 1736 quam

143 1744 210 1783 ubi
241 1744 419 1783 voluntas
452 1746 507 1783 sic
539 1744 698 1782 adversa
731 1750 790 1782 est
821 1745 992 1795 passioni
1033 1750 1071 1782 et
1109 1745 1237 1795 passio
1282 1743 1481 1796 voluntati,

143 1809 186 1842 ut
212 1803 356 1842 nullius
383 1815 517 1841 earum
545 1804 703 1841 victoria
736 1802 832 1841 tales
858 1804 1081 1841 inimicitiae
1109 1802 1311 1854 finiantur,
1343 1807 1382 1841 et
1413 1802 1481 1841 ubi

143 1864 198 1900 sic
231 1861 405 1912 confligit
431 1874 520 1900 cum
546 1863 628 1911 ipsa
655 1866 791 1899 natura
823 1862 1001 1912 corporis
1032 1862 1089 1899 vis
1121 1860 1278 1912 doloris,
1310 1866 1354 1899 ut
1385 1873 1478 1900 neu-

144 1926 248 1959 trum
280 1920 392 1959 alteri
435 1917 575 1958 cedat?
636 1919 707 1957 Hic
740 1921 842 1957 enim
875 1918 1028 1970 quando
1061 1920 1252 1969 contingit
1283 1920 1356 1957 iste
1389 1931 1478 1958 con-

144 1978 284 2030 flictus,
317 1984 384 2017 aut
408 1978 517 2016 dolor
543 1979 662 2017 vincit
687 1983 726 2016 et
752 1989 909 2017 sensum
936 1989 1042 2016 mors
1067 1976 1212 2030 adimit,
1244 1982 1311 2016 aut
1342 1984 1479 2017 natura

241 2084 294 2123 14)
321 2082 434 2124 Apoc.
461 2084 493 2123 ⁶2,
522 2083 575 2114 11.

238 2213 256 2242 3
286 2208 485 2252 quidquam
512 2219 529 2242 v
