1611 2465
132 93 217 134 5352
675 101 701 126 s
722 100 938 126 Acocsnm

132 192 366 242 sumptionis
406 197 464 229 est
502 190 633 227 dicere
678 190 859 239 cuiquam
904 201 1040 227 eorum
1081 194 1285 228 aeternum
1327 189 1471 241 suppli—

132 252 236 288 cium
270 262 345 287 non
381 250 574 300 futurum,
614 260 710 298 quos
745 247 847 285 Deus
879 249 1004 286 ituros
1038 249 1075 286 in
1109 248 1344 298 supplicium
1376 248 1473 288 dixit

133 314 353 359 aeternum,
393 314 430 346 et
471 319 541 358 per
581 306 698 345 huius
730 307 1060 357 praesumptionis
1093 308 1387 357 persuasionem
1420 307 1472 345 sa-

133 379 234 419 cere‚
267 372 310 405 ut
341 366 388 403 de
421 367 502 416 ipsa
529 378 683 416 quoque
718 366 793 403 vita
825 364 883 403 vel
916 365 1148 416 desperetur
1181 365 1240 403 vel
1272 365 1474 404 dubitetur

85 432 104 462 5
133 431 300 463 aeterna.

251 483 371 521 Nemo
399 484 529 532 itaque
562 484 618 520 sic
651 482 849 532 intellegat
882 481 1073 533 psalmum
1101 487 1323 520 canentem:
1356 484 1473 521 Num-

133 544 232 590 quid
256 543 511 580 obliviscetur
536 543 722 579 misereri
745 541 864 588 Deus,
898 546 968 579 aut
994 542 1213 579 continebit
1237 543 1278 579 in
1305 543 1370 580 ira
1401 553 1475 580 sua

133 603 409 639 miserationes
433 602 562 638 suas?
594 605 637 638 ut
663 600 847 649 opinetur
872 598 919 637 de
947 599 1169 637 hominibus
1196 598 1307 637 bonis
1334 611 1476 651 veram,

135 658 181 697 de
214 659 324 696 malis
357 658 509 709 salsam,
541 664 606 696 aut
638 657 684 696 de
717 657 830 695 bonis
862 657 1085 696 hominibus
1118 663 1156 696 et
1188 657 1297 695 malis
1330 658 1476 709 angelis

66 726 108 756 10
134 730 283 769 veram,
323 717 369 755 de
411 716 518 754 malis
557 722 686 754 autem
725 716 947 754 hominibus
987 716 1119 754 falsam
1158 716 1227 754 Dei
1264 728 1350 755 esse
1390 729 1476 755 sen-

135 778 308 814 tentiam.
370 775 452 813 Hoc
494 777 615 826 enim,
656 774 759 825 quod
799 777 851 813 ait
889 774 1077 826 psalmus,
1116 774 1162 813 ad
1201 787 1287 813 vasa
1326 777 1477 814 miseri-

135 834 290 873 cordiae
331 836 504 885 pertinet
544 839 582 872 et
623 834 668 871 ad
711 833 808 871 filios
850 835 1143 884 promissionis,
1185 845 1352 883 quorum
1395 838 1479 872 erat

135 906 239 931 unus
283 895 400 931 etiam
438 894 521 943 ipse
561 892 768 943 propheta,
814 893 880 942 qui
920 904 1008 930 cum
1053 891 1231 930 dixisset:
1277 893 1482 941 Numquid

137 954 393 991 obliviscetur
435 954 623 990 misereri
664 952 772 990 Deus
816 956 892 989 aut·
935 952 1153 990 continebit
1196 953 1237 989 in
1291 953 1356 990 ira
1404 963 1480 990 sua

69 1018 110 1049 15
138 1013 412 1049 miserationes
438 1011 561 1048 snas?
594 1011 779 1048 continuo
806 1008 990 1048 subiecit:
1022 1010 1073 1047 Et
1105 1011 1211 1047 dixi:
1244 1010 1360 1048 Nunc
1392 1022 1478 1049 coe-

132 1072 194 1119 pi,
235 1071 336 1108 haec
368 1074 426 1107 est
457 1071 665 1106 inmutatio
705 1070 899 1106 (lexim-ae
932 1069 1104 1106 Excelsi.
1168 1067 1358 1118 Exposuit
1390 1081 1479 1119 pro-

139 1129 239 1166 fecto
273 1127 365 1178 quid
398 1127 555 1165 dixerit:
595 1128 799 1174 Numquid
834 1127 1051 1165 continebit
1089 1128 1130 1164 in
1163 1128 1227 1164 ira
1259 1139 1334 1165 sua
1366 1129 1478 1165 mise-

138 1189 318 1225 rationes
343 1187 467 1224 suas?
517 1185 576 1222 Ira
609 1186 712 1223 enim
740 1185 807 1222 Dei
840 1191 899 1222 est
931 1186 1047 1222 etiam
1079 1186 1152 1222 ista
1185 1186 1260 1222 vita
1293 1186 1479 1237 mortalis,

139 1245 206 1283 ubi
247 1245 361 1282 homo
404 1245 562 1281 vanitati
599 1243 735 1281 similis
774 1244 898 1281 faetus
937 1249 1016 1294 est,
1055 1249 1093 1281 et
1130 1242 1213 1281 dies
1252 1245 1336 1282 eius
1376 1244 1482 1282 velut

70 1312 114 1342 20
140 1303 278 1342 umbra
318 1307 582 1354 praetereunt.
643 1301 686 1339 In
728 1313 802 1352 qua
845 1308 974 1339 tamen
1018 1303 1075 1339 ira
1119 1313 1196 1339 non
1239 1301 1482 1341 obliviscitur

140 1363 319 1400 misereri
351 1361 466 1411 Deus,
498 1360 675 1398 faciendo
708 1360 829 1398 solem
862 1372 976 1398 suum
1009 1361 1105 1398 oriri
1136 1372 1256 1411 super
1287 1360 1411 1399 bonos
1443 1366 1482 1399 et

140 1420 261 1459 malos
304 1425 344 1458 et
386 1419 556 1470 pluendo
601 1430 720 1469 super
757 1420 881 1456 iustos
922 1423 960 1456 et
997 1420 1184 1470 iniustos,
1227 1431 1270 1457 ac
1309 1421 1365 1458 sic
1403 1432 1480 1458 non

141 1481 316 1518 continet
348 1480 387 1516 in
425 1479 481 1515 ira
521 1489 590 1515 sua
629 1479 899 1515 miserationes
932 1489 1041 1529 suas3
1074 1479 1317 1528 maximeque
1350 1479 1391 1516 in
1423 1490 1481 1530 eo,

142 1537 245 1589 quod
285 1538 478 1587 expressit
515 1535 577 1573 hic
615 1535 787 1586 psalmus
825 1535 1008 1574 dicendo:
1052 1537 1168 1574 Nunc
1209 1539 1338 1585 coepi,
1381 1538 1484 1576 haee

71 1603 114 1634 25
142 1602 200 1635 est
231 1598 438 1634 inmutatio
471 1596 666 1633 dexterae
700 1595 877 1641 Excelsi,
917 1595 1101 1644 quoniam
1132 1596 1172 1632 in
1204 1594 1275 1632 hac
1307 1596 1389 1645 ipsa
1421 1607 1482 1633 ae-

141 1655 438 1693 rumnosissima
479 1654 571 1705 vita,
611 1664 708 1702 quae
746 1654 803 1690 ira
842 1652 911 1690 Dei
949 1658 1026 1704 est,
1062 1664 1151 1690 vasa
1192 1654 1482 1692 misericordiae

143 1719 267 1752 mutat
309 1714 349 1750 in
393 1711 553 1762 melius,
597 1713 771 1761 quamvis
810 1710 936 1749 adhuc
977 1712 1017 1749 in
1059 1711 1176 1749 huius
1217 1714 1482 1762 corruptionis

143 1773 298 1810 miseria
326 1776 480 1808 maneat
505 1771 560 1807 ira
587 1771 683 1821 eius,
716 1771 805 1819 quia
832 1781 904 1807 neo
935 1771 975 1807 in
1006 1770 1089 1819 ipsa
1121 1771 1176 1807 ira
1210 1782 1278 1808 sua
1310 1772 1485 1809 continet

144 1831 416 1868 miserationes
443 1840 544 1866 suas.
594 1828 691 1865 'Cum
719 1840 812 1878 ergo
838 1829 912 1866 isto
945 1827 1059 1865 modo
1092 1828 1333 1879 compleatur
1364 1829 1483 1867 divini

75 1896 119 1926 30
146 1889 248 1926 illius
281 1889 422 1926 cantici
454 1888 612 1933 veritas,
653 1898 729 1923 non
769 1891 829 1924 est
860 1897 945 1924 eam
977 1898 1138 1924 necesse
1171 1888 1287 1924 etiam
1319 1886 1395 1925 illic
1427 1889 1483 1925 in-

146 1947 291 1997 tellegi,
330 1945 396 1984 ubi
434 1957 510 1983 non
551 1945 793 1994 pertinentes
832 1944 877 1981 ad
917 1945 1111 1982 civitatem
1144 1943 1213 1982 Dei
1245 1947 1484 1996 sempiterno

146 2005 336 2055 supplicio
368 2005 593 2054 punientur.
657 2001 733 2039 Scd
772 2001 914 2052 quibus
946 2002 1072 2052 placet
1103 2004 1217 2041 istam
1251 2006 1483 2042 sententiam

241 2107 276 2149 8)
302 2105 358 2138 Ps.
387 2109 442 2147 76,
470 2107 524 2138 10.
577 2104 632 2145 16)
658 2102 708 2136 lb.
738 2105 792 2137 11.
842 2103 899 2145 22)
927 2103 990 2137 Mt.
1018 2106 1051 2146 5,
1077 2107 1132 2138 45.

242 2223 261 2253 8
284 2223 314 2253 et
338 2218 668 2300 lfifpiiserieordias
690 2218 724 2251 A
743 2220 755 2261 Η
777 2222 818 2252 17
840 2229 905 2252 sua
924 2229 1066 2253 erasum
1091 2220 1131 2253 in
1150 2221 1184 2254 A
1204 2222 1216 2264 ΙΙ
1236 2224 1278 2255 23
1300 2225 1331 2255 et
1349 2233 1383 2265 p.
1406 2226 1484 2264 533,

148 2271 170 2300 4
197 2278 261 2300 sua
286 2277 350 2301 om.
