1548 2562
390 140 442 164 DE
463 139 651 164 CIVITATE
672 139 741 164 DEI
759 139 792 163 L.
812 137 925 164 XVIH.
945 137 974 163 c.
995 139 1036 163 24.
1057 139 1099 164 25.
1322 129 1407 169 289

79 229 156 267 Sed
181 229 332 266 etiamsi
356 229 574 278 posteriora
600 233 774 277 tempora
800 227 894 265 deos
919 226 1096 265 homines
1122 232 1297 265 mortuos
1330 238 1409 264 non

78 288 349 338 instituerunt,
386 292 515 324 tamen
554 284 599 323 ab
638 287 808 335 antiquis
849 286 1049 323 institutos
1081 284 1208 322 colere
1241 289 1285 322 ut
1316 284 1409 322 deos

79 350 117 382 et
153 344 295 382 habere
334 356 411 382 non
449 344 701 394 destiterunt,
746 345 839 393 quin
875 345 993 381 ‘etiam
1031 342 1269 394 simulacris,
1310 354 1409 392 quae

78 408 228 441 veteres
254 414 331 440 non
358 401 563 453 habebant,
594 407 787 440 auxerunt
812 413 928 439 vanae
955 407 1070 451 atque
1101 402 1240 451 impiae
1274 413 1408 451 super-

78 462 246 499 stitionis
290 460 547 506 inlecebram,
590 459 628 497 id
667 459 923 497 efficientibus
963 459 1160 497 inmundis
1200 460 1239 497 in
1273 471 1409 496 eorum

78 518 195 557 corde
237 517 489 556 daemonibus
527 530 598 568 per
630 517 777 555 fallacia
809 529 963 567 quoque
995 518 1151 556 oracula
1183 517 1408 568 decipienti-

78 577 163 628 bus,
189 582 232 615 ut
252 576 424 615 fabulosa
446 578 560 614 etiam
587 577 748 614 crimina
774 575 949 627 deorum,
976 588 1073 626 quae
1099 577 1175 614 iam
1200 575 1409 613 urbaniore

79 635 232 673 saeculo
270 647 348 672 non
385 634 651 685 fingebantur,
694 645 765 684 per
805 633 917 672 ludos
958 640 1086 672 tamen
1124 635 1163 672 in
1196 633 1411 672 eorundem

79 693 264 731 falsorum
290 694 493 731 numinum
522 691 752 742 obsequium
780 693 947 743 turpiter
980 697 1199 742 agerentur.
1262 691 1410 742 Regna-

78 753 132 789 vit
162 751 300 789 deinde
333 750 457 789 Numa
489 756 577 802 post
608 750 828 802 Romulum,
861 752 927 800 qui
960 762 1048 788 cum
1080 750 1182 788 illam
1215 751 1410 788 civitatem

77 810 272 860 putaverit
302 809 464 847 deorum
496 809 672 859 profecto
705 808 890 846 falsorum
922 810 1200 847 numerositate
1234 810 1409 846 munien—

79 867 177 919 dam,
209 869 248 905 in
275 867 436 905 eandem
462 866 616 905 turbam
648 867 789 904 referri
821 872 1000 905 mortuus
1031 868 1114 917 ipse
1146 878 1224 904 non
1256 868 1413 918 meruit,

78 931 274 976 tamquam
318 927 370 963 ita
420 931 577 976 putatus
625 926 675 963 sit
724 924 872 962 caelum
914 924 1162 963 multitudine
1206 926 1412 963 numinum

79 985 338 1035 constipasse,
375 989 419 1021 ut
455 983 582 1021 locum
621 983 673 1021 ibi
717 984 891 1033 reperire
924 995 1001 1020 non
1033 988 1177 1033 posset.
1238 982 1320 1020 Hoc
1352 994 1411 1020 re-

79 1048 219 1092 gnante
252 1041 395 1079 Romae
434 1046 473 1079 et
504 1041 604 1092 apud
637 1040 835 1089 Hebraeos
872 1042 982 1079 initio
1022 1042 1132 1090 regni
1164 1040 1360 1092 Manasse,
1393 1052 1412 1078 a

80 1112 155 1150 quo
196 1101 313 1151 impio
351 1112 442 1149 rege
483 1099 673 1150 propheta
704 1098 837 1137 Esaias
869 1098 1100 1150 perhibetur
1131 1100 1305 1151 occisus,
1347 1098 1412 1136 Sa-

79 1160 194 1196 miam
225 1159 344 1196 fuisse
378 1157 559 1208 Sibyllam
590 1158 732 1196 ferunt.

588 1282 742 1324 CAPUT
769 1282 902 1323 XXV.

86 1369 164 1414 Qua·
188 1369 416 1417 philosophi
456 1369 675 1406 enituerint
710 1372 907 1414 remeante
938 1368 1050 1415 apud
1079 1366 1280 1405 Romanos
1316 1357 1412 1405 Tar-

80 1428 216 1474 quinio
249 1427 401 1473 Prisco,
433 1427 544 1475 apud
573 1426 778 1464 Hebraeos
805 1425 1013 1470 Sedechm,
1046 1436 1135 1463 cum
1162 1426 1413 1464 Hierusalem

360 1489 480 1533 capta
511 1488 569 1522 est
599 1486 859 1532 templumque
888 1483 1131 1522 subversum.

197 1564 395 1614 Regnante
427 1577 518 1603 vero
552 1565 652 1615 apud
684 1564 883 1602 Hebraeos
916 1563 1104 1601 Sedechia
1136 1569 1174 1602 et
1205 1565 1306 1615 apud
1339 1564 1412 1603 Ro-

81 1634 215 1661 manos
258 1622 470 1673 Tarquinio
514 1623 670 1673 Prisco,
714 1624 781 1671 qui
825 1627 1069 1659 successerat
1112 1622 1218 1660 Anco
1259 1622 1414 1675 Marcio,

81 1681 223 1720 ductus
268 1686 326 1718 est
371 1683 544 1731 captivus
595 1682 632 1718 in
679 1680 925 1730 Babyloniam
970 1679 1137 1730 populus
1180 1679 1413 1719 Iudaeorum

82 1750 216 1777 eversa
247 1738 490 1777 Hierusalem
528 1744 568 1776 et
606 1737 750 1788 templo
788 1737 852 1775 illo
884 1750 904 1775 a
938 1737 1140 1775 Salomone
1173 1744 1411 1777 constructo.

82 1797 332 1847 Increpantes
370 1798 474 1835 enim
512 1809 577 1835 eos
614 1795 826 1847 prophetae
871 1795 917 1833 de
956 1795 1227 1845 iniquitatibus
1268 1803 1306 1835 et
1343 1799 1412 1835 im-

81 1854 290 1906 pietatibus
335 1856 416 1893 suis
462 1854 556 1892 haec
607 1856 662 1892 eis
708 1859 867 1892 ventura
911 1854 1204 1906 praedixerant,
1250 1857 1413 1893 maxime

81 1913 317 1965 Hieremias,
362 1915 427 1963 qui
471 1915 586 1951 etiam
629 1924 835 1950 numerum
880 1911 1052 1950 definivit
1095 1924 1296 1951 annorum.
1357 1912 1413 1952 Eo

81 1977 256 2022 tempore
289 1971 461 2009 Pittacus
493 1970 766 2022 Mitylenaeus,
798 1970 894 2008 alius
927 1982 947 2007 e
981 1975 1130 2021 septem
1162 1971 1414 2023 sapientibus,

83 2030 203 2068 fuisse
244 2029 484 2080 perhibetur.
545 2028 594 2067 Et
635 2030 806 2079 quinque
847 2034 1019 2079 ceteros,
1064 2029 1146 2079 qui,
1184 2033 1228 2066 ut
1265 2034 1414 2080 septem

83 2093 362 2139 numerentur,
403 2087 572 2138 Thaleti,
614 2099 730 2137 quem
768 2098 885 2137 supra
923 2088 1330 2139 commemoravimus,
1374 2093 1413 2126 et

82 2145 173 2183 huic
198 2145 347 2183 Pittaco
375 2145 581 2196 adduntur,
613 2157 658 2183 eo
685 2150 860 2195 tempore
894 2144 1012 2182 fuisse
1046 2143 1182 2182 scribit
1208 2144 1412 2196 Eusebius,

83 2215 160 2254 quo
205 2205 378 2254 captivus
422 2203 490 2241 Dei
539 2203 707 2254 populus
749 2204 790 2241 in
832 2201 1041 2253 Babylonia
1086 2201 1304 2241 tenebatur.
1365 2203 1411 2242 Hi

177 2294 234 2336 28)
260 2292 418 2326 Hierem.
446 2295 501 2334 25,
529 2295 582 2327 11.

154 2364 227 2382 Auo.
247 2364 288 2382 DE
308 2363 369 2382 σιν.
392 2363 455 2381 nm.
474 2357 514 2381 ΙΙ.
617 2358 620 2361 “
1090 2352 1131 2383 19

1436 470 1456 501 5

1439 759 1482 790 10

1442 1051 1482 1081 15

1441 1436 1484 1465 20

1441 1748 1484 1778 25

1440 2039 1534 2072 30.
