1548 2562
397 123 450 148 DE
470 122 659 148 CIVITATE
677 123 747 148 DEI
766 123 798 147 L.
818 123 886 148 ΧΠ.
907 123 935 148 c.
956 124 997 149 26.
1279 114 1359 154 115

27 213 193 252 Humani
238 213 380 262 quippe
429 213 605 262 corporis
648 211 846 262 longitudo
891 223 911 249 3
954 213 1098 250 vertice
1144 224 1267 262 usque
1312 213 1357 250 ad

27 272 187 321 vestigia
221 272 374 308 sexiens
407 275 557 308 tantum
589 269 704 307 habet
737 282 852 320 quam
883 269 1057 321 latitudo,
1089 282 1187 320 quae
1221 276 1280 308 est
1313 270 1358 308 ab

27 341 105 368 uno
131 328 250 366 latere
278 328 323 366 ad
350 328 513 366 alterum
546 327 657 378 latus,
690 334 727 365 et
759 328 916 365 deciens
948 333 1096 366 tantum
1130 340 1244 378 quam
1276 329 1358 366 alti-

28 387 138 438 tudo,
178 388 289 425 cuius
328 386 542 424 altitudinis
584 398 767 424 mensura
799 392 858 424 est
888 388 927 424 in
959 386 1078 424 latere
1111 399 1131 424 a
1163 386 1279 424 dorso
1313 386 1357 424 ad

27 450 222 496 ventrem3
265 444 370 482 velut
414 445 445 482 si
488 445 679 481 iacentem
719 443 916 482 hominem
960 446 1133 483 metiaris
1176 446 1357 495 supinum

29 515 97 542 seu
123 515 303 553 pronum,
336 503 489 540 sexiens
515 507 666 540 tantum
691 501 829 552 longus
857 508 915 540 est
941 515 960 540 3
993 504 1117 554 capite
1150 503 1194 541 ad
1227 502 1359 553 pedes,

29 573 142 612 quam
168 560 267 599 latus
295 573 315 598 a
344 560 479 598 dextra
505 562 544 598 in
571 561 768 598 sinistram
794 560 853 597 vel
879 573 899 598 a
926 562 1081 599 sinistra
1106 563 1145 599 in
1173 561 1359 612 dextram,

28 625 66 658 et
98 619 266 670 deciens,
298 630 413 668 quam
439 618 538 656 altus
570 630 590 656 a
621 623 738 656 terra.
798 617 907 656 Unde
940 619 1039 657 facta
1073 625 1131 658 est
1163 631 1251 658 arca
1282 625 1358 658 tre-

28 683 233 715 centorum
257 678 297 714 in
329 676 569 726 longitudine
602 675 823 714 cubitorum
856 682 895 715 et
926 679 1204 728 quinquaginta
1236 679 1275 716 in
1307 678 1357 715 la-

27 735 192 774 titudine
243 740 281 773 et
329 736 486 785 triginta
536 735 576 772 in
626 734 840 772 altitudine.
902 733 951 773 Et
995 735 1096 785 quod
1135 738 1277 774 ostium
1318 737 1357 773 in

27 793 146 832 latere
174 794 334 844 accepit,
365 792 540 843 profecto
566 792 659 830 illud
686 798 745 830 est
771 792 921 844 vulnus,
954 794 1107 843 quando
1140 794 1240 832 latus
1272 792 1357 832 cru-

28 852 132 889 cifixi
162 851 293 889 lancea
326 852 566 901 perforatum
600 856 675 902 est,
706 850 777 888 1136
809 852 952 901 quippe
985 851 1031 889 ad
1063 851 1171 890 illum
1204 854 1357 890 venien—

27 916 86 948 tes
118 910 409 960 ingrediuntur,
449 910 537 959 quia
569 908 658 946 inde
691 914 930 947 sacramenta
962 915 1185 960 manarunt,
1218 910 1359 960 quibus

28 967 232 1006 credentes
276 969 490 1005 initiantur.
557 966 606 1004 Et
650 967 752 1016 quod
797 967 842 1005 de
875 967 988 1017 lignis
1034 967 1231 1017 quadratis
1275 969 1359 1006 fieri

27 1025 197 1077 iubetur,
228 1025 399 1075 undique
427 1024 602 1063 stabilem
630 1026 744 1063 vitam
772 1031 995 1063 sanctorum
1029 1027 1234 1077 significat3
1267 1039 1357 1076 qua-

28 1095 194 1134 cumque
228 1085 331 1121 enim
362 1085 526 1121 verteris
559 1082 805 1134 quadratum,
848 1083 980 1135 stabit,
1012 1090 1050 1122 et
1083 1090 1229 1135 cetera,
1262 1097 1359 1134 quae

27 1143 66 1180 in
99 1141 274 1180 eiusdem
306 1153 416 1179 arcae
449 1142 740 1179 constructione
773 1141 977 1193 dicuntur,
1010 1142 1360 1181 ecclesiasticarum

28 1201 135 1250 signa
167 1205 259 1237 sunt
289 1211 433 1237 rerum.

146 1257 219 1295 Sed
254 1269 297 1295 ea
329 1269 434 1295 nunc
465 1259 649 1308 persequi
682 1257 839 1307 longum
871 1263 948 1309 est3
987 1264 1025 1296 et
1056 1258 1129 1295 1106
1161 1260 1237 1296 iam
1269 1259 1358 1296 feci-

26 1327 113 1354 mus
138 1317 178 1353 in
211 1327 347 1367 opere,
387 1315 489 1365 quod
521 1315 706 1353 adversus
732 1315 918 1353 Faustum
945 1316 1211 1354 Manicliaeum
1239 1318 1357 1367 scrip-

28 1375 162 1425 simus,
195 1379 399 1424 negantem
431 1374 470 1411 in
502 1373 769 1411 Hebraeorum
808 1373 917 1411 libris
949 1374 1092 1424 aliquid
1125 1375 1171 1412 de
1205 1374 1359 1413 Christo

28 1443 114 1470 esse
155 1431 440 1482 prophetatum.
503 1431 552 1469 Et
592 1432 676 1469 fieri
715 1431 871 1482 quidem
908 1438 1057 1484 potest,
1098 1438 1142 1470 ut
1179 1438 1217 1471 et
1248 1433 1359 1471 nobis

27 1491 216 1540 quispiam
255 1495 293 1527 et
331 1489 428 1527 alius
465 1489 538 1527 alio
577 1495 743 1540 exponat
780 1490 875 1528 haec
908 1492 1053 1541 aptius,
1091 1490 1183 1529 dum
1230 1497 1358 1529 tamen

26 1559 87 1599 ea,
126 1559 223 1597 quae
255 1548 457 1598 dicuntur,
495 1547 540 1585 ad
579 1547 677 1585 113116
715 1548 761 1586 de
795 1560 868 1597 qua
902 1548 1097 1598 loquimur
1130 1549 1198 1586 Dei
1230 1550 1358 1587 civita-

26 1612 103 1644 tem
137 1606 176 1643 in
209 1605 281 1644 1106
314 1605 468 1644 53661110
507 1606 673 1656 maligno
712 1612 907 1655 tamquam
939 1608 978 1643 in
1011 1606 1154 1644 diluvio
1186 1610 1357 1657 peregri-

26 1668 181 1702 nantem
226 1665 353 1701 omnia
397 1664 640 1714 referantur,
689 1665 720 1701 si
770 1664 815 1701 ab
866 1666 949 1702 eius
988 1676 1123 1716 sensu,
1168 1666 1234 1714 qui
1286 1667 1358 1703 ista

26 1723 270 1772 conscripsit,
297 1734 374 1759 non
400 1722 481 1760 vult
507 1721 619 1772 longe
647 1721 840 1773 aberrare,
873 1723 938 1772 qui
965 1724 1132 1772 exponit.
1182 1723 1359 1774 Exempli

26 1778 159 1831 gratia,
185 1780 290 1818 velut
316 1781 348 1817 si
375 1781 577 1831 quispiam,
610 1780 712 1829 quod
739 1780 801 1817 1116
828 1782 1016 1830 scriptum
1044 1787 1119 1819 est:
1154 1781 1358 1829 Inferiora

26 1839 274 1877 bicamerata
306 1843 344 1876 et
374 1840 639 1876 tricamerata
667 1838 797 1886 facies
829 1850 932 1886 eam,
971 1850 1048 1876 non
1081 1840 1182 1888 quod
1217 1852 1286 1889 ego
1319 1841 1357 1877 111

25 1895 89 1933 1110
129 1908 245 1947 opere
285 1895 363 1934 dixi
402 1896 493 1934 velit
530 1896 719 1948 intellegi,
758 1898 846 1946 quia
885 1909 931 1934 ex
964 1896 1143 1935 omnibus
1176 1897 1356 1947 gentihus

25 1954 187 1992 ecclesia
236 1960 515 2006 congregatur,
566 1954 839 1992 bicameratam
891 1954 1032 1992 dictam
1076 1961 1237 2006 propter
1281 1956 1356 1993 duo

24 2024 166 2062 genera
203 2012 425 2064 hominum,
464 2014 801 2051 circumcisionem
840 2012 987 2051 scilieet
1029 2018 1066 2050 et
1097 2015 1356 2066 praeputium,

26 2082 122 2120 quos
169 2071 366 2121 apostolus
419 2076 458 2108 et
510 2070 582 2108 alio
630 2070 743 2108 modo
797 2070 890 2108 dicit
942 2070 1104 2109 Iudaeos
1155 2078 1194 2110 et
1240 2071 1355 2110 Grae-

119 2161 175 2201 12)
200 2158 249 2194 10.
281 2163 332 2201 19,
360 2163 414 2193 34.
465 2160 522 2202 20)
548 2159 587 2194 L.
617 2164 670 2193 12.
698 2171 726 2194 c.
758 2163 809 2195 14.
859 2162 916 2202 29)
945 2159 1031 2194 Gen.
1060 2164 1090 2202 6,
1121 2164 1172 2194 16.

119 2280 135 2309 1
163 2275 209 2310 ad
235 2286 297 2310 om.
325 2274 361 2309 R

1022 2334 1071 2368 8*

1386 742 1429 773 10

1388 1034 1429 1064 15

1386 1324 1429 1355 ‘20

1385 1614 1428 1645 25

1384 1906 1427 1935 30
