1611 2465
46 829 89 860 10

47 1124 90 1158 15.

47 1710 90 1741 25

118 95 202 136 356
658 108 683 132 s.
703 106 923 134 AUGUSTIM

658 239 809 282 CAPUT
841 240 915 283 IV.

116 327 176 365 De
207 338 355 365 summo
389 327 489 364 bono
523 330 561 364 et
590 337 738 364 summo
769 328 873 365 malo
905 329 1004 374 quid
1033 328 1255 367 chrismam·
1283 331 1459 368 sentiant

193 390 335 424 contra
363 385 629 434 philosophos,
661 386 732 432 qui
759 396 953 424 summum
985 387 1127 425 bonum
1159 389 1201 426 in
1231 399 1274 426 se
1304 389 1383 426 sibi

628 455 712 482 esse
744 445 947 482 dixerunt.

238 526 278 564 Si
311 538 404 576 ergo
443 531 655 575 quaeratur
694 537 714 563 a
755 525 886 574 nobis,
925 526 1018 576 quid
1051 528 1185 565 civitas
1217 527 1287 566 Dei
1319 528 1365 567 de
1398 528 1458 567 his

115 577 278 635 singulis
311 586 551 634 interrogata
582 583 818 635 respondeat
854 596 898 622 ac
929 586 1102 635 primum
1135 585 1182 624 de
1215 586 1358 625 finibus
1390 586 1456 625 bo-

109 655 255 681 norum
300 643 570 693 malorumque
617 643 709 693 quid
754 639 913 681 sentIat:
963 643 1216 694 respondebit
1259 650 1459 684 aeternam

113 704 232 740 vitam
266 713 351 740 esse
379 713 575 740 summum
608 701 767 754 bonum,
799 706 998 740 aeternam
1031 714 1122 743 vero
1154 709 1321 742 mortem
1353 716 1457 743 sum-

116 773 222 799 mum
263 760 423 812 malum3
462 766 624 811 propter
662 759 765 798 illam
802 760 967 811 proinde
1006 760 1457 812 adipiscendam'istam-

117 832 191 871 que
225 819 419 858 vitandam
458 824 565 858 recte
605 818 717 857 nobis
757 831 843 857 esse
875 819 1119 876 vivendum7‘
1154 819 1322 871 Propter
1354 821 1459 871 quod

115 880 306 930 scriptum
332 883 412 917 est:
446 879 579 917 Iustus
605 890 657 917 ex
678 880 762 925 fide
787 880 903 923 vivit;
935 879 1119 928 quoniam
1151 891 1279 929 neque
1312 879 1458 918 bonum
1517 908 1520 911 Α

115 943 295 976 nostrum
328 939 404 975 iam
435 937 630 989 videmus,
670 937 773 975 unde
806 942 963 987 oportet
995 943 1037 975 ut
1069 937 1264 976 credendo
1298 950 1458 989 quaera-

115 1008 219 1048 muS‚
263 1008 390 1046 neque
423 997 552 1046 ipsum
584 1001 692 1034 recte
725 997 854 1033 vivere
893 995 1006 1033 nobis
1044 1008 1091 1034 ex
1123 995 1235 1035 nobis
1268 1003 1345 1050 est,
1383 998 1459 1036 nisi

115 1055 323 1094 credentes
365 1054 521 1093 adiuvet
558 1060 597 1092 et
635 1059 791 1092 orantes
835 1055 903 1104 qui
941 1059 980 1092 et
1017 1056 1141 1105 ipsam
1179 1055 1297 1105 fidem
1339 1056 1458 1108 dedit,

116 1126 192 1165 qua
234 1126 304 1151 nos
345 1113 392 1151 ab
431 1113 496 1151 illo
536 1112 772 1151 adiuvandos
811 1124 897 1150 esse
937 1112 1154 1151 credamus.
1216 1113 1274 1152 llli
1316 1120 1458 1168 autem,

116 1174 183 1223 qui
221 1174 260 1211 in
296 1173 372 1210 ista
412 1173 487 1210 vita
526 1172 622 1209 fines
660 1171 853 1209 bonorum
888 1176 927 1209 et
958 1171 1267 1211 malorumesse
1299 1179 1458 1224 putave-

115 1237 232 1283 runt,
277 1231 356 1269 sive
402 1232 442 1268 in
487 1242 652 1281 corpore
696 1231 776 1268 sive
821 1231 861 1267 in
905 1225 1033 1268 animo
1079 1232 1158 1269 sive
1202 1232 1243 1269 in
1288 1238 1457 1282 utroque

116 1295 308 1341 ponentes
348 1301 545 1327 summum
583 1288 748 1339 bonum,
787 1284 921 1340 atque,
959 1294 1002 1327 ut
1040 1288 1077 1326 id
1117 1289 1348 1340 explicatius
1381 1291 1457 1329 elo-

116 1360 231 1400 quar,
275 1349 354 1386 sive
394 1350 435 1386 in
473 1347 668 1398 voluptate
708 1349 788 1385 sive
827 1348 867 1385 in
905 1348 1049 1386 virtute
1088 1349 1167 1386 sive
1207 1350 1247 1386 in
1280 1355 1458 1401 utraque,

117 1409 196 1445 sive
234 1408 275 1445 in
314 1408 444 1456 quiete
485 1407 564 1444 sive
611 1408 651 1444 in
694 1407 838 1444 virtute
878 1407 957 1444 sive
996 1408 1035 1444 in
1073 1411 1258 1459 utraque,
1302 1409 1381 1446 sive
1419 1410 1459 1447 in

117 1465 314 1517 voluptate
347 1464 463 1503 simul
489 1470 529 1503 et
560 1466 691 1515 quiete
724 1466 802 1504 sive
835 1466 875 1503 in
907 1466 1050 1503 virtute
1084 1466 1163 1503 sive
1190 1467 1236 1504 'in
1267 1468 1459 1519 utrisque,

117 1526 197 1563 sive
236 1526 276 1562 in
313 1525 451 1574 primis
490 1529 651 1562 naturae
696 1525 776 1561 sive
815 1524 855 1561 in
895 1524 1038 1561 virtute
1078 1525 1157 1562 sive
1195 1525 1235 1562 in
1267 1526 1459 1578 utrisque,

117 1583 180 1621 hic
224 1582 328 1621 beati
372 1594 459 1621 esse
504 1588 543 1621 et
587 1594 607 1620 a
658 1594 699 1621 se
743 1583 838 1633 ipsis
888 1581 1101 1620 beatificari
1150 1584 1248 1621 mira
1292 1585 1459 1623 vanitate

118 1641 337 1680 voluerunt.
400 1634 535 1679 Inrisit
571 1641 641 1679 hos
679 1640 830 1679 Veritas
868 1652 938 1691 per
975 1636 1207 1692 prophetam
1246 1641 1459 1682 dicentem:

118 1702 314 1739 Dominus,
342 1702 452 1739 novit
481 1702 744 1751 cogitationes
775 1701 976 1738 hominum
1008 1699 1079 1747 vel,
1111 1701 1214 1739 sicut
1245 1700 1319 1740 hoc
1351 1703 1458 1741 testi-

118 1760 293 1797 monium
330 1760 463 1809 posuit
504 1758 702 1809 apostolus
734 1757 897 1797 Paulus:
936 1759 1128 1797 Dominus
1168 1761 1277 1798 novit
1306 1762 1458 1809 coyz‘ta-

119 1820 244 1857 tiones
274 1815 527 1869 sapientium,
558 1819 746 1865 quoniam
777 1828 908 1856 vanae
938 1821 1040 1855 sunt.

238 1875 334 1927 Quis
361 1877 464 1914 enim
494 1877 639 1914 suflicit
667 1877 870 1925 quantovis
897 1875 1141 1925 eloquentiae
1167 1875 1326 1914 flumine
1358 1878 1458 1918 vitae

119 1934 236 1973 huius
280 1936 457 1973 miserias
501 1931 726 1985 explicare?
788 1934 911 1979 Quam
953 1933 1186 1972 lamentatus
1225 1941 1285 1973 est
1321 1934 1458 1974 Cicero
1487 1929 1496 1936 ”

49 2003 93 2033 30
120 1995 159 2031 in
192 1993 456 2031 consolatione
484 1992 530 2031 de
558 1992 682 2031 morte
716 1992 827 2044 filiae,
859 1994 962 2030 sicut
992 1994 1136 2044 potuit3
1169 1992 1236 2031 sed
1270 2000 1458 2044 quantum

119 2058 179 2089 est
206 2052 309 2102 quod
335 2049 491 2102 potuit?
533 2050 589 2089 Ea
615 2052 771 2102 quippe,
797 2062 895 2101 quae
922 2050 1108 2089 dicuntur
1133 2053 1258 2102 prima
1284 2058 1458 2104 naturae,

215 2155 270 2191 ιι)
298 2153 409 2189 Abac.
430 2157 463 2196 2,
485 2157 525 2195 43
557 2152 636 2188 Gal.
664 2156 697 2196 3,
726 2157 777 2186 11.
829 2153 888 2195 27)
913 2148 968 2186 ΡΒ.
997 2155 1053 2195 93,
1086 2156 1148 2195 11;
1176 2156 1206 2186 1.
1235 2151 1314 2188 Cor.
1342 2156 1375 2197 3,
1401 2157 1456 2188 20.

214 2285 257 2315 23
285 2281 489 2316 beatificari
515 2282 550 2316 R
574 2282 657 2323 (vol.
685 2282 722 2324 I,
748 2284 828 2323 314,
855 2267 907 2323 3,·'
924 2284 981 2323 5);
1006 2280 1106 2315 beati
1131 2280 1209 2315 fieri
1233 2292 1254 2316 v
