<?xml version="1.0" encoding="UTF-8"?>
<!DOCTYPE html PUBLIC "-//W3C//DTD XHTML 1.0 Transitional//EN"
    "http://www.w3.org/TR/xhtml1/DTD/xhtml1-transitional.dtd">
<html xmlns="http://www.w3.org/1999/xhtml" xml:lang="en" lang="en">
 <head>
  <title>
</title>
<meta http-equiv="Content-Type" content="text/html;charset=utf-8" />
  <meta name='ocr-system' content='tesseract 3.04.00' />
  <meta name='ocr-capabilities' content='ocr_page ocr_carea ocr_par ocr_line ocrx_word'/>
</head>
<body>
  <div class='ocr_page' id='page_1' title='image "./sanctiaureliiaug02auguuoft_0032.png"; bbox 0 0 1495 2489; ppageno 0'>
   <div class='ocr_carea' id='block_1_1' title="bbox 40 755 80 786">
    <p class='ocr_par' dir='ltr' id='par_1_1' title="bbox 40 755 80 786">
     <span class='ocr_line' id='line_1_1' title="bbox 40 755 80 786; baseline 0.025 -1"><span class='ocrx_word' id='word_1_1' title='bbox 40 755 80 786; x_wconf 92' lang='lat'>10</span> 
     </span>
    </p>
   </div>
   <div class='ocr_carea' id='block_1_2' title="bbox 38 1047 79 1078">
    <p class='ocr_par' dir='ltr' id='par_1_2' title="bbox 38 1047 79 1078">
     <span class='ocr_line' id='line_1_2' title="bbox 38 1047 79 1078; baseline 0 0"><span class='ocrx_word' id='word_1_2' title='bbox 38 1047 79 1078; x_wconf 84' lang='lat'>15</span> 
     </span>
    </p>
   </div>
   <div class='ocr_carea' id='block_1_3' title="bbox 38 1340 81 1371">
    <p class='ocr_par' dir='ltr' id='par_1_3' title="bbox 38 1340 81 1371">
     <span class='ocr_line' id='line_1_3' title="bbox 38 1340 81 1371; baseline 0.023 -1"><span class='ocrx_word' id='word_1_3' title='bbox 38 1340 81 1371; x_wconf 81' lang='lat'>20</span> 
     </span>
    </p>
   </div>
   <div class='ocr_carea' id='block_1_4' title="bbox 37 1632 79 1662">
    <p class='ocr_par' dir='ltr' id='par_1_4' title="bbox 37 1632 79 1662">
     <span class='ocr_line' id='line_1_4' title="bbox 37 1632 79 1662; baseline 0.024 -1"><span class='ocrx_word' id='word_1_4' title='bbox 37 1632 79 1662; x_wconf 78' lang='lat'>25</span> 
     </span>
    </p>
   </div>
   <div class='ocr_carea' id='block_1_5' title="bbox 37 1924 81 1954">
    <p class='ocr_par' dir='ltr' id='par_1_5' title="bbox 37 1924 81 1954">
     <span class='ocr_line' id='line_1_5' title="bbox 37 1924 81 1954; baseline 0 0"><span class='ocrx_word' id='word_1_5' title='bbox 37 1924 81 1954; x_wconf 88' lang='lat'>30</span> 
     </span>
    </p>
   </div>
   <div class='ocr_carea' id='block_1_6' title="bbox 108 89 906 130">
    <p class='ocr_par' dir='ltr' id='par_1_6' title="bbox 108 89 906 130">
     <span class='ocr_line' id='line_1_6' title="bbox 108 89 906 130; baseline -0.013 0"><span class='ocrx_word' id='word_1_6' title='bbox 108 89 162 130; x_wconf 77' lang='grc'>26</span> <span class='ocrx_word' id='word_1_7' title='bbox 644 96 670 122; x_wconf 83' lang='lat' dir='ltr'>s.</span> <span class='ocrx_word' id='word_1_8' title='bbox 690 96 906 122; x_wconf 74' lang='lat' dir='ltr'><strong>AUGUSTIM</strong></span> 
     </span>
    </p>
   </div>
   <div class='ocr_carea' id='block_1_7' title="bbox 649 193 887 236">
    <p class='ocr_par' dir='ltr' id='par_1_7' title="bbox 649 193 887 236">
     <span class='ocr_line' id='line_1_7' title="bbox 649 193 887 236; baseline 0 -1"><span class='ocrx_word' id='word_1_9' title='bbox 649 194 806 236; x_wconf 80' lang='lat' dir='ltr'>CAPUT</span> <span class='ocrx_word' id='word_1_10' title='bbox 837 193 887 235; x_wconf 92' lang='lat' dir='ltr'>X.</span> 
     </span>
    </p>
   </div>
   <div class='ocr_carea' id='block_1_8' title="bbox 107 268 1433 423">
    <p class='ocr_par' dir='ltr' id='par_1_8' title="bbox 107 268 1433 423">
     <span class='ocr_line' id='line_1_8' title="bbox 107 268 1433 319; baseline -0.002 -11"><span class='ocrx_word' id='word_1_11' title='bbox 107 271 167 309; x_wconf 78' lang='lat' dir='ltr'>An</span> <span class='ocrx_word' id='word_1_12' title='bbox 190 272 341 319; x_wconf 71' lang='lat' dir='ltr'>primos</span> <span class='ocrx_word' id='word_1_13' title='bbox 372 272 547 309; x_wconf 71' lang='lat' dir='ltr'>homines</span> <span class='ocrx_word' id='word_1_14' title='bbox 573 270 610 306; x_wconf 75' lang='lat' dir='ltr'>in</span> <span class='ocrx_word' id='word_1_15' title='bbox 640 269 836 316; x_wconf 78' lang='lat' dir='ltr'>pctrade&#39;so</span> <span class='ocrx_word' id='word_1_16' title='bbox 869 268 1099 305; x_wconf 73' lang='lat' dir='ltr'>constitutos</span> <span class='ocrx_word' id='word_1_17' title='bbox 1130 269 1247 305; x_wconf 73' lang='lat' dir='ltr'>nulh&#39;s</span> <span class='ocrx_word' id='word_1_18' title='bbox 1273 272 1433 316; x_wconf 81' lang='lat' dir='ltr'>pertur-</span> 
     </span>
     <span class='ocr_line' id='line_1_9' title="bbox 178 325 1370 377; baseline -0.002 -11"><span class='ocrx_word' id='word_1_19' title='bbox 178 330 420 376; x_wconf 67' lang='lat' dir='ltr'>baHonibus,</span> <span class='ocrx_word' id='word_1_20' title='bbox 456 330 693 377; x_wconf 66' lang='lat' dir='ltr'>priusquam</span> <span class='ocrx_word' id='word_1_21' title='bbox 725 327 1017 373; x_wconf 74' lang='lat' dir='ltr'>delinquerent,</span> <span class='ocrx_word' id='word_1_22' title='bbox 1049 325 1216 372; x_wconf 81' lang='lat' dir='ltr'>affectos</span> <span class='ocrx_word' id='word_1_23' title='bbox 1242 325 1370 374; x_wconf 76' lang='lat' dir='ltr'>fuisse</span> 
     </span>
     <span class='ocr_line' id='line_1_10' title="bbox 601 386 937 423; baseline -0.003 -1"><span class='ocrx_word' id='word_1_24' title='bbox 601 386 845 423; x_wconf 78' lang='lat' dir='ltr'>credendum</span> <span class='ocrx_word' id='word_1_25' title='bbox 876 386 937 422; x_wconf 80' lang='lat' dir='ltr'>sz&#39;t.</span> 
     </span>
    </p>
   </div>
   <div class='ocr_carea' id='block_1_9' title="bbox 106 449 1438 2081">
    <p class='ocr_par' dir='ltr' id='par_1_9' title="bbox 106 449 1438 2081">
     <span class='ocr_line' id='line_1_11' title="bbox 225 449 1435 506; baseline -0.001 -12"><span class='ocrx_word' id='word_1_26' title='bbox 225 457 299 494; x_wconf 85' lang='lat' dir='ltr'>Sed</span> <span class='ocrx_word' id='word_1_27' title='bbox 328 462 461 494; x_wconf 89' lang='lat' dir='ltr'>utrum</span> <span class='ocrx_word' id='word_1_28' title='bbox 486 455 637 505; x_wconf 89' lang='lat' dir='ltr'>primus</span> <span class='ocrx_word' id='word_1_29' title='bbox 662 454 776 492; x_wconf 92' lang='lat' dir='ltr'>homo</span> <span class='ocrx_word' id='word_1_30' title='bbox 803 454 862 492; x_wconf 82' lang='lat' dir='ltr'>vel</span> <span class='ocrx_word' id='word_1_31' title='bbox 893 455 1009 504; x_wconf 86' lang='lat' dir='ltr'>primi</span> <span class='ocrx_word' id='word_1_32' title='bbox 1040 453 1216 492; x_wconf 89' lang='lat' dir='ltr'>homines</span> <span class='ocrx_word' id='word_1_33' title='bbox 1249 449 1435 506; x_wconf 89' lang='lat' dir='ltr'>(duorum</span> 
     </span>
     <span class='ocr_line' id='line_1_12' title="bbox 108 509 1434 565; baseline -0.001 -12"><span class='ocrx_word' id='word_1_34' title='bbox 108 522 191 554; x_wconf 86' lang='lat' dir='ltr'>erat</span> <span class='ocrx_word' id='word_1_35' title='bbox 218 517 360 565; x_wconf 86' lang='lat' dir='ltr'>quippe</span> <span class='ocrx_word' id='word_1_36' title='bbox 388 509 631 565; x_wconf 83' lang='lat' dir='ltr'>coniugium)</span> <span class='ocrx_word' id='word_1_37' title='bbox 658 512 850 551; x_wconf 87' lang='lat' dir='ltr'>habebant</span> <span class='ocrx_word' id='word_1_38' title='bbox 880 514 976 550; x_wconf 91' lang='lat' dir='ltr'>istos</span> <span class='ocrx_word' id='word_1_39' title='bbox 1007 513 1169 550; x_wconf 82' lang='lat' dir='ltr'>affectus</span> <span class='ocrx_word' id='word_1_40' title='bbox 1201 514 1240 550; x_wconf 93' lang='lat' dir='ltr'>in</span> <span class='ocrx_word' id='word_1_41' title='bbox 1272 525 1434 564; x_wconf 87' lang='lat' dir='ltr'>corpore</span> 
     </span>
     <span class='ocr_line' id='line_1_13' title="bbox 107 571 1436 623; baseline -0.001 -12"><span class='ocrx_word' id='word_1_42' title='bbox 107 574 261 612; x_wconf 80' lang='lat' dir='ltr'>animali</span> <span class='ocrx_word' id='word_1_43' title='bbox 305 578 392 610; x_wconf 88' lang='lat' dir='ltr'>ante</span> <span class='ocrx_word' id='word_1_44' title='bbox 437 577 664 623; x_wconf 87' lang='lat' dir='ltr'>peccatum,</span> <span class='ocrx_word' id='word_1_45' title='bbox 708 571 840 621; x_wconf 86' lang='lat' dir='ltr'>quales</span> <span class='ocrx_word' id='word_1_46' title='bbox 878 572 917 608; x_wconf 93' lang='lat' dir='ltr'>in</span> <span class='ocrx_word' id='word_1_47' title='bbox 956 582 1120 621; x_wconf 86' lang='lat' dir='ltr'>corpore</span> <span class='ocrx_word' id='word_1_48' title='bbox 1159 571 1321 621; x_wconf 88' lang='lat' dir='ltr'>spiritali</span> <span class='ocrx_word' id='word_1_49' title='bbox 1358 584 1436 610; x_wconf 91' lang='lat' dir='ltr'>non</span> 
     </span>
     <span class='ocr_line' id='line_1_14' title="bbox 108 630 1435 681; baseline -0.001 -12"><span class='ocrx_word' id='word_1_50' title='bbox 108 632 335 670; x_wconf 76' lang='lat' dir='ltr'>habebimus</span> <span class='ocrx_word' id='word_1_51' title='bbox 376 632 481 668; x_wconf 93' lang='lat' dir='ltr'>omni</span> <span class='ocrx_word' id='word_1_52' title='bbox 512 636 676 681; x_wconf 78' lang='lat' dir='ltr'>purgato</span> <span class='ocrx_word' id='word_1_53' title='bbox 709 630 895 680; x_wconf 87' lang='lat' dir='ltr'>finitoque</span> <span class='ocrx_word' id='word_1_54' title='bbox 928 635 1107 680; x_wconf 78' lang='lat' dir='ltr'>peccato,</span> <span class='ocrx_word' id='word_1_55' title='bbox 1145 641 1222 667; x_wconf 90' lang='lat' dir='ltr'>non</span> <span class='ocrx_word' id='word_1_56' title='bbox 1255 631 1435 669; x_wconf 79' lang='lat' dir='ltr'>inmerito</span> 
     </span>
     <span class='ocr_line' id='line_1_15' title="bbox 109 687 1435 740; baseline -0.001 -12"><span class='ocrx_word' id='word_1_57' title='bbox 109 691 319 740; x_wconf 86' lang='lat' dir='ltr'>quaeritur.</span> <span class='ocrx_word' id='word_1_58' title='bbox 383 689 423 727; x_wconf 90' lang='lat' dir='ltr'>Si</span> <span class='ocrx_word' id='word_1_59' title='bbox 461 690 564 727; x_wconf 88' lang='lat' dir='ltr'>enim</span> <span class='ocrx_word' id='word_1_60' title='bbox 603 687 813 739; x_wconf 80' lang='lat' dir='ltr'>habehant,</span> <span class='ocrx_word' id='word_1_61' title='bbox 853 699 930 738; x_wconf 90' lang='lat' dir='ltr'>quo</span> <span class='ocrx_word' id='word_1_62' title='bbox 969 687 1082 725; x_wconf 91' lang='lat' dir='ltr'>modo</span> <span class='ocrx_word' id='word_1_63' title='bbox 1122 693 1232 726; x_wconf 89' lang='lat' dir='ltr'>erant</span> <span class='ocrx_word' id='word_1_64' title='bbox 1263 687 1366 727; x_wconf 83' lang='lat' dir='ltr'>beati</span> <span class='ocrx_word' id='word_1_65' title='bbox 1396 690 1435 727; x_wconf 92' lang='lat' dir='ltr'>in</span> 
     </span>
     <span class='ocr_line' id='line_1_16' title="bbox 108 744 1436 797; baseline 0 -11"><span class='ocrx_word' id='word_1_66' title='bbox 108 749 170 786; x_wconf 88' lang='lat' dir='ltr'>illo</span> <span class='ocrx_word' id='word_1_67' title='bbox 204 747 445 786; x_wconf 80' lang='lat' dir='ltr'>memorabili</span> <span class='ocrx_word' id='word_1_68' title='bbox 482 746 734 786; x_wconf 79' lang='lat' dir='ltr'>beatitudinis</span> <span class='ocrx_word' id='word_1_69' title='bbox 765 746 868 797; x_wconf 84' lang='lat' dir='ltr'>loco,</span> <span class='ocrx_word' id='word_1_70' title='bbox 906 745 944 783; x_wconf 91' lang='lat' dir='ltr'>id</span> <span class='ocrx_word' id='word_1_71' title='bbox 982 752 1042 784; x_wconf 89' lang='lat' dir='ltr'>est</span> <span class='ocrx_word' id='word_1_72' title='bbox 1072 744 1279 797; x_wconf 78' lang='lat' dir='ltr'>paradiso?</span> <span class='ocrx_word' id='word_1_73' title='bbox 1341 747 1436 792; x_wconf 86' lang='lat' dir='ltr'>Quis</span> 
     </span>
     <span class='ocr_line' id='line_1_17' title="bbox 108 805 1437 856; baseline -0.001 -11"><span class='ocrx_word' id='word_1_74' title='bbox 108 807 262 845; x_wconf 88' lang='lat' dir='ltr'>tandem</span> <span class='ocrx_word' id='word_1_75' title='bbox 300 806 473 844; x_wconf 89' lang='lat' dir='ltr'>absolute</span> <span class='ocrx_word' id='word_1_76' title='bbox 513 806 589 844; x_wconf 87' lang='lat' dir='ltr'>dici</span> <span class='ocrx_word' id='word_1_77' title='bbox 626 805 762 843; x_wconf 86' lang='lat' dir='ltr'>beatus</span> <span class='ocrx_word' id='word_1_78' title='bbox 799 810 946 856; x_wconf 85' lang='lat' dir='ltr'>potest,</span> <span class='ocrx_word' id='word_1_79' title='bbox 987 806 1053 855; x_wconf 88' lang='lat' dir='ltr'>qui</span> <span class='ocrx_word' id='word_1_80' title='bbox 1090 806 1230 843; x_wconf 89' lang='lat' dir='ltr'>timore</span> <span class='ocrx_word' id='word_1_81' title='bbox 1270 806 1437 844; x_wconf 85' lang='lat' dir='ltr'>afficitur</span> 
     </span>
     <span class='ocr_line' id='line_1_18' title="bbox 106 862 1438 914; baseline -0.001 -11"><span class='ocrx_word' id='word_1_82' title='bbox 106 865 165 903; x_wconf 89' lang='lat' dir='ltr'>vel</span> <span class='ocrx_word' id='word_1_83' title='bbox 203 862 364 903; x_wconf 82' lang='lat' dir='ltr'>dolore‘?</span> <span class='ocrx_word' id='word_1_84' title='bbox 414 864 513 909; x_wconf 84' lang='lat' dir='ltr'>Quid</span> <span class='ocrx_word' id='word_1_85' title='bbox 553 869 681 902; x_wconf 86' lang='lat' dir='ltr'>autem</span> <span class='ocrx_word' id='word_1_86' title='bbox 721 865 858 902; x_wconf 88' lang='lat' dir='ltr'>timere</span> <span class='ocrx_word' id='word_1_87' title='bbox 896 868 963 901; x_wconf 90' lang='lat' dir='ltr'>aut</span> <span class='ocrx_word' id='word_1_88' title='bbox 1003 863 1133 901; x_wconf 88' lang='lat' dir='ltr'>dolere</span> <span class='ocrx_word' id='word_1_89' title='bbox 1173 869 1352 914; x_wconf 89' lang='lat' dir='ltr'>poterant</span> <span class='ocrx_word' id='word_1_90' title='bbox 1382 864 1438 902; x_wconf 90' lang='lat' dir='ltr'>illi</span> 
     </span>
     <span class='ocr_line' id='line_1_19' title="bbox 106 921 1437 974; baseline 0 -13"><span class='ocrx_word' id='word_1_91' title='bbox 106 924 283 962; x_wconf 89' lang='lat' dir='ltr'>homines</span> <span class='ocrx_word' id='word_1_92' title='bbox 321 925 361 961; x_wconf 92' lang='lat' dir='ltr'>in</span> <span class='ocrx_word' id='word_1_93' title='bbox 398 929 594 961; x_wconf 82' lang='lat' dir='ltr'>tantorum</span> <span class='ocrx_word' id='word_1_94' title='bbox 638 928 743 960; x_wconf 86' lang='lat' dir='ltr'>tanta</span> <span class='ocrx_word' id='word_1_95' title='bbox 784 921 964 960; x_wconf 65' lang='lat' dir='ltr'>affluentia</span> <span class='ocrx_word' id='word_1_96' title='bbox 1007 921 1218 974; x_wconf 85' lang='lat' dir='ltr'>honorum,</span> <span class='ocrx_word' id='word_1_97' title='bbox 1261 922 1327 961; x_wconf 92' lang='lat' dir='ltr'>ubi</span> <span class='ocrx_word' id='word_1_98' title='bbox 1364 935 1437 961; x_wconf 89' lang='lat' dir='ltr'>nec</span> 
     </span>
     <span class='ocr_line' id='line_1_20' title="bbox 107 980 1437 1031; baseline 0 -11"><span class='ocrx_word' id='word_1_99' title='bbox 107 994 212 1020; x_wconf 89' lang='lat' dir='ltr'>mors</span> <span class='ocrx_word' id='word_1_100' title='bbox 255 981 502 1020; x_wconf 79' lang='lat' dir='ltr'>metuebatur</span> <span class='ocrx_word' id='word_1_101' title='bbox 545 993 619 1019; x_wconf 88' lang='lat' dir='ltr'>nec</span> <span class='ocrx_word' id='word_1_102' title='bbox 662 980 739 1019; x_wconf 88' lang='lat' dir='ltr'>ulla</span> <span class='ocrx_word' id='word_1_103' title='bbox 779 981 954 1031; x_wconf 88' lang='lat' dir='ltr'>corporis</span> <span class='ocrx_word' id='word_1_104' title='bbox 991 980 1088 1018; x_wconf 87' lang='lat' dir='ltr'>mala</span> <span class='ocrx_word' id='word_1_105' title='bbox 1126 981 1320 1031; x_wconf 87' lang='lat' dir='ltr'>valetudo,</span> <span class='ocrx_word' id='word_1_106' title='bbox 1364 993 1437 1020; x_wconf 86' lang='lat' dir='ltr'>nec</span> 
     </span>
     <span class='ocr_line' id='line_1_21' title="bbox 106 1038 1436 1091; baseline -0.001 -12"><span class='ocrx_word' id='word_1_107' title='bbox 106 1040 240 1079; x_wconf 87' lang='lat' dir='ltr'>aberat</span> <span class='ocrx_word' id='word_1_108' title='bbox 277 1041 502 1091; x_wconf 84' lang='lat' dir='ltr'>quicquam,</span> <span class='ocrx_word' id='word_1_109' title='bbox 540 1039 643 1090; x_wconf 89' lang='lat' dir='ltr'>quod</span> <span class='ocrx_word' id='word_1_110' title='bbox 682 1038 783 1077; x_wconf 87' lang='lat' dir='ltr'>bona</span> <span class='ocrx_word' id='word_1_111' title='bbox 813 1038 990 1077; x_wconf 85' lang='lat' dir='ltr'>voluntas</span> <span class='ocrx_word' id='word_1_112' title='bbox 1022 1039 1321 1091; x_wconf 81' lang='lat' dir='ltr'>adipisceretur,</span> <span class='ocrx_word' id='word_1_113' title='bbox 1364 1052 1436 1078; x_wconf 90' lang='lat' dir='ltr'>nec</span> 
     </span>
     <span class='ocr_line' id='line_1_22' title="bbox 107 1097 1434 1149; baseline -0.001 -12"><span class='ocrx_word' id='word_1_114' title='bbox 107 1101 232 1138; x_wconf 87' lang='lat' dir='ltr'>inerat</span> <span class='ocrx_word' id='word_1_115' title='bbox 270 1099 371 1149; x_wconf 91' lang='lat' dir='ltr'>quod</span> <span class='ocrx_word' id='word_1_116' title='bbox 417 1110 573 1136; x_wconf 90' lang='lat' dir='ltr'>carnem</span> <span class='ocrx_word' id='word_1_117' title='bbox 611 1099 827 1135; x_wconf 81' lang='lat' dir='ltr'>animumve</span> <span class='ocrx_word' id='word_1_118' title='bbox 865 1097 1032 1135; x_wconf 89' lang='lat' dir='ltr'>hominis</span> <span class='ocrx_word' id='word_1_119' title='bbox 1071 1097 1234 1136; x_wconf 80' lang='lat' dir='ltr'>feliciter</span> <span class='ocrx_word' id='word_1_120' title='bbox 1271 1100 1434 1136; x_wconf 84' lang='lat' dir='ltr'>viventis</span> 
     </span>
     <span class='ocr_line' id='line_1_23' title="bbox 107 1155 1437 1207; baseline 0 -12"><span class='ocrx_word' id='word_1_121' title='bbox 107 1155 352 1196; x_wconf 79' lang='lat' dir='ltr'>offenderet?</span> <span class='ocrx_word' id='word_1_122' title='bbox 384 1157 501 1195; x_wconf 88' lang='lat' dir='ltr'>Amor</span> <span class='ocrx_word' id='word_1_123' title='bbox 527 1162 610 1194; x_wconf 88' lang='lat' dir='ltr'>erat</span> <span class='ocrx_word' id='word_1_124' title='bbox 641 1155 934 1207; x_wconf 80' lang='lat' dir='ltr'>inperturbatus</span> <span class='ocrx_word' id='word_1_125' title='bbox 966 1157 1006 1193; x_wconf 92' lang='lat' dir='ltr'>in</span> <span class='ocrx_word' id='word_1_126' title='bbox 1032 1155 1155 1194; x_wconf 89' lang='lat' dir='ltr'>Deum</span> <span class='ocrx_word' id='word_1_127' title='bbox 1187 1163 1301 1207; x_wconf 89' lang='lat' dir='ltr'>atque</span> <span class='ocrx_word' id='word_1_128' title='bbox 1333 1158 1437 1195; x_wconf 89' lang='lat' dir='ltr'>inter</span> 
     </span>
     <span class='ocr_line' id='line_1_24' title="bbox 108 1215 1436 1266; baseline -0.001 -12"><span class='ocrx_word' id='word_1_129' title='bbox 108 1228 149 1254; x_wconf 91' lang='lat' dir='ltr'>se</span> <span class='ocrx_word' id='word_1_130' title='bbox 175 1217 385 1266; x_wconf 85' lang='lat' dir='ltr'>coniugum</span> <span class='ocrx_word' id='word_1_131' title='bbox 411 1215 484 1253; x_wconf 82' lang='lat' dir='ltr'>fida</span> <span class='ocrx_word' id='word_1_132' title='bbox 510 1220 549 1253; x_wconf 88' lang='lat' dir='ltr'>et</span> <span class='ocrx_word' id='word_1_133' title='bbox 574 1216 726 1253; x_wconf 85' lang='lat' dir='ltr'>sincera</span> <span class='ocrx_word' id='word_1_134' title='bbox 752 1216 936 1252; x_wconf 87' lang='lat' dir='ltr'>societate</span> <span class='ocrx_word' id='word_1_135' title='bbox 962 1215 1184 1266; x_wconf 80' lang='lat' dir='ltr'>viventium,</span> <span class='ocrx_word' id='word_1_136' title='bbox 1217 1221 1255 1253; x_wconf 89' lang='lat' dir='ltr'>et</span> <span class='ocrx_word' id='word_1_137' title='bbox 1285 1227 1332 1253; x_wconf 86' lang='lat' dir='ltr'>ex</span> <span class='ocrx_word' id='word_1_138' title='bbox 1363 1215 1436 1254; x_wconf 89' lang='lat' dir='ltr'>hoc</span> 
     </span>
     <span class='ocr_line' id='line_1_25' title="bbox 108 1273 1436 1324; baseline 0 -12"><span class='ocrx_word' id='word_1_139' title='bbox 108 1287 238 1312; x_wconf 86' lang='lat' dir='ltr'>amore</span> <span class='ocrx_word' id='word_1_140' title='bbox 272 1274 417 1324; x_wconf 81' lang='lat' dir='ltr'>grande</span> <span class='ocrx_word' id='word_1_141' title='bbox 443 1273 637 1324; x_wconf 81' lang='lat' dir='ltr'>gaudium,</span> <span class='ocrx_word' id='word_1_142' title='bbox 669 1285 747 1310; x_wconf 90' lang='lat' dir='ltr'>non</span> <span class='ocrx_word' id='word_1_143' title='bbox 779 1273 990 1311; x_wconf 87' lang='lat' dir='ltr'>desistente</span> <span class='ocrx_word' id='word_1_144' title='bbox 1024 1273 1127 1322; x_wconf 92' lang='lat' dir='ltr'>quod</span> <span class='ocrx_word' id='word_1_145' title='bbox 1159 1273 1358 1312; x_wconf 86' lang='lat' dir='ltr'>amabatur</span> <span class='ocrx_word' id='word_1_146' title='bbox 1390 1273 1436 1312; x_wconf 83' lang='lat' dir='ltr'>ad</span> 
     </span>
     <span class='ocr_line' id='line_1_26' title="bbox 108 1331 1435 1383; baseline -0.001 -12"><span class='ocrx_word' id='word_1_147' title='bbox 108 1332 329 1371; x_wconf 88' lang='lat' dir='ltr'>fruendum.</span> <span class='ocrx_word' id='word_1_148' title='bbox 390 1332 483 1370; x_wconf 89' lang='lat' dir='ltr'>Erat</span> <span class='ocrx_word' id='word_1_149' title='bbox 509 1332 690 1369; x_wconf 77' lang='lat' dir='ltr'>devitatio</span> <span class='ocrx_word' id='word_1_150' title='bbox 718 1331 923 1381; x_wconf 87' lang='lat' dir='ltr'>tranquilla</span> <span class='ocrx_word' id='word_1_151' title='bbox 954 1332 1116 1383; x_wconf 81' lang='lat' dir='ltr'>peccati,</span> <span class='ocrx_word' id='word_1_152' title='bbox 1150 1343 1225 1381; x_wconf 89' lang='lat' dir='ltr'>qua</span> <span class='ocrx_word' id='word_1_153' title='bbox 1256 1338 1435 1370; x_wconf 84' lang='lat' dir='ltr'>manente</span> 
     </span>
     <span class='ocr_line' id='line_1_27' title="bbox 107 1389 1435 1443; baseline 0 -14"><span class='ocrx_word' id='word_1_154' title='bbox 107 1391 257 1430; x_wconf 89' lang='lat' dir='ltr'>nullum</span> <span class='ocrx_word' id='word_1_155' title='bbox 288 1392 444 1428; x_wconf 89' lang='lat' dir='ltr'>omnino</span> <span class='ocrx_word' id='word_1_156' title='bbox 477 1389 653 1428; x_wconf 81' lang='lat' dir='ltr'>alicunde</span> <span class='ocrx_word' id='word_1_157' title='bbox 687 1389 847 1440; x_wconf 80' lang='lat' dir='ltr'>malum,</span> <span class='ocrx_word' id='word_1_158' title='bbox 879 1389 982 1439; x_wconf 90' lang='lat' dir='ltr'>quod</span> <span class='ocrx_word' id='word_1_159' title='bbox 1014 1391 1276 1443; x_wconf 83' lang='lat' dir='ltr'>contristaret,</span> <span class='ocrx_word' id='word_1_160' title='bbox 1306 1392 1435 1429; x_wconf 90' lang='lat' dir='ltr'>inrue-</span> 
     </span>
     <span class='ocr_line' id='line_1_28' title="bbox 106 1448 1436 1499; baseline -0.001 -11"><span class='ocrx_word' id='word_1_161' title='bbox 106 1449 182 1488; x_wconf 83' lang='lat' dir='ltr'>bat.</span> <span class='ocrx_word' id='word_1_162' title='bbox 244 1449 299 1487; x_wconf 88' lang='lat' dir='ltr'>An</span> <span class='ocrx_word' id='word_1_163' title='bbox 328 1450 426 1487; x_wconf 83' lang='lat' dir='ltr'>sorte</span> <span class='ocrx_word' id='word_1_164' title='bbox 454 1448 662 1499; x_wconf 87' lang='lat' dir='ltr'>cupiebant</span> <span class='ocrx_word' id='word_1_165' title='bbox 688 1448 925 1498; x_wconf 87' lang='lat' dir='ltr'>prohibitum</span> <span class='ocrx_word' id='word_1_166' title='bbox 951 1448 1099 1498; x_wconf 85' lang='lat' dir='ltr'>lignum</span> <span class='ocrx_word' id='word_1_167' title='bbox 1123 1448 1169 1486; x_wconf 91' lang='lat' dir='ltr'>ad</span> <span class='ocrx_word' id='word_1_168' title='bbox 1201 1449 1436 1488; x_wconf 88' lang='lat' dir='ltr'>vescendum</span> 
     </span>
     <span class='ocr_line' id='line_1_29' title="bbox 107 1505 1435 1558; baseline 0 -12"><span class='ocrx_word' id='word_1_169' title='bbox 107 1510 352 1558; x_wconf 83' lang='lat' dir='ltr'>contingere,</span> <span class='ocrx_word' id='word_1_170' title='bbox 384 1507 452 1545; x_wconf 89' lang='lat' dir='ltr'>sed</span> <span class='ocrx_word' id='word_1_171' title='bbox 484 1509 583 1545; x_wconf 89' lang='lat' dir='ltr'>mori</span> <span class='ocrx_word' id='word_1_172' title='bbox 615 1505 856 1558; x_wconf 83' lang='lat' dir='ltr'>metuebant,</span> <span class='ocrx_word' id='word_1_173' title='bbox 894 1518 937 1544; x_wconf 85' lang='lat' dir='ltr'>ac</span> <span class='ocrx_word' id='word_1_174' title='bbox 968 1518 1039 1557; x_wconf 88' lang='lat' dir='ltr'>per</span> <span class='ocrx_word' id='word_1_175' title='bbox 1070 1506 1143 1545; x_wconf 89' lang='lat' dir='ltr'>hoc</span> <span class='ocrx_word' id='word_1_176' title='bbox 1176 1513 1214 1545; x_wconf 90' lang='lat' dir='ltr'>et</span> <span class='ocrx_word' id='word_1_177' title='bbox 1245 1507 1435 1558; x_wconf 87' lang='lat' dir='ltr'>cupiditas</span> 
     </span>
     <span class='ocr_line' id='line_1_30' title="bbox 108 1564 1436 1616; baseline 0 -12"><span class='ocrx_word' id='word_1_178' title='bbox 108 1572 146 1604; x_wconf 85' lang='lat' dir='ltr'>et</span> <span class='ocrx_word' id='word_1_179' title='bbox 171 1573 298 1605; x_wconf 88' lang='lat' dir='ltr'>metus</span> <span class='ocrx_word' id='word_1_180' title='bbox 324 1567 399 1603; x_wconf 81' lang='lat' dir='ltr'>iam</span> <span class='ocrx_word' id='word_1_181' title='bbox 427 1572 518 1604; x_wconf 85' lang='lat' dir='ltr'>tunc</span> <span class='ocrx_word' id='word_1_182' title='bbox 544 1565 629 1603; x_wconf 90' lang='lat' dir='ltr'>illos</span> <span class='ocrx_word' id='word_1_183' title='bbox 661 1565 838 1603; x_wconf 90' lang='lat' dir='ltr'>homines</span> <span class='ocrx_word' id='word_1_184' title='bbox 871 1566 985 1603; x_wconf 88' lang='lat' dir='ltr'>etiam</span> <span class='ocrx_word' id='word_1_185' title='bbox 1016 1566 1055 1603; x_wconf 91' lang='lat' dir='ltr'>in</span> <span class='ocrx_word' id='word_1_186' title='bbox 1086 1564 1151 1603; x_wconf 92' lang='lat' dir='ltr'>illo</span> <span class='ocrx_word' id='word_1_187' title='bbox 1182 1565 1436 1616; x_wconf 85' lang='lat' dir='ltr'>perturbabat</span> 
     </span>
     <span class='ocr_line' id='line_1_31' title="bbox 106 1622 1435 1675; baseline 0.001 -13"><span class='ocrx_word' id='word_1_188' title='bbox 106 1622 220 1663; x_wconf 84' lang='lat' dir='ltr'>loeo‘?</span> <span class='ocrx_word' id='word_1_189' title='bbox 281 1623 391 1662; x_wconf 86' lang='lat' dir='ltr'>Absit</span> <span class='ocrx_word' id='word_1_190' title='bbox 427 1629 471 1662; x_wconf 90' lang='lat' dir='ltr'>ut</span> <span class='ocrx_word' id='word_1_191' title='bbox 502 1624 575 1661; x_wconf 88' lang='lat' dir='ltr'>hoc</span> <span class='ocrx_word' id='word_1_192' title='bbox 606 1624 871 1662; x_wconf 83' lang='lat' dir='ltr'>existimemus</span> <span class='ocrx_word' id='word_1_193' title='bbox 904 1623 1022 1661; x_wconf 82' lang='lat' dir='ltr'>fuisse</span> <span class='ocrx_word' id='word_1_194' title='bbox 1033 1654 1043 1675; x_wconf 83' lang='lat'><em>‚</em></span> <span class='ocrx_word' id='word_1_195' title='bbox 1075 1623 1141 1661; x_wconf 93' lang='lat' dir='ltr'>ubi</span> <span class='ocrx_word' id='word_1_196' title='bbox 1174 1623 1322 1662; x_wconf 91' lang='lat' dir='ltr'>nullum</span> <span class='ocrx_word' id='word_1_197' title='bbox 1353 1630 1435 1663; x_wconf 89' lang='lat' dir='ltr'>erat</span> 
     </span>
     <span class='ocr_line' id='line_1_32' title="bbox 107 1681 1435 1733; baseline 0.001 -13"><span class='ocrx_word' id='word_1_198' title='bbox 107 1685 263 1721; x_wconf 90' lang='lat' dir='ltr'>omuino</span> <span class='ocrx_word' id='word_1_199' title='bbox 304 1688 518 1733; x_wconf 87' lang='lat' dir='ltr'>peccatum.</span> <span class='ocrx_word' id='word_1_200' title='bbox 580 1681 714 1732; x_wconf 87' lang='lat' dir='ltr'>Neque</span> <span class='ocrx_word' id='word_1_201' title='bbox 752 1683 855 1719; x_wconf 89' lang='lat' dir='ltr'>enim</span> <span class='ocrx_word' id='word_1_202' title='bbox 888 1681 1037 1719; x_wconf 89' lang='lat' dir='ltr'>nullum</span> <span class='ocrx_word' id='word_1_203' title='bbox 1068 1687 1271 1732; x_wconf 87' lang='lat' dir='ltr'>peccatum</span> <span class='ocrx_word' id='word_1_204' title='bbox 1302 1688 1362 1721; x_wconf 92' lang='lat' dir='ltr'>est</span> <span class='ocrx_word' id='word_1_205' title='bbox 1393 1695 1435 1721; x_wconf 87' lang='lat' dir='ltr'>ea</span> 
     </span>
     <span class='ocr_line' id='line_1_33' title="bbox 107 1739 1434 1791; baseline 0 -12"><span class='ocrx_word' id='word_1_206' title='bbox 107 1753 205 1791; x_wconf 87' lang='lat' dir='ltr'>quae</span> <span class='ocrx_word' id='word_1_207' title='bbox 231 1741 292 1778; x_wconf 85' lang='lat' dir='ltr'>lex</span> <span class='ocrx_word' id='word_1_208' title='bbox 324 1740 392 1778; x_wconf 92' lang='lat' dir='ltr'>Dei</span> <span class='ocrx_word' id='word_1_209' title='bbox 417 1739 598 1790; x_wconf 88' lang='lat' dir='ltr'>prohibet</span> <span class='ocrx_word' id='word_1_210' title='bbox 624 1741 902 1790; x_wconf 86' lang='lat' dir='ltr'>concupiscere</span> <span class='ocrx_word' id='word_1_211' title='bbox 935 1745 1049 1790; x_wconf 88' lang='lat' dir='ltr'>atque</span> <span class='ocrx_word' id='word_1_212' title='bbox 1076 1739 1122 1777; x_wconf 87' lang='lat' dir='ltr'>ab</span> <span class='ocrx_word' id='word_1_213' title='bbox 1149 1740 1208 1778; x_wconf 88' lang='lat' dir='ltr'>his</span> <span class='ocrx_word' id='word_1_214' title='bbox 1240 1740 1434 1779; x_wconf 84' lang='lat' dir='ltr'>abstinere</span> 
     </span>
     <span class='ocr_line' id='line_1_34' title="bbox 106 1797 1436 1850; baseline 0 -12"><span class='ocrx_word' id='word_1_215' title='bbox 106 1801 246 1838; x_wconf 88' lang='lat' dir='ltr'>timore</span> <span class='ocrx_word' id='word_1_216' title='bbox 279 1810 444 1849; x_wconf 84' lang='lat' dir='ltr'>poenae,</span> <span class='ocrx_word' id='word_1_217' title='bbox 488 1810 563 1835; x_wconf 93' lang='lat' dir='ltr'>non</span> <span class='ocrx_word' id='word_1_218' title='bbox 598 1810 727 1835; x_wconf 85' lang='lat' dir='ltr'>amore</span> <span class='ocrx_word' id='word_1_219' title='bbox 768 1799 949 1835; x_wconf 87' lang='lat' dir='ltr'>iustitiae.</span> <span class='ocrx_word' id='word_1_220' title='bbox 1011 1797 1136 1849; x_wconf 83' lang='lat' dir='ltr'>Absit,</span> <span class='ocrx_word' id='word_1_221' title='bbox 1180 1800 1354 1850; x_wconf 84' lang='lat' dir='ltr'>inquam,</span> <span class='ocrx_word' id='word_1_222' title='bbox 1393 1805 1436 1838; x_wconf 88' lang='lat' dir='ltr'>ut</span> 
     </span>
     <span class='ocr_line' id='line_1_35' title="bbox 108 1855 1434 1908; baseline 0 -13"><span class='ocrx_word' id='word_1_223' title='bbox 108 1863 195 1896; x_wconf 80' lang='lat' dir='ltr'>ante</span> <span class='ocrx_word' id='word_1_224' title='bbox 223 1869 336 1895; x_wconf 90' lang='lat' dir='ltr'>omne</span> <span class='ocrx_word' id='word_1_225' title='bbox 362 1862 564 1907; x_wconf 87' lang='lat' dir='ltr'>peccatum</span> <span class='ocrx_word' id='word_1_226' title='bbox 596 1857 670 1894; x_wconf 88' lang='lat' dir='ltr'>iam</span> <span class='ocrx_word' id='word_1_227' title='bbox 703 1855 755 1893; x_wconf 90' lang='lat' dir='ltr'>ibi</span> <span class='ocrx_word' id='word_1_228' title='bbox 787 1857 905 1893; x_wconf 85' lang='lat' dir='ltr'>fuerit</span> <span class='ocrx_word' id='word_1_229' title='bbox 938 1855 1010 1893; x_wconf 89' lang='lat' dir='ltr'>tale</span> <span class='ocrx_word' id='word_1_230' title='bbox 1042 1861 1256 1908; x_wconf 81' lang='lat' dir='ltr'>peccatum,</span> <span class='ocrx_word' id='word_1_231' title='bbox 1288 1863 1331 1895; x_wconf 92' lang='lat' dir='ltr'>ut</span> <span class='ocrx_word' id='word_1_232' title='bbox 1361 1857 1434 1895; x_wconf 87' lang='lat' dir='ltr'>hoc</span> 
     </span>
     <span class='ocr_line' id='line_1_36' title="bbox 108 1912 1438 1965; baseline 0.001 -12"><span class='ocrx_word' id='word_1_233' title='bbox 108 1916 153 1953; x_wconf 90' lang='lat' dir='ltr'>de</span> <span class='ocrx_word' id='word_1_234' title='bbox 193 1915 295 1965; x_wconf 88' lang='lat' dir='ltr'>ligno</span> <span class='ocrx_word' id='word_1_235' title='bbox 334 1914 599 1965; x_wconf 81' lang='lat' dir='ltr'>admitterent,</span> <span class='ocrx_word' id='word_1_236' title='bbox 638 1913 741 1963; x_wconf 88' lang='lat' dir='ltr'>quod</span> <span class='ocrx_word' id='word_1_237' title='bbox 778 1912 825 1951; x_wconf 88' lang='lat' dir='ltr'>de</span> <span class='ocrx_word' id='word_1_238' title='bbox 863 1913 1024 1951; x_wconf 89' lang='lat' dir='ltr'>muliere</span> <span class='ocrx_word' id='word_1_239' title='bbox 1058 1913 1243 1952; x_wconf 85' lang='lat' dir='ltr'>Dominus</span> <span class='ocrx_word' id='word_1_240' title='bbox 1281 1916 1350 1953; x_wconf 88' lang='lat' dir='ltr'>ait:</span> <span class='ocrx_word' id='word_1_241' title='bbox 1391 1916 1438 1954; x_wconf 81' lang='lat' dir='ltr'>Sz·</span> 
     </span>
     <span class='ocr_line' id='line_1_37' title="bbox 107 1973 1434 2022; baseline 0.002 -11"><span class='ocrx_word' id='word_1_242' title='bbox 107 1976 194 2022; x_wconf 77' lang='lat' dir='ltr'>quis</span> <span class='ocrx_word' id='word_1_243' title='bbox 221 1975 365 2011; x_wconf 69' lang='lat' dir='ltr'>viderit</span> <span class='ocrx_word' id='word_1_244' title='bbox 390 1975 592 2011; x_wconf 72' lang='lat' dir='ltr'>mulierem</span> <span class='ocrx_word' id='word_1_245' title='bbox 619 1974 674 2010; x_wconf 80' lang='lat' dir='ltr'>ad</span> <span class='ocrx_word' id='word_1_246' title='bbox 704 1973 1062 2020; x_wconf 73' lang='lat' dir='ltr'>concupiscendum</span> <span class='ocrx_word' id='word_1_247' title='bbox 1095 1984 1191 2019; x_wconf 79' lang='lat' dir='ltr'>eam,</span> <span class='ocrx_word' id='word_1_248' title='bbox 1225 1975 1303 2011; x_wconf 74' lang='lat' dir='ltr'>iam</span> <span class='ocrx_word' id='word_1_249' title='bbox 1333 1985 1434 2013; x_wconf 83' lang='lat' dir='ltr'>moe-</span> 
     </span>
     <span class='ocr_line' id='line_1_38' title="bbox 108 2029 1435 2081; baseline 0 -10"><span class='ocrx_word' id='word_1_250' title='bbox 108 2033 249 2071; x_wconf 78' lang='lat' dir='ltr'>chatus</span> <span class='ocrx_word' id='word_1_251' title='bbox 281 2036 339 2070; x_wconf 75' lang='lat' dir='ltr'>est</span> <span class='ocrx_word' id='word_1_252' title='bbox 369 2043 455 2069; x_wconf 81' lang='lat' dir='ltr'>eam</span> <span class='ocrx_word' id='word_1_253' title='bbox 487 2033 527 2068; x_wconf 74' lang='lat' dir='ltr'>in</span> <span class='ocrx_word' id='word_1_254' title='bbox 559 2032 682 2069; x_wconf 79' lang='lat' dir='ltr'>eorde</span> <span class='ocrx_word' id='word_1_255' title='bbox 712 2041 793 2068; x_wconf 82' lang='lat' dir='ltr'>suo.</span> <span class='ocrx_word' id='word_1_256' title='bbox 856 2029 978 2074; x_wconf 85' lang='lat' dir='ltr'>Quam</span> <span class='ocrx_word' id='word_1_257' title='bbox 1010 2031 1129 2081; x_wconf 86' lang='lat' dir='ltr'>igitur</span> <span class='ocrx_word' id='word_1_258' title='bbox 1160 2030 1293 2069; x_wconf 88' lang='lat' dir='ltr'>felices</span> <span class='ocrx_word' id='word_1_259' title='bbox 1325 2038 1435 2071; x_wconf 88' lang='lat' dir='ltr'>erant</span> 
     </span>
    </p>
   </div>
   <div class='ocr_carea' id='block_1_10' title="bbox 199 2109 489 2152">
    <p class='ocr_par' dir='ltr' id='par_1_10' title="bbox 199 2109 489 2152">
     <span class='ocr_line' id='line_1_39' title="bbox 199 2109 489 2152; baseline -0.007 -9"><span class='ocrx_word' id='word_1_260' title='bbox 199 2110 256 2152; x_wconf 80' lang='lat'>32)</span> <span class='ocrx_word' id='word_1_261' title='bbox 283 2109 348 2143; x_wconf 72' lang='lat' dir='ltr'>Mt.</span> <span class='ocrx_word' id='word_1_262' title='bbox 376 2114 406 2151; x_wconf 80' lang='lat'>5,</span> <span class='ocrx_word' id='word_1_263' title='bbox 434 2111 489 2142; x_wconf 78' lang='lat'>28.</span> 
     </span>
    </p>
   </div>
   <div class='ocr_carea' id='block_1_11' title="bbox 107 2211 1435 2304">
    <p class='ocr_par' dir='ltr' id='par_1_11' title="bbox 107 2211 1435 2304">
     <span class='ocr_line' id='line_1_40' title="bbox 200 2211 1434 2258; baseline 0.002 -12"><span class='ocrx_word' id='word_1_264' title='bbox 200 2218 219 2247; x_wconf 75' lang='lat'>2</span> <span class='ocrx_word' id='word_1_265' title='bbox 245 2213 330 2247; x_wconf 87' lang='lat' dir='ltr'>ullis</span> <span class='ocrx_word' id='word_1_266' title='bbox 364 2213 413 2253; x_wconf 81' lang='lat' dir='ltr'>V‚-</span> <span class='ocrx_word' id='word_1_267' title='bbox 437 2212 548 2246; x_wconf 84' lang='lat' dir='ltr'>nullis</span> <span class='ocrx_word' id='word_1_268' title='bbox 574 2223 593 2246; x_wconf 83' lang='lat' dir='ltr'><em>v</em></span> <span class='ocrx_word' id='word_1_269' title='bbox 626 2214 637 2255; x_wconf 92' lang='grc' dir='ltr'>ΙΙ</span> <span class='ocrx_word' id='word_1_270' title='bbox 669 2216 688 2246; x_wconf 89' lang='grc'><strong>3</strong></span> <span class='ocrx_word' id='word_1_271' title='bbox 716 2212 971 2255; x_wconf 67' lang='lat' dir='ltr'>delinquerent</span> <span class='ocrx_word' id='word_1_272' title='bbox 1003 2211 1052 2253; x_wconf 89' lang='lat' dir='ltr'>V‚·</span> <span class='ocrx_word' id='word_1_273' title='bbox 1078 2212 1298 2256; x_wconf 72' lang='lat' dir='ltr'>deliquerint</span> <span class='ocrx_word' id='word_1_274' title='bbox 1322 2225 1341 2248; x_wconf 80' lang='lat' dir='ltr'><strong><em>v</em></strong></span> <span class='ocrx_word' id='word_1_275' title='bbox 1360 2215 1372 2258; x_wconf 75' lang='lat' dir='ltr'>fl</span> <span class='ocrx_word' id='word_1_276' title='bbox 1392 2218 1434 2248; x_wconf 89' lang='lat'>13</span> 
     </span>
     <span class='ocr_line' id='line_1_41' title="bbox 107 2259 1435 2304; baseline 0.001 -10"><span class='ocrx_word' id='word_1_277' title='bbox 107 2260 163 2295; x_wconf 83' lang='lat' dir='ltr'>afl.</span> <span class='ocrx_word' id='word_1_278' title='bbox 199 2260 231 2293; x_wconf 92' lang='lat' dir='ltr'><em>V</em></span> <span class='ocrx_word' id='word_1_279' title='bbox 254 2261 266 2304; x_wconf 75' lang='grc' dir='ltr'>ΙΙ</span> <span class='ocrx_word' id='word_1_280' title='bbox 291 2264 333 2294; x_wconf 76' lang='grc'>21</span> <span class='ocrx_word' id='word_1_281' title='bbox 361 2259 509 2294; x_wconf 85' lang='lat' dir='ltr'>aliunde</span> <span class='ocrx_word' id='word_1_282' title='bbox 535 2270 555 2293; x_wconf 86' lang='grc' dir='ltr'><strong><em>υ</em></strong></span> <span class='ocrx_word' id='word_1_283' title='bbox 574 2261 585 2302; x_wconf 90' lang='grc' dir='ltr'>ΙΙ</span> <span class='ocrx_word' id='word_1_284' title='bbox 606 2263 648 2293; x_wconf 76' lang='lat'>32</span> <span class='ocrx_word' id='word_1_285' title='bbox 678 2260 782 2293; x_wconf 79' lang='lat' dir='ltr'>erant</span> <span class='ocrx_word' id='word_1_286' title='bbox 814 2259 938 2300; x_wconf 62' lang='lat' dir='ltr'>VAR-</span> <span class='ocrx_word' id='word_1_287' title='bbox 963 2261 1067 2293; x_wconf 80' lang='lat' dir='ltr'>erant</span> <span class='ocrx_word' id='word_1_288' title='bbox 1091 2259 1199 2303; x_wconf 88' lang='lat' dir='ltr'>primi</span> <span class='ocrx_word' id='word_1_289' title='bbox 1224 2260 1390 2295; x_wconf 88' lang='lat' dir='ltr'>homines</span> <span class='ocrx_word' id='word_1_290' title='bbox 1415 2271 1435 2295; x_wconf 87' lang='lat' dir='ltr'><em>v</em></span> 
     </span>
    </p>
   </div>
  </div>
 </body>
</html>
