1548 2562
370 136 421 160 DE
441 135 629 160 CIVITATE
649 136 718 160 DEI
736 136 768 161 L.
789 136 853 162 XV.
874 136 903 161 C.
924 138 947 161 2.
967 137 991 161 3.
1292 127 1345 167 61

22 226 157 276 aperit,
188 236 303 275 quem
329 223 375 262 ad
401 224 558 262 modum
584 226 797 275 scripturas
822 224 989 262 duorum
1014 229 1348 276 testamentorum,

22 284 164 321 veteris
195 288 234 321 et
265 283 370 333 novi,
408 284 582 333 accipere
617 282 838 321 debeamus.
898 282 993 321 Pars
1025 284 1129 321 enim
1161 283 1348 333 quaedam

22 346 199 379 terrenae
232 342 395 379 civitatis
427 342 551 391 imago
584 340 761 379 caelestis
793 342 958 379 civitatis
991 341 1126 380 effecta
1159 346 1218 379 est
1228 373 1238 393 ,
1271 353 1347 379 non

23 412 63 438 se
96 399 357 451 significando,
389 398 454 437 sed
488 399 665 450 alteram,
697 405 735 437 et
766 399 852 437 ideo
884 401 1067 438 serviens.
1128 399 1214 438 Non
1246 401 1348 437 enim

21 463 182 509 propter
214 469 254 495 se
279 458 413 509 ipsam,
446 457 512 495 sed
544 463 705 508 propter
737 457 847 495 aliam
879 457 1170 508 significandam
1202 463 1261 496 est
1292 459 1348 495 in·
1374 466 1393 495 5

22 518 173 568 stituta,
217 521 255 554 et
296 515 552 566 praecedente
598 515 669 553 alia
717 517 996 565 significatione
1034 522 1072 555 et
1114 518 1197 567 ipsa
1238 528 1345 567 prae-

22 575 192 625 figurans
237 574 493 624 praefigurata
537 578 608 612 est.
678 573 850 624 Namque
892 574 991 624 Agar
1031 574 1164 613 ancilla
1208 575 1346 613 Sarrae

23 634 183 683 eiusque
210 632 310 670 filius
336 633 460 682 imago
487 631 675 682 quaedam
705 631 822 670 huius
853 634 1029 683 imaginis
1062 634 1150 684 suit3
1183 638 1222 671 et
1253 645 1346 683 quo-

22 693 123 729 niam
161 692 394 729 transiturae
434 695 544 728 erant
581 690 741 728 umbrae
781 689 867 728 luce
899 693 1096 742 veniente,
1134 691 1220 729 ideo
1253 691 1349 729 dixit

22 749 140 787 libera
175 749 299 800 Sarra,
332 761 429 799 quae
462 748 700 799 significabat
729 747 890 786 liberam
922 750 1134 801 civitatem,
1168 752 1230 787 cui
1262 762 1346 787 rur·
1376 757 1418 787 10

22 820 89 846 sus
126 807 198 846 alio
239 807 351 845 modo
396 807 667 858 significandae
711 808 825 844 etiam
862 807 924 845 illa
963 808 1097 845 umbra
1136 808 1344 846 serviebat:

23 867 120 905 Eiee
151 868 337 904 ancillam
375 871 413 904 et
438 868 565 912 silium
597 868 706 910 eias;
742 877 819 903 non
852 868 954 903 enim
986 867 1101 904 lieres
1132 869 1210 904 erit
1237 869 1345 913 filius

23 927 195 963 ancillae
232 936 320 962 cum
353 927 437 971 filio
475 936 557 963 meo
590 925 726 970 Isaac,
766 924 868 973 quod
907 925 958 961 ait
990 924 1204 975 apostolus:
1253 926 1346 962 Cum

19 986 104 1030 filio
147 984 309 1021 liberae.
370 982 591 1020 Invenimus
636 994 727 1032 ergo
772 984 811 1019 in
855 988 1010 1020 terrena
1054 984 1207 1021 civitate
1251 983 1346 1021 duas

23 1042 182 1092 formas,
220 1053 336 1079 unam
377 1053 484 1079 suam
516 1042 773 1091 praesentiam
806 1040 1156 1092 demonstrantem,
1189 1041 1347 1079 alteram
1376 1049 1416 1078 15

23 1099 178 1138 caelesti
221 1101 364 1137 civitati
408 1099 680 1150 significandae
725 1111 792 1137 sua
842 1102 1059 1149 praesentia
1103 1101 1347 1137 servientem.

22 1158 128 1196 Parit
152 1163 281 1196 autem
307 1159 409 1196 cives
441 1163 619 1196 terrenae
653 1158 816 1195 civitatis
848 1163 1006 1207 peccato
1039 1159 1167 1196 vitiata
1200 1164 1348 1209 natura,

23 1216 199 1255 caelestis
224 1228 314 1254 vero
342 1217 506 1254 civitatis
538 1217 640 1253 cives
672 1217 772 1266 parit
804 1227 822 1252 a
855 1221 1014 1266 peccato
1048 1222 1222 1254 naturam
1255 1216 1346 1253 libe-

23 1287 113 1313 rans
138 1276 276 1326 gratia3
308 1274 410 1312 unde
437 1273 499 1312 illa
526 1280 712 1312 vocantur
738 1286 824 1311 vasa
850 1275 942 1326 irae,
974 1276 1046 1312 ista
1079 1286 1164 1312 vasa
1198 1276 1346 1312 miseri—

23 1333 188 1371 cordiae.
262 1332 525 1382 Significatum
575 1338 635 1370 est
683 1332 755 1370 hoc
805 1334 919 1370 etiam
969 1334 1009 1370 in
1059 1332 1211 1371 duobus
1261 1333 1347 1370 filiis
1374 1340 1417 1370 20

24 1391 214 1443 Abrahae,
248 1391 349 1441 quod
382 1403 483 1429 unus
515 1391 561 1429 de
594 1390 746 1441 ancilla,
780 1403 875 1440 quae
909 1390 1110 1429 dicebatur
1141 1392 1258 1442 Agar,
1291 1403 1348 1428 se-

25 1449 195 1488 cundum
221 1461 376 1487 carnem
402 1455 514 1487 natus
540 1455 599 1487 est
624 1449 772 1499 ismael,
804 1449 899 1487 alter
927 1455 985 1488 est
1011 1455 1138 1488 autem
1166 1450 1212 1487 de
1235 1449 1348 1487 Sarra

24 1508 144 1546 libera
188 1507 402 1546 seeundum
447 1509 789 1558 repromissionem
834 1513 946 1546 natus
990 1507 1105 1546 Isaac.
1178 1507 1348 1558 Uterque

24 1567 180 1617 quidem
206 1567 252 1604 de
279 1568 425 1605 semine
451 1565 642 1617 Abrahae3
676 1566 741 1603 sed
775 1565 881 1603 illum
913 1568 1047 1616 genuit
1079 1566 1349 1604 demonstrans

24 1624 264 1663 consuetudo
298 1630 486 1676 naturam,
517 1624 626 1662 illum
653 1636 742 1661 vero
769 1624 874 1662 dedit
900 1626 1104 1674 promissio
1130 1625 1350 1674 significans
1376 1631 1419 1662 25

23 1685 201 1734 gratiam3
233 1683 285 1720 ibi
311 1683 502 1721 humanus
533 1695 628 1720 usus
661 1681 890 1733 ostenditur,
922 1682 984 1720 hic
1010 1683 1181 1720 divinum
1208 1682 1349 1721 benefi-

24 1743 127 1780 cium
152 1741 455 1779 commendatur.

558 1852 708 1895 CAPUT
739 1853 814 1894 III.

88 1929 147 1967 De
177 1930 385 1967 sterilitate
417 1927 583 1973 Sarrae,
615 1938 733 1974 quam
766 1927 842 1964 Dei
868 1930 1007 1974 qratia
1035 1927 1282 1975 fecundavit.

141 1997 255 2036 Sarra
287 1998 428 2048 quippe
460 1996 603 2034 sterilis
645 2002 728 2034 erat
759 2002 797 2034 et
829 1996 1095 2046 desperatione
1129 1997 1246 2046 prolis
1279 1997 1348 2035 sal·
1376 2005 1421 2035 30

25 2062 102 2094 tem
135 2055 181 2094 de
214 2055 348 2093 ancilla
381 2067 448 2094 sua
481 2056 762 2104 concupiscens
794 2054 948 2106 hahere,
982 2055 1083 2104 quod
1116 2054 1162 2093 de
1196 2067 1236 2093 se
1269 2057 1350 2106 ipsa

118 2147 174 2189 13)
201 2143 287 2179 Gen.
314 2148 369 2188 21,
398 2148 449 2179 10.
500 2144 557 2187 20)
583 2143 686 2178 Rom.
714 2147 745 2186 9,
773 2147 815 2176 22
843 2154 893 2186 sq.

119 2254 161 2284 22
189 2250 282 2284 alter
307 2251 363 2283 est
394 2249 517 2290 VRA‚·
543 2249 600 2282 est
623 2259 687 2282 om.
708 2250 820 2292 111125
847 2248 951 2281 illum
977 2258 1062 2282 vero
1091 2248 1193 2282 VRA
1213 2251 1288 2291 (65,
1308 2252 1349 2290 1,-

25 2297 62 2339 Ι,
86 2300 167 2339 100,
193 2300 260 2338 18,·
284 2299 368 2340 142,
394 2299 446 2331 22
472 2299 568 2338 etc.),·
592 2294 702 2328 istum
731 2305 816 2328 vero
843 2305 862 2328 υ
