1548 2562
430 145 483 170 DE
504 144 693 170 CIVITATE
712 145 782 169 DEI
801 145 834 169 L.
853 144 952 169 XXII*
972 143 999 169 o.
1021 145 1062 169 21.
1083 145 1124 168 22.
1359 133 1442 174 603

105 238 245 282 surqet
276 245 422 283 corpus
452 236 644 282 spiritale.
707 233 812 278 Quae
846 234 896 271 sit
916 238 1055 271 *autom
1089 237 1127 270 et
1160 243 1274 282 quam
1307 243 1443 281 magna

109 291 292 343 spiritalis
333 293 509 343 corporis
552 293 693 343 gratia,
731 292 913 342 quoniam
950 290 1122 329 nondum
1159 290 1265 328 venit
1304 290 1343 326 in
1378 301 1443 327 ex-

107 352 382 402 perimentum,
414 362 551 388 vereor
577 362 624 388 ne
652 350 903 388 temerarium
930 350 980 387 sit
1006 360 1131 400 omne,
1165 346 1269 398 quod
1302 347 1348 385 de
1381 346 1442 385 illa

106 409 331 460 profertur,
381 408 589 459 eloquium.
650 407 795 446 Verum
838 413 967 445 tamen
1018 408 1108 457 quia
1159 407 1243 456 spei
1286 410 1442 444 nostrae

106 467 291 517 gaudium
323 472 484 517 propter
516 466 584 504 Dei
613 465 767 504 laudem
798 477 875 503 non
909 470 967 503 est
999 464 1206 503 tacendum
1238 470 1277 502 et
1308 463 1354 502 de
1387 465 1442 501 in-

108 526 212 563 timis
238 524 410 563 ardentis
437 525 560 563 sancti
593 525 736 562 amoris
768 523 946 561 medullis
979 523 1126 561 dictum
1159 528 1234 561 est:
1267 522 1444 569 Domine,

108 585 235 622 dilexi
266 584 450 622 decorem
483 584 619 621 domus
651 586 763 621 tuae:
805 581 850 619 de
884 581 995 619 donis
1027 582 1130 631 eius,
1172 592 1270 631 quae
1302 581 1342 618 in
1374 580 1443 618 hac

108 642 450 679 aerumnosissima
490 642 566 679 vita
607 639 719 678 bonis
762 639 950 689 malisque
991 638 1171 691 largitur,
1213 640 1297 689 ipso
1339 638 1442 676 adiu-

107 705 220 737 vante
253 700 512 751 coniciamus,
550 703 593 737 ut
624 710 854 749 possumuS‚
893 703 1081 748 quantum
1114 699 1165 736 sit
1194 696 1308 749 illud,
1342 696 1442 747 quod

107 757 281 795 nondum
307 759 459 807 experti
484 758 619 807 utique
646 756 760 807 digne
788 755 916 806 eloqui
942 767 1019 794 non
1052 755 1235 794 valemus.
1298 754 1444 793 Omitto

108 817 229 867 enim,
267 815 421 866 quando
460 815 553 854 fecit
584 815 781 853 hominem
812 819 982 864 rectuln3
1025 815 1160 852 omitto
1192 815 1308 851 vitam
1341 813 1445 851 illam

108 874 277 912 duorum
303 874 514 924 coniugum
540 875 579 912 in
605 873 774 924 paradisi
800 871 1036 910 fecunditate
1066 871 1230 923 felicem,
1262 873 1446 921 quoniam

107 937 186 970 tam
218 931 346 970 brevis
379 932 471 983 fuit,
508 937 552 970 ut
592 931 638 969 ad
671 932 913 969 nascentium
947 942 1105 968 sensum
1139 942 1210 968 nec
1242 930 1326 980 ipsa
1357 941 1444 980 per-

108 991 278 1028 venerit:
322 991 361 1028 in
404 990 496 1042 hac,
541 1001 656 1040 quam
698 990 894 1041 novimus,
938 990 977 1026 in
1021 1000 1095 1038 qua
1133 987 1258 1026 adhuc
1299 999 1445 1037 sumUS,

108 1050 220 1087 cuius
241 1050 526 1100 temptationes,
558 1049 674 1085 immo
697 1059 811 1098 quam
832 1052 951 1085 totam
972 1047 1279 1097 temptationem,
1312 1057 1443 1095 quam-

108 1107 173 1145 diu
214 1108 254 1144 111
292 1118 336 1144 63
373 1118 526 1158 sumus,
565 1104 848 1156 quantumlibet
884 1105 1151 1155 proficiamus,
1183 1105 1337 1154 perpeti
1368 1115 1445 1141 non

108 1165 334 1216 desinimus,
367 1176 463 1214 quae
492 1166 569 1202 sint
594 1163 735 1202 indicia
762 1165 865 1202 circa
896 1175 1019 1213 genus
1052 1163 1265 1201 humanum
1297 1161 1445 1200 bonita-

107 1224 157 1261 tis
189 1222 270 1274 Dei,
303 1223 389 1272 quis
420 1224 564 1274 poterit
595 1219 818 1273 explicare?

613 1346 767 1388 CAPUT
800 1347 935 1388 XXII.

110 1422 169 1459 De
212 1423 382 1459 miseriis
425 1432 476 1459 ac
519 1423 650 1468 malls,
695 1421 837 1468 quibus
877 1421 1094 1458 humanum
1135 1431 1262 1468 yenus
1305 1421 1446 1458 merito

104 1481 263 1528 primae
294 1480 664 1528 praevaricationis
702 1479 914 1516 obnoxium
947 1484 1005 1517 est
1035 1484 1072 1517 el
1104 1490 1128 1516 a
1160 1479 1304 1526 quibus
1335 1489 1446 1516 nemo
1475 1493 1481 1499 ·

373 1539 453 1575 nise·
478 1549 554 1585 per
590 1537 739 1574 Christi
765 1538 943 1584 qratiam
975 1538 1183 1575 liberatur.

227 1620 322 1658 Nam
367 1618 470 1669 quod
515 1617 560 1656 ad
604 1619 768 1668 primam
822 1619 1012 1668 originem
1055 1618 1250 1668 pertinet,
1293 1628 1447 1655 omnem

111 1678 331 1716 mortalium
372 1678 599 1728 progeniem
644 1676 763 1714 fuisse
808 1675 1045 1727 damnatam,
1096 1675 1191 1713 haec
1234 1676 1318 1726 ipsa
1361 1676 1448 1727 vita,

111 1738 144 1774 si
187 1737 265 1774 vita
308 1734 471 1774 dicenda
514 1740 596 1786 est,
641 1739 698 1772 tot
739 1739 778 1772 et
814 1735 931 1772 tantis
970 1733 1080 1772 malis
1118 1733 1232 1784 plena
1270 1738 1448 1771 testatur.

111 1794 213 1839 Quid
255 1795 357 1832 enim
399 1792 500 1831 aliud
542 1792 687 1830 indicat
734 1791 929 1830 horrenda
973 1791 1161 1842 quaedam
1202 1791 1448 1842 profunditas
1474 1800 1482 1812 ⁴

110 1853 371 1902 ignorantiae,
408 1863 455 1889 ex
487 1862 561 1901 qua
594 1851 720 1888 omnis
752 1862 864 1888 error
896 1851 1045 1902 existit,
1083 1851 1150 1900 qui
1183 1862 1317 1887 omnes
1349 1849 1448 1888 filios

110 1910 231 1948 Adam
270 1909 478 1948 tenebroso
519 1908 685 1959 quodam
725 1910 812 1946 sinu
852 1910 1042 1959 suscepit,
1082 1913 1125 1946 ut
1157 1907 1272 1945 homo
1305 1906 1351 1945 ab
1383 1907 1447 1945 illo

111 1968 269 2006 liberari
297 1969 379 2006 sine
406 1966 536 2005 labore
564 1966 696 2004 dolore
723 1968 863 2005 timore
896 1979 973 2004 non
1005 1963 1156 2017 possit?
1208 1965 1308 2011 Quid
1341 1977 1448 2004 amor

111 2027 193 2077 ipse
233 2032 290 2064 tot
326 2038 459 2064 rerum
491 2037 675 2063 vanarum
708 2031 823 2075 atque
856 2026 1059 2063 noxiarum
1093 2029 1131 2062 et
1162 2036 1207 2062 ex
1240 2024 1313 2062 hoc
1347 2036 1447 2062 mor·

206 2128 241 2168 1)
270 2131 298 2160 1.
327 2125 406 2161 Cor.
437 2130 490 2168 15,
515 2130 571 2160 44.
623 2128 657 2169 τ)
683 2125 739 2159 Ps.
769 2128 825 2166 25,
851 2129 882 2159 8.

209 2260 224 2288 1
247 2254 404 2299 resurgit
424 2254 496 2296 R1;
521 2255 686 2298 resurget
706 2253 817 2287 R‘2Av
845 2253 918 2297 (sed
937 2253 981 2295 cf.
1002 2253 1069 2287 vol.
1097 2252 1132 2296 I,
1160 2255 1244 2295 584,
1270 2256 1316 2287 10
1324 2266 1336 2294 ;
1363 2256 1447 2295 589,

110 2304 183 2343 28,·
209 2304 292 2344 598,
318 2303 378 2346 10)
398 2302 410 2345 ΙΙ
430 2305 472 2335 27
499 2301 652 2345 suscipit
674 2311 694 2334 v

1474 762 1515 792 10

1475 1052 1514 1082 15
