<?xml version="1.0" encoding="UTF-8"?>
<!DOCTYPE html PUBLIC "-//W3C//DTD XHTML 1.0 Transitional//EN"
    "http://www.w3.org/TR/xhtml1/DTD/xhtml1-transitional.dtd">
<html xmlns="http://www.w3.org/1999/xhtml" xml:lang="en" lang="en">
 <head>
  <title>
</title>
<meta http-equiv="Content-Type" content="text/html;charset=utf-8" />
  <meta name='ocr-system' content='tesseract 3.04.00' />
  <meta name='ocr-capabilities' content='ocr_page ocr_carea ocr_par ocr_line ocrx_word'/>
</head>
<body>
  <div class='ocr_page' id='page_1' title='image "./sanctiaureliiaug02auguuoft_0165.png"; bbox 0 0 1548 2562; ppageno 0'>
   <div class='ocr_carea' id='block_1_1' title="bbox 377 127 1378 167">
    <p class='ocr_par' dir='ltr' id='par_1_1' title="bbox 377 127 1378 167">
     <span class='ocr_line' id='line_1_1' title="bbox 377 127 1378 167; baseline -0.001 -7"><span class='ocrx_word' id='word_1_1' title='bbox 377 135 428 160; x_wconf 85' lang='lat' dir='ltr'>DE</span> <span class='ocrx_word' id='word_1_2' title='bbox 448 135 636 160; x_wconf 82' lang='lat' dir='ltr'>CIVITATE</span> <span class='ocrx_word' id='word_1_3' title='bbox 655 136 725 160; x_wconf 81' lang='lat' dir='ltr'>DEI</span> <span class='ocrx_word' id='word_1_4' title='bbox 744 136 776 160; x_wconf 87' lang='lat' dir='ltr'>L.</span> <span class='ocrx_word' id='word_1_5' title='bbox 796 136 877 160; x_wconf 82' lang='lat' dir='ltr'>XVI.</span> <span class='ocrx_word' id='word_1_6' title='bbox 897 135 927 160; x_wconf 86' lang='lat' dir='ltr'>c.</span> <span class='ocrx_word' id='word_1_7' title='bbox 948 136 989 160; x_wconf 65' lang='lat'>22.</span> <span class='ocrx_word' id='word_1_8' title='bbox 1009 136 1050 160; x_wconf 77' lang='lat'>23.</span> <span class='ocrx_word' id='word_1_9' title='bbox 1297 127 1378 167; x_wconf 78' lang='lat'>159</span> 
     </span>
    </p>
   </div>
   <div class='ocr_carea' id='block_1_2' title="bbox 47 222 1448 1262">
    <p class='ocr_par' dir='ltr' id='par_1_2' title="bbox 47 222 1448 1262">
     <span class='ocr_line' id='line_1_2' title="bbox 49 222 1379 274; baseline 0 -13"><span class='ocrx_word' id='word_1_10' title='bbox 49 235 138 262; x_wconf 91' lang='lat' dir='ltr'>cum</span> <span class='ocrx_word' id='word_1_11' title='bbox 174 222 362 274; x_wconf 79' lang='lat' dir='ltr'><strong>Mambre,</strong></span> <span class='ocrx_word' id='word_1_12' title='bbox 400 235 496 272; x_wconf 85' lang='lat' dir='ltr'>quae</span> <span class='ocrx_word' id='word_1_13' title='bbox 535 229 617 261; x_wconf 81' lang='lat' dir='ltr'>erat</span> <span class='ocrx_word' id='word_1_14' title='bbox 657 223 849 261; x_wconf 88' lang='lat' dir='ltr'>Chebron.</span> <span class='ocrx_word' id='word_1_15' title='bbox 921 223 1067 261; x_wconf 80' lang='lat' dir='ltr'>Deinde</span> <span class='ocrx_word' id='word_1_16' title='bbox 1105 222 1150 260; x_wconf 87' lang='lat' dir='ltr'>ab</span> <span class='ocrx_word' id='word_1_17' title='bbox 1189 223 1379 272; x_wconf 80' lang='lat' dir='ltr'>hostibus,</span> 
     </span>
     <span class='ocr_line' id='line_1_3' title="bbox 49 281 1377 332; baseline 0.002 -14"><span class='ocrx_word' id='word_1_18' title='bbox 49 283 115 331; x_wconf 85' lang='lat' dir='ltr'>qui</span> <span class='ocrx_word' id='word_1_19' title='bbox 143 281 320 319; x_wconf 86' lang='lat' dir='ltr'>Sodomis</span> <span class='ocrx_word' id='word_1_20' title='bbox 346 282 559 332; x_wconf 72' lang='lat' dir='ltr'>inruerant,</span> <span class='ocrx_word' id='word_1_21' title='bbox 591 293 679 318; x_wconf 87' lang='lat' dir='ltr'>cum</span> <span class='ocrx_word' id='word_1_22' title='bbox 707 283 880 331; x_wconf 84' lang='lat' dir='ltr'>quinque</span> <span class='ocrx_word' id='word_1_23' title='bbox 909 293 1021 332; x_wconf 85' lang='lat' dir='ltr'>reges</span> <span class='ocrx_word' id='word_1_24' title='bbox 1053 281 1237 319; x_wconf 86' lang='lat' dir='ltr'>adversus</span> <span class='ocrx_word' id='word_1_25' title='bbox 1271 287 1377 332; x_wconf 81' lang='lat' dir='ltr'>quat-</span> 
     </span>
     <span class='ocr_line' id='line_1_4' title="bbox 48 338 1378 390; baseline 0 -13"><span class='ocrx_word' id='word_1_26' title='bbox 48 345 137 377; x_wconf 90' lang='lat' dir='ltr'>tuor</span> <span class='ocrx_word' id='word_1_27' title='bbox 162 339 304 377; x_wconf 83' lang='lat' dir='ltr'>bellum</span> <span class='ocrx_word' id='word_1_28' title='bbox 331 344 514 388; x_wconf 81' lang='lat' dir='ltr'>gererent</span> <span class='ocrx_word' id='word_1_29' title='bbox 539 344 576 376; x_wconf 85' lang='lat' dir='ltr'>et</span> <span class='ocrx_word' id='word_1_30' title='bbox 602 340 712 377; x_wconf 89' lang='lat' dir='ltr'>victis</span> <span class='ocrx_word' id='word_1_31' title='bbox 734 339 944 378; x_wconf 84' lang='lat' dir='ltr'>Sodomitis</span> <span class='ocrx_word' id='word_1_32' title='bbox 977 341 1093 377; x_wconf 82' lang='lat' dir='ltr'>etiam</span> <span class='ocrx_word' id='word_1_33' title='bbox 1113 338 1211 377; x_wconf 87' lang='lat' dir='ltr'>Loth</span> <span class='ocrx_word' id='word_1_34' title='bbox 1244 345 1378 390; x_wconf 82' lang='lat' dir='ltr'>captus</span> 
     </span>
     <span class='ocr_line' id='line_1_5' title="bbox 48 396 1377 449; baseline 0 -14"><span class='ocrx_word' id='word_1_35' title='bbox 48 403 164 449; x_wconf 90' lang='lat' dir='ltr'>esset,</span> <span class='ocrx_word' id='word_1_36' title='bbox 194 397 370 435; x_wconf 86' lang='lat' dir='ltr'>liberavit</span> <span class='ocrx_word' id='word_1_37' title='bbox 401 409 490 434; x_wconf 89' lang='lat' dir='ltr'>eum</span> <span class='ocrx_word' id='word_1_38' title='bbox 516 396 707 434; x_wconf 84' lang='lat' dir='ltr'>Abraham</span> <span class='ocrx_word' id='word_1_39' title='bbox 739 397 916 435; x_wconf 76' lang='lat' dir='ltr'>adductis</span> <span class='ocrx_word' id='word_1_40' title='bbox 951 409 1084 436; x_wconf 90' lang='lat' dir='ltr'>secum</span> <span class='ocrx_word' id='word_1_41' title='bbox 1115 399 1155 435; x_wconf 87' lang='lat' dir='ltr'>in</span> <span class='ocrx_word' id='word_1_42' title='bbox 1186 398 1377 448; x_wconf 90' lang='lat' dir='ltr'>proelium</span> 
     </span>
     <span class='ocr_line' id='line_1_6' title="bbox 48 455 1425 495; baseline 0.001 -2"><span class='ocrx_word' id='word_1_43' title='bbox 48 457 234 493; x_wconf 84' lang='lat' dir='ltr'>trecentis</span> <span class='ocrx_word' id='word_1_44' title='bbox 267 455 402 493; x_wconf 88' lang='lat' dir='ltr'>decem</span> <span class='ocrx_word' id='word_1_45' title='bbox 434 460 472 492; x_wconf 90' lang='lat' dir='ltr'>et</span> <span class='ocrx_word' id='word_1_46' title='bbox 503 460 590 493; x_wconf 85' lang='lat' dir='ltr'>octo</span> <span class='ocrx_word' id='word_1_47' title='bbox 622 455 839 493; x_wconf 89' lang='lat' dir='ltr'>vernaculis</span> <span class='ocrx_word' id='word_1_48' title='bbox 872 457 952 493; x_wconf 81' lang='lat' dir='ltr'>suis</span> <span class='ocrx_word' id='word_1_49' title='bbox 985 461 1023 494; x_wconf 88' lang='lat' dir='ltr'>et</span> <span class='ocrx_word' id='word_1_50' title='bbox 1054 457 1256 494; x_wconf 86' lang='lat' dir='ltr'>victoriam</span> <span class='ocrx_word' id='word_1_51' title='bbox 1287 456 1379 494; x_wconf 84' lang='lat' dir='ltr'>fecit</span> <span class='ocrx_word' id='word_1_52' title='bbox 1405 464 1425 495; x_wconf 87' lang='lat'>5</span> 
     </span>
     <span class='ocr_line' id='line_1_7' title="bbox 49 512 1378 564; baseline 0.001 -13"><span class='ocrx_word' id='word_1_53' title='bbox 49 513 205 564; x_wconf 85' lang='lat' dir='ltr'>regibus</span> <span class='ocrx_word' id='word_1_54' title='bbox 250 512 506 551; x_wconf 84' lang='lat' dir='ltr'>Sodomorum</span> <span class='ocrx_word' id='word_1_55' title='bbox 557 513 728 563; x_wconf 88' lang='lat' dir='ltr'>nihilque</span> <span class='ocrx_word' id='word_1_56' title='bbox 779 513 990 563; x_wconf 85' lang='lat' dir='ltr'>spoliorum</span> <span class='ocrx_word' id='word_1_57' title='bbox 1043 514 1195 552; x_wconf 88' lang='lat' dir='ltr'>auferre</span> <span class='ocrx_word' id='word_1_58' title='bbox 1247 514 1378 564; x_wconf 86' lang='lat' dir='ltr'>voluit,</span> 
     </span>
     <span class='ocr_line' id='line_1_8' title="bbox 49 567 1376 622; baseline 0 -12"><span class='ocrx_word' id='word_1_59' title='bbox 49 583 138 610; x_wconf 90' lang='lat' dir='ltr'>cum</span> <span class='ocrx_word' id='word_1_60' title='bbox 181 583 248 609; x_wconf 88' lang='lat' dir='ltr'>rex</span> <span class='ocrx_word' id='word_1_61' title='bbox 293 572 355 609; x_wconf 89' lang='lat' dir='ltr'>cui</span> <span class='ocrx_word' id='word_1_62' title='bbox 399 572 543 609; x_wconf 86' lang='lat' dir='ltr'>vicerat</span> <span class='ocrx_word' id='word_1_63' title='bbox 586 570 800 609; x_wconf 84' lang='lat' dir='ltr'>obtulisset.</span> <span class='ocrx_word' id='word_1_64' title='bbox 864 571 939 609; x_wconf 88' lang='lat' dir='ltr'>Sed</span> <span class='ocrx_word' id='word_1_65' title='bbox 978 571 1088 622; x_wconf 82' lang='lat' dir='ltr'>plane</span> <span class='ocrx_word' id='word_1_66' title='bbox 1127 567 1376 610; x_wconf 78' lang='lat' dir='ltr'>tune&#39;bene-</span> 
     </span>
     <span class='ocr_line' id='line_1_9' title="bbox 48 628 1377 681; baseline 0.001 -14"><span class='ocrx_word' id='word_1_67' title='bbox 48 630 176 668; x_wconf 87' lang='lat' dir='ltr'>dictus</span> <span class='ocrx_word' id='word_1_68' title='bbox 207 635 267 667; x_wconf 86' lang='lat' dir='ltr'>est</span> <span class='ocrx_word' id='word_1_69' title='bbox 298 641 317 667; x_wconf 86' lang='lat' dir='ltr'>a</span> <span class='ocrx_word' id='word_1_70' title='bbox 350 628 651 680; x_wconf 75' lang='lat' dir='ltr'>Melchisedech,</span> <span class='ocrx_word' id='word_1_71' title='bbox 689 631 755 679; x_wconf 85' lang='lat' dir='ltr'>qui</span> <span class='ocrx_word' id='word_1_72' title='bbox 787 634 870 667; x_wconf 87' lang='lat' dir='ltr'>erat</span> <span class='ocrx_word' id='word_1_73' title='bbox 902 630 1083 667; x_wconf 80' lang='lat' dir='ltr'>sacerdos</span> <span class='ocrx_word' id='word_1_74' title='bbox 1116 630 1184 668; x_wconf 79' lang='lat' dir='ltr'>Dei</span> <span class='ocrx_word' id='word_1_75' title='bbox 1216 630 1377 681; x_wconf 81' lang='lat' dir='ltr'>excelsi3</span> 
     </span>
     <span class='ocr_line' id='line_1_10' title="bbox 48 687 1379 740; baseline 0.001 -15"><span class='ocrx_word' id='word_1_76' title='bbox 48 688 95 725; x_wconf 86' lang='lat' dir='ltr'>de</span> <span class='ocrx_word' id='word_1_77' title='bbox 128 699 204 737; x_wconf 87' lang='lat' dir='ltr'>quo</span> <span class='ocrx_word' id='word_1_78' title='bbox 236 689 276 725; x_wconf 90' lang='lat' dir='ltr'>in</span> <span class='ocrx_word' id='word_1_79' title='bbox 309 687 494 739; x_wconf 73' lang='lat' dir='ltr'>epistula,</span> <span class='ocrx_word' id='word_1_80' title='bbox 534 699 631 737; x_wconf 85' lang='lat' dir='ltr'>quae</span> <span class='ocrx_word' id='word_1_81' title='bbox 664 687 892 725; x_wconf 84' lang='lat' dir='ltr'>inscribitur</span> <span class='ocrx_word' id='word_1_82' title='bbox 925 688 970 725; x_wconf 80' lang='lat' dir='ltr'>ad</span> <span class='ocrx_word' id='word_1_83' title='bbox 1003 688 1221 740; x_wconf 80' lang='lat' dir='ltr'>Hebraeos,</span> <span class='ocrx_word' id='word_1_84' title='bbox 1264 700 1379 738; x_wconf 85' lang='lat' dir='ltr'>quam</span> 
     </span>
     <span class='ocr_line' id='line_1_11' title="bbox 47 745 1448 798; baseline 0.002 -15"><span class='ocrx_word' id='word_1_85' title='bbox 47 746 179 796; x_wconf 90' lang='lat' dir='ltr'>plures</span> <span class='ocrx_word' id='word_1_86' title='bbox 217 745 326 783; x_wconf 92' lang='lat' dir='ltr'>Pauli</span> <span class='ocrx_word' id='word_1_87' title='bbox 367 745 529 796; x_wconf 89' lang='lat' dir='ltr'>apostoli</span> <span class='ocrx_word' id='word_1_88' title='bbox 570 758 655 783; x_wconf 88' lang='lat' dir='ltr'>esse</span> <span class='ocrx_word' id='word_1_89' title='bbox 697 745 848 796; x_wconf 89' lang='lat' dir='ltr'>dicunt,</span> <span class='ocrx_word' id='word_1_90' title='bbox 893 745 1048 795; x_wconf 85' lang='lat' dir='ltr'>quidam</span> <span class='ocrx_word' id='word_1_91' title='bbox 1089 758 1180 784; x_wconf 88' lang='lat' dir='ltr'>vero</span> <span class='ocrx_word' id='word_1_92' title='bbox 1223 751 1376 798; x_wconf 80' lang='lat' dir='ltr'>negant,</span> <span class='ocrx_word' id='word_1_93' title='bbox 1406 755 1448 786; x_wconf 91' lang='lat'>10</span> 
     </span>
     <span class='ocr_line' id='line_1_12' title="bbox 48 803 1377 854; baseline 0 -12"><span class='ocrx_word' id='word_1_94' title='bbox 48 803 166 842; x_wconf 84' lang='lat' dir='ltr'>multa</span> <span class='ocrx_word' id='word_1_95' title='bbox 199 809 237 842; x_wconf 89' lang='lat' dir='ltr'>et</span> <span class='ocrx_word' id='word_1_96' title='bbox 269 815 403 853; x_wconf 82' lang='lat' dir='ltr'>magna</span> <span class='ocrx_word' id='word_1_97' title='bbox 436 805 656 853; x_wconf 82' lang='lat' dir='ltr'>conscripta</span> <span class='ocrx_word' id='word_1_98' title='bbox 687 809 788 842; x_wconf 90' lang='lat' dir='ltr'>sunt.</span> <span class='ocrx_word' id='word_1_99' title='bbox 849 803 906 841; x_wconf 84' lang='lat' dir='ltr'>Ibi</span> <span class='ocrx_word' id='word_1_100' title='bbox 939 806 1079 854; x_wconf 83' lang='lat' dir='ltr'>quippe</span> <span class='ocrx_word' id='word_1_101' title='bbox 1114 806 1282 854; x_wconf 88' lang='lat' dir='ltr'>primum</span> <span class='ocrx_word' id='word_1_102' title='bbox 1315 817 1377 854; x_wconf 85' lang='lat' dir='ltr'>ap-</span> 
     </span>
     <span class='ocr_line' id='line_1_13' title="bbox 47 861 1377 913; baseline 0 -13"><span class='ocrx_word' id='word_1_103' title='bbox 47 863 177 913; x_wconf 81' lang='lat' dir='ltr'>paruit</span> <span class='ocrx_word' id='word_1_104' title='bbox 215 862 468 913; x_wconf 76' lang='lat' dir='ltr'>sacrificium,</span> <span class='ocrx_word' id='word_1_105' title='bbox 509 861 611 912; x_wconf 86' lang='lat' dir='ltr'>quod</span> <span class='ocrx_word' id='word_1_106' title='bbox 653 874 756 899; x_wconf 88' lang='lat' dir='ltr'>nunc</span> <span class='ocrx_word' id='word_1_107' title='bbox 789 874 809 899; x_wconf 87' lang='lat' dir='ltr'>a</span> <span class='ocrx_word' id='word_1_108' title='bbox 841 861 1070 900; x_wconf 84' lang='lat' dir='ltr'>Christianis</span> <span class='ocrx_word' id='word_1_109' title='bbox 1103 863 1266 900; x_wconf 84' lang='lat' dir='ltr'>offertur</span> <span class='ocrx_word' id='word_1_110' title='bbox 1299 862 1377 900; x_wconf 91' lang='lat' dir='ltr'>Deo</span> 
     </span>
     <span class='ocr_line' id='line_1_14' title="bbox 47 919 1379 971; baseline 0 -13"><span class='ocrx_word' id='word_1_111' title='bbox 47 925 129 958; x_wconf 90' lang='lat' dir='ltr'>toto</span> <span class='ocrx_word' id='word_1_112' title='bbox 170 919 263 958; x_wconf 87' lang='lat' dir='ltr'>orbe</span> <span class='ocrx_word' id='word_1_113' title='bbox 308 925 518 971; x_wconf 79' lang='lat' dir='ltr'>terrarum,</span> <span class='ocrx_word' id='word_1_114' title='bbox 559 920 819 970; x_wconf 80' lang='lat' dir='ltr'>impleturque</span> <span class='ocrx_word' id='word_1_115' title='bbox 852 920 964 971; x_wconf 90' lang='lat' dir='ltr'>illud,</span> <span class='ocrx_word' id='word_1_116' title='bbox 1013 920 1114 970; x_wconf 78' lang='lat' dir='ltr'>quod</span> <span class='ocrx_word' id='word_1_117' title='bbox 1147 920 1258 970; x_wconf 78' lang='lat' dir='ltr'>longe</span> <span class='ocrx_word' id='word_1_118' title='bbox 1292 926 1379 971; x_wconf 90' lang='lat' dir='ltr'>post</span> 
     </span>
     <span class='ocr_line' id='line_1_15' title="bbox 47 977 1379 1029; baseline -0.001 -13"><span class='ocrx_word' id='word_1_119' title='bbox 47 978 120 1016; x_wconf 92' lang='lat' dir='ltr'>hoc</span> <span class='ocrx_word' id='word_1_120' title='bbox 149 979 293 1016; x_wconf 86' lang='lat' dir='ltr'>factum</span> <span class='ocrx_word' id='word_1_121' title='bbox 318 990 388 1028; x_wconf 89' lang='lat' dir='ltr'>per</span> <span class='ocrx_word' id='word_1_122' title='bbox 408 978 637 1028; x_wconf 87' lang='lat' dir='ltr'>prophetam</span> <span class='ocrx_word' id='word_1_123' title='bbox 669 978 811 1016; x_wconf 81' lang='lat' dir='ltr'>dicitur</span> <span class='ocrx_word' id='word_1_124' title='bbox 843 978 887 1015; x_wconf 84' lang='lat' dir='ltr'>ad</span> <span class='ocrx_word' id='word_1_125' title='bbox 911 977 1120 1029; x_wconf 80' lang='lat' dir='ltr'>Christum,</span> <span class='ocrx_word' id='word_1_126' title='bbox 1154 980 1220 1028; x_wconf 85' lang='lat' dir='ltr'>qui</span> <span class='ocrx_word' id='word_1_127' title='bbox 1252 979 1379 1016; x_wconf 80' lang='lat' dir='ltr'>suerat</span> 
     </span>
     <span class='ocr_line' id='line_1_16' title="bbox 48 1036 1447 1075; baseline 0 -1"><span class='ocrx_word' id='word_1_128' title='bbox 48 1036 173 1074; x_wconf 89' lang='lat' dir='ltr'>adhuc</span> <span class='ocrx_word' id='word_1_129' title='bbox 211 1042 398 1074; x_wconf 88' lang='lat' dir='ltr'>venturus</span> <span class='ocrx_word' id='word_1_130' title='bbox 430 1038 469 1074; x_wconf 93' lang='lat' dir='ltr'>in</span> <span class='ocrx_word' id='word_1_131' title='bbox 508 1048 641 1074; x_wconf 85' lang='lat' dir='ltr'>carne:</span> <span class='ocrx_word' id='word_1_132' title='bbox 691 1036 745 1074; x_wconf 91' lang='lat' dir='ltr'>Tu</span> <span class='ocrx_word' id='word_1_133' title='bbox 785 1048 824 1075; x_wconf 82' lang='lat' dir='ltr'>es</span> <span class='ocrx_word' id='word_1_134' title='bbox 862 1039 1052 1075; x_wconf 80' lang='lat' dir='ltr'>sacerdos</span> <span class='ocrx_word' id='word_1_135' title='bbox 1093 1039 1132 1074; x_wconf 73' lang='lat' dir='ltr'>iu</span> <span class='ocrx_word' id='word_1_136' title='bbox 1172 1041 1378 1075; x_wconf 77' lang='lat' dir='ltr'>aeternum</span> <span class='ocrx_word' id='word_1_137' title='bbox 1406 1045 1447 1075; x_wconf 85' lang='lat'>15</span> 
     </span>
     <span class='ocr_line' id='line_1_17' title="bbox 47 1094 1380 1139; baseline 0 -7"><span class='ocrx_word' id='word_1_138' title='bbox 47 1096 264 1133; x_wconf 77' lang='lat' dir='ltr'>secundum</span> <span class='ocrx_word' id='word_1_139' title='bbox 302 1096 482 1133; x_wconf 71' lang='lat' dir='ltr'>ordinem</span> <span class='ocrx_word' id='word_1_140' title='bbox 514 1095 806 1133; x_wconf 66' lang='lat' dir='ltr'>Melchisedech</span> <span class='ocrx_word' id='word_1_141' title='bbox 815 1108 829 1139; x_wconf 87' lang='lat'><em>;</em></span> <span class='ocrx_word' id='word_1_142' title='bbox 874 1106 951 1132; x_wconf 90' lang='lat' dir='ltr'>non</span> <span class='ocrx_word' id='word_1_143' title='bbox 984 1094 1132 1132; x_wconf 89' lang='lat' dir='ltr'>scilicet</span> <span class='ocrx_word' id='word_1_144' title='bbox 1164 1094 1380 1132; x_wconf 88' lang='lat' dir='ltr'>secundum</span> 
     </span>
     <span class='ocr_line' id='line_1_18' title="bbox 48 1152 1378 1203; baseline 0.001 -13"><span class='ocrx_word' id='word_1_145' title='bbox 48 1152 224 1190; x_wconf 88' lang='lat' dir='ltr'>ordinem</span> <span class='ocrx_word' id='word_1_146' title='bbox 256 1152 402 1203; x_wconf 85' lang='lat' dir='ltr'>Aaron,</span> <span class='ocrx_word' id='word_1_147' title='bbox 441 1154 507 1202; x_wconf 85' lang='lat' dir='ltr'>qui</span> <span class='ocrx_word' id='word_1_148' title='bbox 546 1152 640 1190; x_wconf 86' lang='lat' dir='ltr'>ordo</span> <span class='ocrx_word' id='word_1_149' title='bbox 680 1154 807 1191; x_wconf 85' lang='lat' dir='ltr'>fuerat</span> <span class='ocrx_word' id='word_1_150' title='bbox 838 1153 1074 1191; x_wconf 74' lang='lat' dir='ltr'>auferendus</span> <span class='ocrx_word' id='word_1_151' title='bbox 1106 1153 1378 1192; x_wconf 86' lang='lat' dir='ltr'>inlucescenti-</span> 
     </span>
     <span class='ocr_line' id='line_1_19' title="bbox 48 1210 1070 1262; baseline 0 -14"><span class='ocrx_word' id='word_1_152' title='bbox 48 1210 120 1249; x_wconf 90' lang='lat' dir='ltr'>bus</span> <span class='ocrx_word' id='word_1_153' title='bbox 152 1210 282 1262; x_wconf 89' lang='lat' dir='ltr'>rebus,</span> <span class='ocrx_word' id='word_1_154' title='bbox 314 1222 410 1260; x_wconf 91' lang='lat' dir='ltr'>quae</span> <span class='ocrx_word' id='word_1_155' title='bbox 442 1211 518 1248; x_wconf 90' lang='lat' dir='ltr'>illis</span> <span class='ocrx_word' id='word_1_156' title='bbox 550 1210 698 1249; x_wconf 86' lang='lat' dir='ltr'>umbris</span> <span class='ocrx_word' id='word_1_157' title='bbox 730 1210 1070 1262; x_wconf 74' lang='lat' dir='ltr'>praenotabantur.</span> 
     </span>
    </p>
   </div>
   <div class='ocr_carea' id='block_1_3' title="bbox 542 1323 884 1365">
    <p class='ocr_par' dir='ltr' id='par_1_3' title="bbox 542 1323 884 1365">
     <span class='ocr_line' id='line_1_20' title="bbox 542 1323 884 1365; baseline 0 -1"><span class='ocrx_word' id='word_1_158' title='bbox 542 1323 699 1365; x_wconf 82' lang='lat' dir='ltr'><strong>CAPUT</strong></span> <span class='ocrx_word' id='word_1_159' title='bbox 724 1324 884 1365; x_wconf 79' lang='lat' dir='ltr'>XXIII.</span> 
     </span>
    </p>
   </div>
   <div class='ocr_carea' id='block_1_4' title="bbox 48 1397 1451 1609">
    <p class='ocr_par' dir='ltr' id='par_1_4' title="bbox 48 1397 1451 1609">
     <span class='ocr_line' id='line_1_21' title="bbox 48 1397 1451 1445; baseline 0.001 -11"><span class='ocrx_word' id='word_1_160' title='bbox 48 1398 108 1435; x_wconf 81' lang='lat' dir='ltr'>De</span> <span class='ocrx_word' id='word_1_161' title='bbox 133 1398 251 1435; x_wconf 81' lang='lat' dir='ltr'>verbo</span> <span class='ocrx_word' id='word_1_162' title='bbox 278 1397 438 1434; x_wconf 72' lang='lat' dir='ltr'>Domini</span> <span class='ocrx_word' id='word_1_163' title='bbox 462 1398 518 1434; x_wconf 78' lang='lat' dir='ltr'>cccl</span> <span class='ocrx_word' id='word_1_164' title='bbox 541 1398 757 1442; x_wconf 74' lang='lat' dir='ltr'>Abraham,</span> <span class='ocrx_word' id='word_1_165' title='bbox 790 1408 866 1444; x_wconf 82' lang='lat' dir='ltr'>quo</span> <span class='ocrx_word' id='word_1_166' title='bbox 899 1399 938 1435; x_wconf 77' lang='grc' dir='ltr'>ει·</span> <span class='ocrx_word' id='word_1_167' title='bbox 962 1399 1211 1445; x_wconf 71' lang='lat' dir='ltr'>promittitur</span> <span class='ocrx_word' id='word_1_168' title='bbox 1241 1409 1379 1435; x_wconf 74' lang='lat' dir='ltr'>secun-</span> <span class='ocrx_word' id='word_1_169' title='bbox 1407 1405 1451 1436; x_wconf 82' lang='lat'>20</span> 
     </span>
     <span class='ocr_line' id='line_1_22' title="bbox 91 1456 1340 1503; baseline 0.001 -11"><span class='ocrx_word' id='word_1_170' title='bbox 91 1456 182 1493; x_wconf 81' lang='lat' dir='ltr'>dum</span> <span class='ocrx_word' id='word_1_171' title='bbox 214 1457 503 1493; x_wconf 73' lang='lat' dir='ltr'>multitudinem</span> <span class='ocrx_word' id='word_1_172' title='bbox 534 1457 739 1493; x_wconf 76' lang='lat' dir='ltr'>stellarum</span> <span class='ocrx_word' id='word_1_173' title='bbox 771 1457 1075 1503; x_wconf 72' lang='lat' dir='ltr'>multiplicanda</span> <span class='ocrx_word' id='word_1_174' title='bbox 1103 1458 1340 1503; x_wconf 77' lang='lat' dir='ltr'>posterila8;</span> 
     </span>
     <span class='ocr_line' id='line_1_23' title="bbox 145 1514 1287 1561; baseline -0.001 -10"><span class='ocrx_word' id='word_1_175' title='bbox 145 1514 252 1561; x_wconf 78' lang='lat' dir='ltr'>quod</span> <span class='ocrx_word' id='word_1_176' title='bbox 281 1515 449 1551; x_wconf 80' lang='lat' dir='ltr'>credens</span> <span class='ocrx_word' id='word_1_177' title='bbox 482 1515 720 1559; x_wconf 67' lang='lat' dir='ltr'>iustificatus</span> <span class='ocrx_word' id='word_1_178' title='bbox 752 1518 809 1551; x_wconf 84' lang='lat' dir='ltr'>est</span> <span class='ocrx_word' id='word_1_179' title='bbox 840 1514 974 1551; x_wconf 75' lang='lat' dir='ltr'>adhuc</span> <span class='ocrx_word' id='word_1_180' title='bbox 1007 1515 1045 1550; x_wconf 74' lang='lat' dir='ltr'>tn</span> <span class='ocrx_word' id='word_1_181' title='bbox 1074 1516 1287 1561; x_wconf 71' lang='lat' dir='ltr'>praepulio</span> 
     </span>
     <span class='ocr_line' id='line_1_24' title="bbox 592 1573 836 1609; baseline -0.004 0"><span class='ocrx_word' id='word_1_182' title='bbox 592 1573 836 1609; x_wconf 79' lang='lat' dir='ltr'>constitutus.</span> 
     </span>
    </p>
   </div>
   <div class='ocr_carea' id='block_1_5' title="bbox 48 1639 1450 2097">
    <p class='ocr_par' dir='ltr' id='par_1_5' title="bbox 48 1639 1450 2097">
     <span class='ocr_line' id='line_1_25' title="bbox 165 1639 1378 1678; baseline 0 0"><span class='ocrx_word' id='word_1_183' title='bbox 165 1640 290 1678; x_wconf 88' lang='lat' dir='ltr'>Etiam</span> <span class='ocrx_word' id='word_1_184' title='bbox 332 1646 425 1678; x_wconf 88' lang='lat' dir='ltr'>tunc</span> <span class='ocrx_word' id='word_1_185' title='bbox 459 1639 603 1677; x_wconf 79' lang='lat' dir='ltr'>factum</span> <span class='ocrx_word' id='word_1_186' title='bbox 641 1645 702 1677; x_wconf 89' lang='lat' dir='ltr'>est</span> <span class='ocrx_word' id='word_1_187' title='bbox 732 1639 893 1677; x_wconf 85' lang='lat' dir='ltr'>verbum</span> <span class='ocrx_word' id='word_1_188' title='bbox 926 1639 1078 1676; x_wconf 89' lang='lat' dir='ltr'>Domini</span> <span class='ocrx_word' id='word_1_189' title='bbox 1110 1639 1156 1676; x_wconf 89' lang='lat' dir='ltr'>ad</span> <span class='ocrx_word' id='word_1_190' title='bbox 1188 1639 1378 1678; x_wconf 84' lang='lat' dir='ltr'>Abraham</span> 
     </span>
     <span class='ocr_line' id='line_1_26' title="bbox 48 1697 1449 1747; baseline 0.001 -11"><span class='ocrx_word' id='word_1_191' title='bbox 48 1700 87 1736; x_wconf 89' lang='lat' dir='ltr'>in</span> <span class='ocrx_word' id='word_1_192' title='bbox 119 1700 215 1736; x_wconf 91' lang='lat' dir='ltr'>visu.</span> <span class='ocrx_word' id='word_1_193' title='bbox 278 1698 353 1742; x_wconf 86' lang='lat' dir='ltr'>Qui</span> <span class='ocrx_word' id='word_1_194' title='bbox 385 1709 473 1735; x_wconf 91' lang='lat' dir='ltr'>cum</span> <span class='ocrx_word' id='word_1_195' title='bbox 506 1698 541 1735; x_wconf 88' lang='lat' dir='ltr'>ei</span> <span class='ocrx_word' id='word_1_196' title='bbox 572 1699 856 1747; x_wconf 88' lang='lat' dir='ltr'>protectionem</span> <span class='ocrx_word' id='word_1_197' title='bbox 889 1697 1187 1746; x_wconf 80' lang='lat' dir='ltr'>mercedemque</span> <span class='ocrx_word' id='word_1_198' title='bbox 1219 1700 1378 1747; x_wconf 89' lang='lat' dir='ltr'>promit·</span> <span class='ocrx_word' id='word_1_199' title='bbox 1405 1706 1449 1737; x_wconf 80' lang='lat'>25</span> 
     </span>
     <span class='ocr_line' id='line_1_27' title="bbox 49 1755 1380 1805; baseline 0 -11"><span class='ocrx_word' id='word_1_200' title='bbox 49 1761 150 1795; x_wconf 83' lang='lat' dir='ltr'>teret</span> <span class='ocrx_word' id='word_1_201' title='bbox 181 1755 288 1794; x_wconf 86' lang='lat' dir='ltr'>valde</span> <span class='ocrx_word' id='word_1_202' title='bbox 321 1755 498 1802; x_wconf 85' lang='lat' dir='ltr'>multam,</span> <span class='ocrx_word' id='word_1_203' title='bbox 530 1755 592 1792; x_wconf 90' lang='lat' dir='ltr'>ille</span> <span class='ocrx_word' id='word_1_204' title='bbox 626 1755 672 1793; x_wconf 90' lang='lat' dir='ltr'>de</span> <span class='ocrx_word' id='word_1_205' title='bbox 704 1757 930 1805; x_wconf 79' lang='lat' dir='ltr'>posteritate</span> <span class='ocrx_word' id='word_1_206' title='bbox 965 1755 1153 1793; x_wconf 88' lang='lat' dir='ltr'>sollicitus</span> <span class='ocrx_word' id='word_1_207' title='bbox 1186 1756 1380 1805; x_wconf 85' lang='lat' dir='ltr'>quendam</span> 
     </span>
     <span class='ocr_line' id='line_1_28' title="bbox 48 1813 1380 1863; baseline 0.001 -12"><span class='ocrx_word' id='word_1_208' title='bbox 48 1813 198 1852; x_wconf 88' lang='lat' dir='ltr'>Eliezer</span> <span class='ocrx_word' id='word_1_209' title='bbox 244 1813 494 1851; x_wconf 84' lang='lat' dir='ltr'>vernaculum</span> <span class='ocrx_word' id='word_1_210' title='bbox 540 1825 652 1851; x_wconf 89' lang='lat' dir='ltr'>suum</span> <span class='ocrx_word' id='word_1_211' title='bbox 706 1814 879 1851; x_wconf 87' lang='lat' dir='ltr'>futurum</span> <span class='ocrx_word' id='word_1_212' title='bbox 931 1813 1003 1851; x_wconf 90' lang='lat' dir='ltr'>sibi</span> <span class='ocrx_word' id='word_1_213' title='bbox 1047 1813 1142 1851; x_wconf 88' lang='lat' dir='ltr'>dixit</span> <span class='ocrx_word' id='word_1_214' title='bbox 1185 1813 1380 1863; x_wconf 85' lang='lat' dir='ltr'>heredem,</span> 
     </span>
     <span class='ocr_line' id='line_1_29' title="bbox 49 1871 1380 1924; baseline 0 -14"><span class='ocrx_word' id='word_1_215' title='bbox 49 1873 312 1922; x_wconf 88' lang='lat' dir='ltr'>continuoque</span> <span class='ocrx_word' id='word_1_216' title='bbox 344 1871 398 1908; x_wconf 93' lang='lat' dir='ltr'>illi</span> <span class='ocrx_word' id='word_1_217' title='bbox 430 1872 646 1921; x_wconf 90' lang='lat' dir='ltr'>promissus</span> <span class='ocrx_word' id='word_1_218' title='bbox 679 1877 737 1909; x_wconf 91' lang='lat' dir='ltr'>est</span> <span class='ocrx_word' id='word_1_219' title='bbox 768 1871 900 1922; x_wconf 87' lang='lat' dir='ltr'>heres,</span> <span class='ocrx_word' id='word_1_220' title='bbox 933 1884 1009 1909; x_wconf 90' lang='lat' dir='ltr'>non</span> <span class='ocrx_word' id='word_1_221' title='bbox 1042 1871 1104 1909; x_wconf 86' lang='lat' dir='ltr'>ille</span> <span class='ocrx_word' id='word_1_222' title='bbox 1138 1872 1380 1924; x_wconf 87' lang='lat' dir='ltr'>vernaculus,</span> 
     </span>
     <span class='ocr_line' id='line_1_30' title="bbox 49 1928 1378 1980; baseline 0 -12"><span class='ocrx_word' id='word_1_223' title='bbox 49 1930 116 1968; x_wconf 88' lang='lat' dir='ltr'>sed</span> <span class='ocrx_word' id='word_1_224' title='bbox 155 1931 221 1980; x_wconf 88' lang='lat' dir='ltr'>qui</span> <span class='ocrx_word' id='word_1_225' title='bbox 252 1930 299 1967; x_wconf 89' lang='lat' dir='ltr'>de</span> <span class='ocrx_word' id='word_1_226' title='bbox 336 1931 420 1980; x_wconf 91' lang='lat' dir='ltr'>ipso</span> <span class='ocrx_word' id='word_1_227' title='bbox 453 1928 644 1966; x_wconf 82' lang='lat' dir='ltr'>Abraham</span> <span class='ocrx_word' id='word_1_228' title='bbox 683 1930 809 1967; x_wconf 81' lang='lat' dir='ltr'>suerat</span> <span class='ocrx_word' id='word_1_229' title='bbox 840 1931 1034 1980; x_wconf 80' lang='lat' dir='ltr'>exiturus,</span> <span class='ocrx_word' id='word_1_230' title='bbox 1072 1942 1287 1979; x_wconf 82' lang='lat' dir='ltr'>rursusque</span> <span class='ocrx_word' id='word_1_231' title='bbox 1321 1942 1378 1968; x_wconf 91' lang='lat' dir='ltr'>se-</span> 
     </span>
     <span class='ocr_line' id='line_1_31' title="bbox 49 1986 1450 2039; baseline 0.001 -13"><span class='ocrx_word' id='word_1_232' title='bbox 49 2000 138 2026; x_wconf 88' lang='lat' dir='ltr'>men</span> <span class='ocrx_word' id='word_1_233' title='bbox 175 1986 477 2039; x_wconf 71' lang='lat' dir='ltr'>innumerabile,</span> <span class='ocrx_word' id='word_1_234' title='bbox 520 1999 596 2025; x_wconf 89' lang='lat' dir='ltr'>non</span> <span class='ocrx_word' id='word_1_235' title='bbox 637 1988 738 2025; x_wconf 90' lang='lat' dir='ltr'>sicut</span> <span class='ocrx_word' id='word_1_236' title='bbox 774 1987 917 2025; x_wconf 83' lang='lat' dir='ltr'>harena</span> <span class='ocrx_word' id='word_1_237' title='bbox 956 1993 1100 2038; x_wconf 85' lang='lat' dir='ltr'>terrae,</span> <span class='ocrx_word' id='word_1_238' title='bbox 1142 1987 1208 2025; x_wconf 86' lang='lat' dir='ltr'>sed</span> <span class='ocrx_word' id='word_1_239' title='bbox 1247 1988 1378 2026; x_wconf 90' lang='lat' dir='ltr'>stellae</span> <span class='ocrx_word' id='word_1_240' title='bbox 1405 1996 1450 2027; x_wconf 90' lang='lat'>30</span> 
     </span>
     <span class='ocr_line' id='line_1_32' title="bbox 49 2045 1378 2097; baseline 0 -13"><span class='ocrx_word' id='word_1_241' title='bbox 49 2045 161 2097; x_wconf 87' lang='lat' dir='ltr'>caeli;</span> <span class='ocrx_word' id='word_1_242' title='bbox 201 2045 268 2084; x_wconf 92' lang='lat' dir='ltr'>ubi</span> <span class='ocrx_word' id='word_1_243' title='bbox 301 2045 393 2083; x_wconf 89' lang='lat' dir='ltr'>mihi</span> <span class='ocrx_word' id='word_1_244' title='bbox 426 2046 546 2095; x_wconf 82' lang='lat' dir='ltr'>magis</span> <span class='ocrx_word' id='word_1_245' title='bbox 578 2045 730 2083; x_wconf 86' lang='lat' dir='ltr'>videtur</span> <span class='ocrx_word' id='word_1_246' title='bbox 761 2047 952 2096; x_wconf 82' lang='lat' dir='ltr'>promissa</span> <span class='ocrx_word' id='word_1_247' title='bbox 983 2047 1190 2096; x_wconf 87' lang='lat' dir='ltr'>posteritas</span> <span class='ocrx_word' id='word_1_248' title='bbox 1222 2046 1378 2085; x_wconf 79' lang='lat' dir='ltr'>caelesti</span> 
     </span>
    </p>
   </div>
   <div class='ocr_carea' id='block_1_6' title="bbox 49 2133 1378 2225">
    <p class='ocr_par' dir='ltr' id='par_1_6' title="bbox 49 2133 1378 2225">
     <span class='ocr_line' id='line_1_33' title="bbox 146 2133 1378 2178; baseline 0.002 -11"><span class='ocrx_word' id='word_1_249' title='bbox 146 2136 179 2176; x_wconf 91' lang='lat'>1)</span> <span class='ocrx_word' id='word_1_250' title='bbox 205 2133 292 2168; x_wconf 80' lang='lat' dir='ltr'>Gen.</span> <span class='ocrx_word' id='word_1_251' title='bbox 322 2138 375 2176; x_wconf 83' lang='lat'>13,</span> <span class='ocrx_word' id='word_1_252' title='bbox 403 2136 455 2167; x_wconf 89' lang='lat'>18.</span> <span class='ocrx_word' id='word_1_253' title='bbox 506 2135 540 2176; x_wconf 86' lang='lat'>8)</span> <span class='ocrx_word' id='word_1_254' title='bbox 566 2133 652 2168; x_wconf 83' lang='lat' dir='ltr'>Gen.</span> <span class='ocrx_word' id='word_1_255' title='bbox 681 2137 736 2176; x_wconf 79' lang='lat'>14,</span> <span class='ocrx_word' id='word_1_256' title='bbox 763 2137 816 2168; x_wconf 84' lang='lat'>18.</span> <span class='ocrx_word' id='word_1_257' title='bbox 868 2136 901 2178; x_wconf 87' lang='lat'>9)</span> <span class='ocrx_word' id='word_1_258' title='bbox 929 2134 965 2169; x_wconf 87' lang='lat' dir='ltr'>C.</span> <span class='ocrx_word' id='word_1_259' title='bbox 994 2138 1024 2169; x_wconf 84' lang='lat'>7.</span> <span class='ocrx_word' id='word_1_260' title='bbox 1077 2136 1134 2177; x_wconf 80' lang='grc'><strong>16)</strong></span> <span class='ocrx_word' id='word_1_261' title='bbox 1160 2134 1215 2169; x_wconf 79' lang='lat' dir='ltr'>Ps.</span> <span class='ocrx_word' id='word_1_262' title='bbox 1245 2138 1321 2178; x_wconf 83' lang='lat'>109,</span> <span class='ocrx_word' id='word_1_263' title='bbox 1347 2138 1378 2170; x_wconf 89' lang='lat'>4.</span> 
     </span>
     <span class='ocr_line' id='line_1_34' title="bbox 49 2180 453 2225; baseline 0 -11"><span class='ocrx_word' id='word_1_264' title='bbox 49 2182 108 2225; x_wconf 86' lang='lat'>31)</span> <span class='ocrx_word' id='word_1_265' title='bbox 134 2180 220 2215; x_wconf 88' lang='lat' dir='ltr'>Gen.</span> <span class='ocrx_word' id='word_1_266' title='bbox 250 2183 303 2223; x_wconf 85' lang='lat'>15,</span> <span class='ocrx_word' id='word_1_267' title='bbox 331 2184 348 2213; x_wconf 89' lang='lat'>1</span> <span class='ocrx_word' id='word_1_268' title='bbox 377 2191 453 2224; x_wconf 83' lang='lat' dir='ltr'>sqq.</span> 
     </span>
    </p>
   </div>
   <div class='ocr_carea' id='block_1_7' title="bbox 142 2284 661 2326">
    <p class='ocr_par' dir='ltr' id='par_1_7' title="bbox 142 2284 661 2326">
     <span class='ocr_line' id='line_1_35' title="bbox 142 2284 661 2326; baseline -0.002 -7"><span class='ocrx_word' id='word_1_269' title='bbox 142 2288 187 2319; x_wconf 89' lang='lat'>30</span> <span class='ocrx_word' id='word_1_270' title='bbox 212 2284 276 2319; x_wconf 80' lang='lat' dir='ltr'>sed</span> <span class='ocrx_word' id='word_1_271' title='bbox 307 2284 411 2326; x_wconf 83' lang='lat' dir='ltr'><em>VR¹;</em></span> <span class='ocrx_word' id='word_1_272' title='bbox 436 2284 499 2319; x_wconf 78' lang='lat' dir='ltr'>sed</span> <span class='ocrx_word' id='word_1_273' title='bbox 523 2284 618 2318; x_wconf 82' lang='lat' dir='ltr'>sicut</span> <span class='ocrx_word' id='word_1_274' title='bbox 639 2295 661 2319; x_wconf 86' lang='lat' dir='ltr'><em>v</em></span> 
     </span>
    </p>
   </div>
  </div>
 </body>
</html>
