1548 2562
386 113 437 138 DE
458 113 645 138 (ΠῊΤΑΤΕ
665 113 733 138 DEI
752 113 785 138 L.
804 114 868 138 xx.
888 114 916 138 o.
936 114 977 138 21.
1267 103 1352 144 459

23 204 64 241 in
85 205 248 250 flamma
274 204 387 250 2'9722'8.
439 202 487 240 In
514 204 606 249 {gyne
631 204 733 240 em'm
760 203 920 240 Domini
950 203 1197 240 iudicabitur
1229 204 1354 240 omnis

22 266 136 299 terra
162 266 199 299 et
225 262 264 298 in
287 262 424 308 gladio
450 262 535 298 eius
562 263 685 298 omnis
712 272 832 305 carm
863 262 976 313 multi
1006 262 1206 298 vulnerati
1235 264 1355 298 erunt

23 331 48 357 a
80 320 256 357 Domino.
320 318 406 356 Sive
433 319 521 368 igne
549 319 627 355 sive
660 323 888 368 tempestate
922 319 1000 356 sive
1033 318 1157 368 gladio
1189 330 1353 368 poenam

22 376 155 415 iudicii
194 377 401 428 significat3
441 376 593 426 quando
633 377 790 426 quidem
829 378 955 426 ipsum
998 376 1204 414 Dominum
1243 377 1354 426 quasi

22 437 152 485 ignem
190 434 283 473 dicit
320 447 404 472 esse
444 440 669 485 venturum,
711 436 766 472 eis
799 435 974 485 profecto
1008 434 1148 484 quibus
1180 433 1354 484 poenalis

22 495 97 531 erit
147 494 231 530 eius
281 492 480 530 adventus.
543 491 691 530 Currus
735 505 826 530 vero
871 494 955 530 eius
1000 488 1109 544 (nam
1152 492 1354 543 pluraliter

22 551 115 589 dicti
147 547 258 603 sunt)
296 550 467 601 angelica
508 552 721 589 ministeria
753 562 831 588 non
863 552 1182 589 inconvenienter
1214 552 1352 601 accipi-

22 621 119 648 mus.
181 609 293 654 Quod
325 615 454 647 autem
495 610 546 647 ait
578 621 732 647 omnem
764 614 908 647 terram
942 615 979 647 et
1011 621 1165 646 omnem
1198 620 1354 646 carnem

21 669 61 706 in
99 669 182 706 eius
219 669 307 717 igne
347 672 385 705 et
422 667 546 717 gladio
585 667 764 714 iudicari,
804 679 880 705 uon
920 669 1033 705 etiam
1067 667 1129 705 hic
1162 666 1355 717 spiritales

22 725 291 775 intellegamus
330 731 368 764 et
407 731 580 777 sanctos,
620 725 686 763 sed
720 731 898 763 terrenos
931 730 1045 775 atque
1079 725 1275 777 carnales,
1307 725 1353 763 de

21 783 199 834 qualibus
231 784 378 822 dictum
411 789 485 822 est:
525 785 601 830 Qui
625 789 789 822 terrena
820 786 991 832 sapiunt,
1025 789 1080 822 et:
1113 785 1266 832 Sapere
1296 795 1354 822 se-

22 844 197 881 cundum
230 854 393 881 carnem
425 854 530 880 mors
563 848 640 887 est,·
678 847 715 879 et
749 842 881 892 quales
914 843 1070 879 omuino
1105 854 1194 880 caro
1227 841 1355 891 appel-

23 900 153 938 lantur
179 912 198 937 a
226 900 400 951 Domino,
433 900 499 938 ubi
524 900 636 938 dicit:
670 902 754 938 Non
775 902 1027 948 permanehit
1051 902 1216 948 spiritus
1248 911 1356 938 meus

23 961 64 997 2'72
101 959 322 997 hominibus
361 961 461 1005 istis,
500 961 686 1006 quonlam
724 970 822 996 caro
860 963 961 995 sunt.
1025 957 1136 1002 Quod
1169 970 1260 995 vero
1293 958 1355 995 hic

22 1019 192 1068 positum
232 1023 307 1055 est:
349 1017 469 1054 Malta·
504 1019 704 1054 vulnerali
739 1021 858 1054 erunt
895 1028 919 1053 a
958 1016 1142 1062 Domino,
1184 1017 1257 1054 isto
1292 1016 1354 1053 fiet

23 1075 182 1114 vulnere
209 1086 313 1112 mors
341 1074 521 1112 secunda.
582 1074 716 1112 Potest
747 1074 903 1124 quidem
936 1079 974 1112 et
1006 1075 1105 1124 ignis
1138 1079 1177 1112 et
1208 1073 1356 1124 gladius

23 1139 61 1171 et
93 1132 232 1171 vulnus
270 1134 393 1183 accipi
434 1134 473 1170 in
506 1132 618 1170 bono.
680 1132 776 1170 Nam
809 1138 847 1170 et
878 1134 1006 1182 ignem
1039 1132 1228 1170 Dominus
1261 1132 1355 1169 velle

23 1203 63 1229 se
101 1190 197 1229 dixit
234 1192 389 1229 mittere
426 1192 467 1228 in
505 1190 710 1242 mundum,
749 1195 787 1228 et
823 1192 925 1228 visae
966 1196 1058 1228 sunt
1096 1190 1171 1228 illis
1202 1189 1355 1240 liuguae

23 1250 164 1287 divisae
208 1249 313 1287 velut
355 1250 476 1299 ignis,
520 1249 672 1299 qitaudo
725 1250 829 1286 venit
872 1248 1041 1298 Spiritus
1083 1254 1257 1299 sanctus,
1301 1254 1356 1286 et:

24 1309 110 1346 Non
147 1309 252 1354 veni,
290 1309 415 1357 inquit
453 1307 554 1345 idem
587 1307 791 1358 Dominus,
829 1319 971 1355 pacem
1010 1309 1165 1345 mittere
1204 1309 1244 1345 2'72
1277 1312 1354 1345 ter-

24 1377 130 1416 ram,
169 1367 241 1404 sed
267 1367 464 1413 gladium,
504 1371 542 1403 et
574 1377 794 1403 sermonem
827 1364 896 1402 Dei
928 1365 1021 1402 dicit
1054 1366 1247 1415 scriptura
1279 1364 1355 1415 gla-

24 1424 130 1462 dium
169 1423 228 1461 bis
266 1429 421 1461 acutum
460 1428 619 1474 propter
657 1425 778 1461 aciem
810 1424 1002 1473 geminam
1034 1428 1357 1461 testamentorum

24 1482 209 1533 duorum,
242 1487 280 1519 et
311 1483 349 1519 in
376 1483 526 1520 cantico
559 1483 799 1519 canticorum
832 1483 991 1519 caritate
1026 1493 1066 1519 se
1099 1481 1192 1519 dicit
1225 1486 1357 1519 sancta

25 1539 188 1578 ecclesia
220 1539 470 1592 vulneratam,
504 1540 607 1578 velut
639 1541 781 1577 amoris
813 1540 961 1589 impetu
994 1541 1222 1589 sagittatam.
1281 1539 1355 1577 Sed

24 1598 86 1637 hic
137 1610 226 1636 cum
275 1598 438 1648 legimus
488 1598 547 1636 vel
596 1598 773 1636 audimus
818 1597 985 1635 ultorem
1024 1597 1230 1635 Dominum
1271 1609 1356 1635 esse

24 1662 249 1707 venturum,
288 1668 402 1706 quem
441 1657 486 1694 ad
525 1656 681 1694 modum
720 1656 814 1693 haec
853 1655 1111 1705 intellegenda
1151 1657 1245 1707 sint,
1284 1655 1356 1693 cla-

25 1727 113 1753 rum
145 1720 213 1752 est.

142 1772 287 1810 Deinde
314 1771 485 1810 breviter
511 1773 822 1810 commemoratis
855 1773 922 1823 eis,
955 1773 1021 1822 qui
1052 1784 1122 1822 per
1155 1771 1227 1809 hoc
1260 1771 1357 1809 iudi-

26 1832 128 1869 cium
172 1835 471 1881 consumentur,
515 1829 586 1868 sub
630 1831 753 1880 figura
797 1829 973 1868 ciborum
1016 1832 1055 1868 in
1099 1830 1182 1879 lege
1227 1836 1358 1868 vetere

25 1891 252 1941 vetitorum,
289 1900 309 1926 a
342 1888 483 1938 quibus
516 1900 556 1926 se
589 1900 666 1926 non
698 1887 988 1939 abstinuerunt,
1028 1894 1254 1938 peccatores
1286 1889 1358 1926 im-

119 1992 153 2032 3)
180 1988 274 2024 Esai.
303 1993 363 2031 66,
394 1992 434 2022 15
461 2000 512 2032 sq.
566 1990 621 2031 11)
649 1988 741 2022 Phil.
770 1993 808 2032 3,
838 1993 888 2023 19.
944 1990 999 2031 12)
1026 1989 1129 2022 Rom.
1157 1992 1189 2031 8,
1217 1993 1247 2022 6.
1302 1990 1356 2032 14)

27 2035 114 2070 Gen.
149 2040 186 2077 6,
224 2039 254 2070 3.
308 2038 363 2079 18)
395 2036 453 2070 Lo.
490 2039 547 2077 12,
581 2040 635 2070 49.
689 2037 744 2078 19)
771 2035 851 2070 Act.
880 2039 916 2077 2,
953 2039 982 2070 3.
1035 2037 1092 2077 21)
1118 2035 1182 2069 Mt.
1213 2038 1274 2076 10,
1302 2039 1355 2069 34,

26 2085 84 2126 22)
109 2082 218 2117 Hebr.
245 2085 277 2124 4,
307 2086 359 2116 12.
409 2084 466 2124 24)
493 2081 596 2116 Cant.
624 2086 655 2125 2,
683 2086 712 2117 5.

51 2268 64 2301 1
91 2226 138 2302 ἃ,1
165 2220 424 2256 iudicabuntur
449 2221 500 2256 R¹
528 2223 539 2265 Η
568 2225 587 2255 9
615 2223 651 2255 et
677 2221 801 2265 gladio
828 2220 900 2255 ΒΑ
924 2222 1060 2265 (prom.
1082 2232 1120 2265 p.
1148 2225 1229 2264 10)‚·
1255 2223 1293 2256 eb
1318 2222 1355 2256 in

26 2280 50 2312 g
67 2279 88 2301 a.
115 2279 149 2303 10
176 2279 194 2302 v

1383 734 1424 764 10

1386 1023 1425 1054 15

1383 1315 1426 1346 20

1384 1606 1426 1637 25

1383 1897 1426 1927 30
