1495 2489
30 732 71 761 10

31 1023 71 1053 15

29 1315 72 1346 20

29 1900 73 1930 30

95 99 149 139 36
619 107 647 132 S.
667 106 881 132 AUGUSTINI

96 191 252 235 nimiam
285 197 341 235 vel
374 198 556 235 iniustam
588 202 714 247 putat,
747 196 874 233 metiri
905 195 1080 246 profecto
1113 196 1247 246 nescit,
1279 201 1421 246 quanta

95 256 214 294 suerit
245 257 427 305 iniquitas
459 256 497 293 in
530 254 742 305 peccando,
779 252 847 291 ubi
878 259 981 292 tanta
1014 259 1097 292 erat
1128 266 1204 292 non
1236 253 1422 304 peccandi

96 314 267 352 facilitas.
332 313 440 351 Sicut
478 315 580 351 enim
612 312 785 350 Abrahae
830 324 907 349 non
950 314 1130 350 inmerito
1177 324 1312 363 magna
1355 312 1420 350 ob-

97 372 289 410 oedientia
316 372 571 422 praedicatur,
593 372 703 422 -quia,
735 377 777 409 ut
802 370 998 409 occideret
1023 370 1154 421 filium,
1185 383 1248 409 res
1273 370 1421 409 difficil-

98 431 187 469 lima
220 436 279 468 est
310 432 513 480 imperata:
546 431 597 468 ita
627 431 665 467 in
698 428 875 480 paradiso
908 435 1013 467 tanto
1047 430 1167 467 maior
1198 429 1421 472 inboedien-

97 491 148 528 tia
180 490 264 540 suit,
296 494 438 539 quanto
471 488 530 539 id,
561 487 663 538 quod
695 493 944 538 praeceptum
977 493 1054 539 est,
1085 487 1228 526 nullius
1259 488 1421 527 difficul-

97 549 186 586 tatis
219 549 302 585 fuit.
363 546 412 584 Et
438 548 539 585 sicut
571 546 813 584 oboedientia
845 546 1007 584 secundi
1038 546 1204 598 hominis
1236 558 1281 584 eo
1313 558 1421 597 prae·
1460 574 1463 577 -

97 606 307 652 dicabilior,
341 617 417 655 quo
445 606 568 643 factus
595 610 653 643 est
679 604 890 643 oboediens
922 617 1046 654 usque
1079 604 1125 642 ad
1157 610 1340 644 mortem:
1371 606 1423 644 ita

97 664 383 702 inoboedientia
424 666 538 714 primi
575 663 742 701 hominis
781 675 825 701 eo
864 662 1147 714 detestabilior,
1184 675 1259 713 quo
1298 664 1423 702 sactus

98 728 158 760 est
189 722 440 760 inoboediens
472 734 595 772 usque
634 721 679 759 ad
721 727 896 760 mortem.
957 720 1031 759 Ubi
1063 723 1166 760 enim
1197 733 1333 772 magna
1365 729 1424 760 est

97 780 405 818 inoboedientiae
443 792 565 831 poena
608 781 804 831 proposita
843 785 882 818 et
918 791 982 818 res
1018 791 1038 817 a
1081 778 1263 818 Creatore
1301 780 1423 819 facilis

97 841 295 891 imperata,
327 840 502 889 quisnam
536 841 628 876 satis
660 837 837 889 explicet,
870 844 1058 888 quantum
1090 838 1233 877 malum
1266 840 1315 877 sit
1346 851 1424 877 non

98 897 280 936 oboedire
313 899 353 935 in
384 910 426 935 re
459 897 561 935 sacili
593 903 631 935 et
657 902 783 935 tantae
817 898 1020 947 potestatis
1052 898 1216 947 imperio
1249 902 1288 935 et
1318 902 1423 936 tanto

96 962 269 994 terrente
301 953 518 1006 supplicio?
931 947 937 955 ⁸

216 1015 408 1066 Denique,
441 1020 483 1052 ut
514 1014 684 1052 breviter
716 1014 884 1065 dicatur,
916 1015 953 1051 in
986 1013 1089 1052 illius
1120 1015 1270 1064 peccati
1301 1026 1425 1065 poena

99 1073 190 1124 quid
218 1072 525 1111 inoboedientiae
553 1074 627 1110 nisi
659 1071 943 1110 inoboedientia
977 1071 1166 1110 retributa
1199 1069 1288 1110 est?
1329 1072 1424 1112 Nam

100 1144 196 1182 quae
235 1131 401 1169 bominis
439 1137 499 1169 est
537 1131 607 1169 alia
644 1132 799 1169 miseria
838 1132 911 1168 nisi
949 1130 1132 1168 adversus
1171 1142 1259 1169 eum
1296 1133 1425 1182 ipsum

99 1189 384 1228 inoboedientia
417 1191 501 1227 eius
532 1191 667 1241 ipsius7
699 1195 752 1240 ut,
784 1190 966 1239 quoniam
998 1188 1121 1226 noluit
1152 1189 1254 1239 quod
1286 1192 1424 1242 potuit,

99 1248 201 1299 quod
243 1260 319 1286 non
364 1254 493 1299 potest
533 1245 651 1285 velit?
712 1245 753 1285 [n
797 1247 974 1297 paradiso
1014 1248 1115 1285 enim
1160 1249 1310 1286 etiamsi
1348 1260 1424 1286 non

100 1309 225 1345 omnia
252 1312 403 1357 poterat
429 1305 520 1344 ante'
543 1311 757 1357 peccatum,
790 1305 976 1355 quidquid
1002 1310 1131 1343 tamen
1158 1318 1234 1343 non
1261 1311 1425 1358 poterat,

100 1378 177 1404 non
216 1364 382 1416 volebat,
421 1370 459 1402 et
496 1365 581 1402 ideo
622 1369 776 1415 poterat
813 1366 939 1401 omnia
981 1376 1077 1414 quae
1110 1363 1277 1415 volebat3
1320 1377 1425 1404 nunc

99 1436 190 1462 vero
223 1425 324 1461 sicut
355 1424 394 1461 in
426 1424 509 1461 eius
550 1425 670 1473 stirpe
704 1424 973 1471 cognoscimus
1005 1428 1043 1460 et
1066 1422 1199 1460 divina
1233 1424 1426 1474 scriptura

99 1488 282 1520 testatur:
326 1482 448 1520 Homo
495 1483 666 1519 vanitati
706 1483 842 1519 simz'le's
883 1480 1019 1529 factus
1057 1486 1123 1519 est.
1187 1480 1281 1525 Quis
1322 1483 1425 1520 enim

100 1546 318 1591 enumerat,
357 1551 471 1590 quam
513 1540 632 1577 multa
670 1551 767 1588 quae
806 1550 883 1576 non
920 1544 1049 1589 potest
1081 1538 1194 1590 velit‚>
1229 1539 1320 1578 dum
1352 1539 1425 1578 sibi

100 1601 194 1650 ipse,
226 1598 264 1636 id
291 1603 350 1636 est
375 1597 562 1636 voluntati
575 1599 672 1635 ·eius
702 1599 783 1648 ipse
811 1599 961 1635 animus
993 1598 1076 1635 eius
1109 1608 1232 1647 eoque
1264 1598 1452 1637 inferior.

100 1669 189 1695 caro
222 1659 324 1707 eius,
365 1668 443 1694 non
475 1653 747 1707 obtemperat?
808 1655 894 1706 Ipso
927 1667 1092 1705 namque
1125 1657 1244 1693 invito
1278 1662 1316 1694 et
1347 1658 1425 1695 ani·

101 1728 185 1754 mus
224 1715 452 1766 plerumque
492 1714 671 1752 turbatur
709 1721 748 1752 et
797 1725 885 1751 caro
924 1713 1027 1751 dolet
1070 1719 1109 1752 et
1145 1716 1352 1753 veterescit
1388 1721 1426 1754 et

101 1776 285 1824 moritur,
316 1779 354 1811 et
386 1772 571 1823 quidquid
605 1772 707 1810 aliud
740 1774 928 1822 patimur,
960 1771 1063 1821 quod
1095 1783 1171 1811 non
1203 1778 1426 1822 pateremur

82 1834 220 1883 inviti,
251 1833 283 1869 si
309 1830 496 1869 voluntati
523 1836 676 1868 nostrae
705 1837 834 1868 nostra
861 1836 996 1868 natura
1029 1831 1133 1867 omni
1166 1830 1277 1868 modo
1310 1836 1424 1881 atque

100 1902 145 1928 ex
189 1889 367 1927 omnibus
413 1889 588 1940 partibus
631 1887 841 1926 oboediret.
912 1889 959 1925 At
1003 1889 1104 1926 enim
1148 1887 1291 1938 aliquid
1335 1901 1424 1927 caro

99 1950 256 1999 patitur,
287 1959 363 1998 quo
390 1949 535 1986 servire
562 1958 639 1984 non
665 1948 816 1984 sinitur.
879 1945 978 1990 Quid
1005 1947 1168 1984 interest
1194 1946 1308 1998 unde,
1334 1947 1426 1986 dum

194 2050 227 2091 5)
253 2048 340 2082 Gen.
368 2052 423 2092 22,
450 2051 480 2083 2.
531 2050 569 2091 8)
592 2047 684 2081 Phil.
711 2051 744 2089 2,
771 2050 801 2081 8.
853 2048 910 2089 23)
935 2045 993 2081 Ps.
1022 2049 1097 2087 143,
1125 2050 1155 2080 4.

193 2181 213 2210 2
239 2187 287 2219 sq.
314 2176 351 2209 in
376 2186 449 2209 non
468 2174 652 2219 peccando
677 2174 834 2209 felicitas
855 2173 888 2207 V
911 2174 963 2217 (in
987 2177 1218 2218 expunctum)
1235 2176 1247 2219 ΙΙ
1266 2179 1286 2210 9
1313 2176 1351 2210 et
1372 2176 1424 2210 in-

99 2224 227 2259 oboed.
262 2223 293 2256 V
308 2224 321 2266 ΙΙ
343 2226 384 2256 14
409 2223 568 2256 terrente
602 2221 684 2264 Vef;
715 2220 884 2255 terrenfiis
908 2220 1000 2262 AR·
1031 2221 1181 2255 terrenti
1205 2233 1225 2256 v
1244 2223 1256 2266 ΙΙ
1275 2226 1319 2256 24
1345 2234 1424 2257 cum

99 2270 138 2304 F
154 2273 166 2315 ΙΙ
185 2274 227 2304 27
253 2269 448 2304 veterascit
472 2280 491 2302 v
1098 2273 1101 2275 ·
