1495 2489
87 67 144 107 44
621 74 649 99 s.
670 73 886 100 AUGUSTINI

88 164 248 203 canibus
286 176 371 202 esse
405 163 549 202 similes
581 164 816 201 affectarent.
879 162 987 201 Unde
1020 169 1057 202 et
1088 163 1195 202 illum
1228 163 1287 202 vel
1320 163 1417 216 illos,

88 225 154 274 qui
179 223 417 261 hoc.secisse
443 222 681 272 reseruntur,
712 222 841 271 potius
873 221 1041 259 arbitror
1073 221 1418 260 concumbentium

87 287 215 320 motus
247 280 399 319 dedisse
433 280 555 318 oculis
587 279 788 317 hominum
820 281 1077 318 nescientium
1109 281 1200 331 quid
1234 280 1306 319 sub
1338 280 1416 331 pal-

87 340 136 378 lio
169 344 385 390 gereretur,
418 350 532 388 quam
563 337 732 376 humano
763 344 966 388 premente
999 344 1209 390 conspectu
1242 340 1416 390 potuisse

42 406 61 436 5
88 398 190 436 iilam
223 399 356 448 peragi
388 397 634 447 voluptatem.
695 396 753 434 lbi
784 398 886 434 enim
917 396 1136 447 philosophi
1168 409 1245 435 non
1278 396 1416 435 erube·
1445 427 1450 432 .

89 456 249 495 scebant
281 455 403 493 videri
429 467 470 493 se
497 455 592 493 velle
620 454 891 507 concumbere,
924 455 990 493 ubi
1022 455 1138 493 libido
1171 457 1254 506 ipsa
1279 455 1417 494 erube-

88 520 216 553 sceret
242 526 414 564 surgere.
476 513 526 552 Et
551 525 654 552 nunc
686 513 860 552 videmus
892 513 1016 552 adhuc
1049 526 1133 552 esse
1165 513 1418 565 philosophos

89 573 270 624 Cynicos;
307 572 347 610 hi
379 573 482 610 enim
514 578 621 620 sunt,
663 573 729 622 qui
761 584 836 610 non
870 572 1007 610 solum‘
1027 574 1262 611 amiciuntur
1293 572 1419 624 pallio,

88 643 222 669 verum
264 632 378 668 etiam
420 630 562 668 clavam
608 631 755 681 serunt'3
799 642 912 668 nemo
954 637 1081 669 tamen
1123 643 1259 669 eorum
1303 630 1420 669 audet

20 698 62 728 10
88 690 160 727 hoc
193 690 332 741 facere,
364 689 466 739 quod
494 690 525 727 si
558 689 674 739 aliqui
707 690 790 727 ausi
822 694 964 740 essent,
996 695 1039 728 ut
1071 701 1146 727 non
1179 689 1302 727 dicam
1333 690 1417 727 icti-

88 748 161 786 bus
201 747 471 799 lapidantium,
510 754 614 785 certe
655 749 953 798 conspuentium
987 747 1114 785 salivis
1145 747 1418 786 obruerentur.

88 806 214 844 Pudet
239 808 357 856 igitur
383 806 498 844 huius
524 805 694 844 lihidinis
719 806 926 843 humanam
958 807 1041 844 sine
1074 805 1149 844 ulla
1180 805 1418 844 dubitatione

89 870 284 915 naturam,
322 870 361 902 et
392 866 530 902 merito
562 864 693 915 pudet.
755 864 797 902 In
829 866 914 902 eius
947 866 1088 915 quippe
1121 864 1420 916 inoboedientia,

89 935 186 973 quae
218 922 398 974 genitalia
430 924 605 973 corporis
647 922 818 961 membra
851 922 942 960 solis
975 924 1055 961 suis
1088 922 1256 961 motibus
1289 922 1419 961 subdi-

21 990 62 1020 15
89 982 145 1020 dit
183 987 222 1019 et
258 983 440 1032 potestati
478 981 686 1019 voluntatis
725 983 886 1032 eripuit,
927 983 1020 1019 satis
1052 981 1289 1033 ostenditur,
1328 980 1420 1031 quid

89 1039 331 1078 sithominis
357 1040 411 1078 illi
437 1041 584 1090 primae
617 1039 926 1077 inoboedientiae
959 1039 1212 1090 retributum3
1245 1039 1348 1090 quod
1381 1040 1420 1077 in

90 1110 133 1136 ea
173 1104 293 1149 parte
324 1100 487 1136 maxime
529 1100 703 1148 oportuit
744 1110 951 1149 apparere,
990 1110 1064 1148 qua
1096 1104 1306 1148 generatur
1338 1099 1420 1149 ipsa

90 1162 245 1207 natura,
287 1169 383 1207 quae
416 1156 480 1194 illo
512 1158 637 1207 primo
671 1162 709 1194 et
740 1168 877 1207 magno
910 1158 948 1194 in
981 1156 1153 1194 deterius
1186 1162 1245 1194 est
1275 1161 1421 1194 mutata

89 1220 266 1266 peccato3
299 1228 318 1252 a
351 1216 462 1253 cuius
494 1227 596 1253 nexu
630 1215 757 1253 nullus
789 1216 958 1266 eruitur,
990 1216 1063 1252 nisi
1096 1214 1152 1266 id,
1185 1214 1422 1266 quod,'cum
1480 1211 1488 1221 ’

20 1282 64 1312 20
91 1285 225 1311 omnes
256 1275 295 1311 in
328 1286 405 1311 uno
439 1278 586 1324 essent,
624 1275 663 1311 in
703 1285 946 1311 communem
980 1274 1191 1323 perniciem
1223 1278 1420 1324 perpetra—

92 1338 173 1369 tum
205 1337 264 1370 est
296 1337 334 1369 et
366 1331 434 1369 Dei
466 1333 613 1370 iustitia
645 1331 900 1382 vindicatum,
933 1331 1001 1369 Dei
1033 1332 1154 1382 gratia
1186 1332 1224 1369 in
1258 1330 1420 1382 singulis

91 1392 281 1440 expietur.

568 1480 569 1483 ’
605 1490 756 1534 CAPUT
788 1492 901 1533 XXI.

90 1578 150 1615 De
176 1577 449 1615 benedictione
474 1578 801 1625 multiplicandae
823 1576 1085 1624 fecunditatis
1105 1578 1304 1615 humanae
1330 1582 1423 1616 ante

20 1644 63 1674 25
86 1640 299 1684 peccalum
330 1636 437 1682 data,
470 1646 588 1682 quam
617 1637 922 1685 praevaricatio
953 1646 1030 1673 non
1063 1636 1258 1673 ademerit
1288 1640 1325 1673 ct
1356 1637 1425 1674 cui

441 1694 617 1731 libidinis
648 1694 807 1732 morbus
839 1695 1065 1733 accesserit.

206 1774 316 1815 Absit
353 1764 494 1824 itaque,
528 1780 571 1812 ut
609 1774 812 1812 credamus
840 1774 923 1812 illos
956 1775 1141 1825 coniuges
1173 1775 1211 1812 in
1245 1775 1421 1825 paradiso

90 1834 323 1871 constitutos
349 1844 419 1883 per
445 1832 542 1870 hanc
568 1832 777 1883 libidInem,
810 1832 856 1869 de
884 1845 958 1882 qua
990 1832 1255 1870 erubescendo
1288 1832 1422 1871 eadem

91 1890 262 1929 membra
302 1895 501 1940 texerunt,
538 1890 767 1941 impleturos
800 1891 919 1928 fuisse
961 1890 1063 1940 quod
1097 1892 1135 1928 in
1168 1902 1236 1928 sua
1267 1890 1423 1929 benedi-

21 1958 65 1988 30
92 1950 218 1987 ctione
257 1948 360 1987 Deus
404 1948 517 1986 dixit:
566 1950 740 1987 Crescite
779 1954 816 1987 ct
853 1950 1171 1997 multiplicamini
1207 1953 1245 1987 ct
1275 1952 1434 1998 replete-

92 2013 253 2046 tcrram.
315 2006 409 2044 Post
434 2013 636 2057 peceatum
664 2009 805 2058 quippe
838 2013 922 2045 orta
953 2013 1012 2045 est
1042 2006 1137 2045 haec
1169 2006 1303 2059 libid03
1334 2013 1423 2059 post

187 2076 246 2127 31)
274 2082 362 2117 Gen.
394 2088 423 2126 1,
450 2086 505 2117 28.

186 2191 230 2222 25
257 2188 345 2222 data
372 2187 421 2229 V,·
446 2198 510 2222 om.
531 2199 551 2222 v
571 2190 582 2231 Η
602 2188 781 2222 ademerit
799 2188 908 2232 (quod
927 2188 968 2222 in
987 2188 1038 2222 ecl.
1060 2188 1087 2222 Ι
1089 2214 1096 2222 .
1116 2189 1349 2232 coniecerant)
1375 2188 1424 2231 V;

93 2235 274 2269 adimeret
300 2246 316 2268 υ
336 2236 347 2278 ΙΙ
367 2238 411 2268 30
437 2234 587 2278 implete
615 2246 633 2268 v
