1611 2465
77 785 118 815 10

78 1078 118 1108 15

78 1663 121 1693 25

78 1955 123 1985 30

144 150 230 192 614
674 158 700 183 s.
727 157 947 184 AUGUSTINI

144 249 326 287 admonet
377 261 465 286 eum
515 260 613 298 quae
664 259 821 286 sursum
866 254 955 286 sunt
1001 259 1148 299 sapere.
1220 248 1342 287 Porro
1387 250 1484 288 mira

144 307 357 358 mobilitas,
396 318 493 357 quae
532 306 686 357 linguae
719 318 762 344 ac
796 305 973 344 manibus
1006 306 1202 346 adtributa
1234 312 1310 359 est,
1353 307 1397 346 ad
1430 307 1484 346 lo-

145 366 343 417 quendum
371 370 409 403 et
436 364 686 403 scribendum
708 370 793 416 apta
821 370 936 416 atque
963 367 1200 404 conveniens
1227 371 1265 405 et
1291 366 1338 404 ad
1365 378 1482 418 opera

145 426 286 463 artium
319 423 576 474 plurimarum
610 424 907 474 officiorumque
941 423 1187 476 complenda,
1229 436 1357 463 nonne
1390 426 1483 464 satis

145 482 333 534 ostendit,
371 482 474 533 quali
512 484 660 520 animae
700 487 744 521 ut
781 483 946 520 serviret
983 482 1057 521 tale
1091 484 1141 521 sit
1174 495 1317 534 corpus
1350 483 1483 522 adiun-

146 538 280 580 ctum?
318 553 553 592 quamquam
592 546 631 580 et
663 541 847 579 detractis
879 540 1180 580 necessitatibus
1213 541 1401 592 operandi
1431 543 1482 580 ita

145 601 319 638 omnium
345 602 515 651 partium
542 601 797 650 congruentia
823 611 1031 638 numerosa
1064 602 1113 638 sit
1147 606 1185 638 et
1215 600 1378 651 pulchra
1411 599 1485 639 sibi

146 658 336 709 parilitate
374 658 628 709 respondeat,
665 664 708 696 ut
746 659 898 696 nescias
938 664 1071 697 utrum
1111 660 1152 697 in
1193 670 1238 697 eo
1281 658 1482 698 condendo

146 718 267 756 maior
294 719 344 756 sit
370 717 548 756 utilitatis
574 716 704 755 habita
731 718 830 755 ratio
858 728 973 767 quam
1006 716 1170 755 decoris.
1234 716 1348 756 Certe
1382 720 1486 756 enim

146 775 241 814 nihil
282 776 457 814 videmus
500 781 674 814 creatum
713 777 752 814 in
785 787 950 826 corpore
990 775 1170 814 utilitatis
1210 788 1343 828 causa,
1383 776 1485 827 quod

146 847 224 873 non
261 834 401 873 haheat.
443 835 559 873 etiam
599 833 752 872 decoris
793 833 933 872 locum.
995 833 1088 872 Plus
1126 839 1255 872 autem
1295 834 1408 873 nobis
1446 834 1484 873 id

146 898 363 945 appareret,
398 895 431 931 si
463 904 648 932 numeros
682 904 973 944 mensurarum,
1006 892 1148 943 quilms
1180 894 1284 931 inter
1319 905 1360 931 se
1393 905 1484 932 cun-

146 958 208 991 cta
240 964 386 991 conexa
413 957 504 990 sunt
530 957 569 990 et
595 956 782 1003 coaptata,
815 951 1038 1003 nossemus3
1072 963 1170 1002 quos
1202 952 1366 990 forsitan
1398 951 1485 990 data

146 1023 264 1062 opera
290 1012 331 1049 in
356 1011 428 1062 his,
461 1022 559 1061 quae
586 1010 680 1048 foris
713 1011 898 1061 eminent,
929 1009 1096 1048 hnmana
1128 1015 1262 1061 posset
1292 1011 1484 1061 vestigare

146 1069 334 1121 sollertia3
373 1081 471 1119 quae
509 1080 601 1106 vero
643 1074 746 1106 tecta
784 1075 875 1107 sunt
914 1073 952 1106 et
983 1081 1003 1106 a
1035 1070 1181 1107 nostris
1214 1073 1363 1107 remota
1395 1080 1484 1107 con-

147 1127 359 1179 spectihuS,
392 1129 507 1166 sicuti
535 1133 593 1165 est
625 1132 730 1165 tanta
762 1127 998 1177 perplexitas
1030 1139 1217 1165 venarum
1250 1133 1364 1177 atque
1397 1138 1485 1166 ner-

145 1198 283 1224 vorum
316 1192 355 1224 et
386 1188 592 1237 viscerum,
625 1192 774 1224 secreta
807 1185 999 1233 vitalium,
1031 1187 1206 1224 invenire
1240 1185 1370 1223 nullus
1402 1191 1485 1236 pot-

147 1250 216 1283 est.
285 1244 384 1290 Quia
431 1245 504 1282 etsi
552 1243 793 1282 medicorum
835 1243 1032 1294 diligentia
1076 1243 1261 1282 nonnulla
1305 1243 1486 1294 crudelis,

147 1315 246 1354 quos
291 1304 528 1341 anatomicos
572 1302 789 1354 appellant,
833 1302 989 1340 laniavit
1032 1314 1195 1352 corpora
1239 1306 1486 1340 mortuorum

148 1364 227 1400 sive
261 1363 377 1400 etiam
408 1363 512 1399 inter
550 1372 688 1399 manus
721 1361 889 1399 secantis
921 1361 1285 1411 perscrutantisque
1318 1361 1485 1398 morien-

147 1422 244 1459 tium
285 1426 400 1471 atque
439 1421 479 1458 in
524 1418 706 1458 carnibus
750 1419 930 1457 humanis
975 1421 1068 1457 satis
1107 1418 1315 1457 inhumane
1357 1417 1485 1457 abdita

148 1484 288 1517 cuncta
321 1480 460 1517 rimata
486 1484 556 1529 est,
588 1483 631 1516 ut
665 1477 757 1528 quid
790 1483 828 1516 et
860 1489 936 1528 quo
969 1477 1083 1515 modo
1117 1476 1259 1528 quibus
1291 1477 1387 1515 locis
1420 1489 1484 1515 cu-

147 1538 313 1576 randum
355 1542 460 1575 esset
499 1536 735 1575 addisceret:
774 1547 958 1574 numeros
999 1542 1127 1574 tamen
1166 1535 1212 1574 de
1252 1535 1394 1586 quibus
1432 1535 1484 1573 lo-

148 1608 260 1648 quor,
293 1594 435 1646 quibus
462 1596 667 1646 coaptatio,
700 1606 797 1644 quae
831 1590 998 1645 ἁρμονία
1025 1594 1170 1632 Graece
1203 1593 1357 1646 dicitur,
1391 1599 1485 1632 tam-

149 1666 265 1705 quam
293 1653 495 1693 cuiusdam
515 1654 662 1704 organi,
688 1654 932 1691 extrinsecus
959 1659 1074 1703 atque
1102 1654 1339 1691 intrinsecus
1366 1653 1485 1691 totius

149 1714 326 1763 corporis
359 1717 529 1761 constat,
562 1711 654 1762 quid
688 1711 829 1762 dicam,
862 1723 976 1749 nemo
1009 1711 1127 1749 valuit
1158 1712 1355 1762 invenire,
1388 1721 1486 1761 quos

148 1784 262 1810 nemo
295 1783 414 1809 ausus
445 1767 756 1821 estssquaerere?
789 1771 855 1820 qui
886 1771 919 1807 si
951 1771 1032 1808 noti
1065 1781 1150 1807 esse
1183 1770 1415 1821 potuissent,
1446 1769 1485 1806 in

148 1829 403 1868 interioribus
437 1840 592 1879 quoque
619 1827 846 1879 visceribus,
879 1840 977 1879 quae
1010 1827 1161 1866 nullum
1192 1832 1390 1866 ostentant
1421 1826 1485 1865 de-

150 1900 238 1935 cus,
280 1890 332 1926 ita
371 1887 582 1926 delectaret
620 1886 869 1936 pulchritudo
903 1887 1085 1937 rationis,
1129 1891 1173 1923 ut
1204 1886 1308 1923 omni
1340 1885 1485 1924 formae

149 1947 371 1997 apparenti,
411 1958 509 1996 quae
542 1945 665 1983 oculis
696 1944 843 1995 placet,
882 1946 1004 1995 ipsius
1036 1945 1199 1995 mentis,
1233 1955 1329 1993 quae
1363 1942 1487 1982 oculis

149 2007 296 2056 utitur,
346 2004 614 2055 praeferretur
663 2002 835 2041 arbitrie.
908 2002 1007 2041 Sunt
1056 2013 1147 2039 vero
1197 2001 1386 2052 quaedam
1435 2003 1487 2039 ita

147 2064 273 2114 posita
306 2065 345 2101 in
379 2074 561 2112 corpore,
602 2066 646 2099 ut
678 2060 945 2099 tantummodo
979 2060 1161 2098 decorem
1193 2059 1377 2111 habeant,
1410 2071 1487 2098 non

148 2126 187 2160 et
219 2132 352 2172 usum;
390 2121 493 2158 sicut
531 2118 647 2158 hahet
679 2124 817 2170 peetus
849 2118 958 2157 virile
991 2118 1197 2170 mamillas,
1235 2119 1337 2157 sicut
1369 2118 1487 2156 facies

149 2178 320 2231 barbam,
353 2190 469 2230 quam
502 2189 580 2216 non
612 2189 698 2216 esse
731 2178 993 2229 munimento,
1025 2176 1092 2215 sed
1124 2176 1225 2215 virili
1257 2181 1487 2216 ornamento

246 2330 285 2360 17
314 2326 455 2360 uiscera
482 2325 516 2359 R

1538 2294 1548 2303 r
1540 2265 1546 2275 ι
1538 2183 1549 2233 «μω-
1537 2123 1552 2176 bru·
1539 2040 1554 2116 *39¹2-
