1548 2562
366 134 417 159 DE
437 134 625 159 CIVITATE
645 135 715 159 DEI
734 134 768 160 L.
789 135 887 159 ΧΧΠ.
908 134 936 160 o.
956 136 1067 161 15-17.
1300 126 1384 166 593

56 234 186 261 suram
224 224 399 273 corporis
439 223 497 260 vel
533 224 572 261 in
611 235 834 260 mensuram
872 228 1060 272 staturae,
1098 223 1166 261 sed
1208 226 1248 262 in
1280 236 1384 263 men-

54 292 191 319 suram
223 283 365 319 aetatis
392 283 652 330 plenitudinis
690 281 845 319 Christi.

569 393 722 435 CAPUT
749 394 861 435 XVI.

81 468 214 512 Qualis
248 468 510 515 intelleqenda
541 469 593 504 sit
621 472 853 505 sanctorum
885 466 1150 514 conformatio
1182 470 1238 506 ad
1268 471 1363 507 ima-

542 526 674 572 qmem
702 527 781 571 filii
810 525 894 563 Dei.

172 606 269 644 lllud
302 608 434 657 etiam,
473 605 575 656 quod
614 607 665 643 ait
702 605 1010 656 praedestinatos
1043 607 1266 656 conformes
1294 611 1391 655 fieri

56 667 241 711 imoffl'm's
275 666 353 710 filie·
384 665 475 714 Dei,
514 669 643 714 potest
682 668 720 701 et
758 664 975 702 secundum
1007 666 1234 704 interiorem
1267 666 1388 705 homi·

56 735 143 761 nem
176 722 347 772 intellegi
386 718 508 774 (unde
547 721 659 760 nohis
692 721 764 759 alio
798 722 881 760 loco
914 723 1025 761 dicit:
1071 725 1198 763 Nolite
1230 724 1387 773 confor-

54 783 160 819 mari
194 782 288 819 huic
326 782 503 827 saeculo,
544 782 616 818 sed
652 779 931 828 reformamini
967 783 1007 819 in
1045 785 1219 821 novilate
1250 786 1390 822 mentis

54 844 235 884 vestrae;
267 838 333 876 uhi
360 850 451 888 ergo
478 838 748 889 reformamur,
780 851 828 876 ne
861 840 1152 878 conformenuu·
1184 841 1274 879 huic
1307 854 1387 879 sae-

54 897 154 947 culo,
186 896 240 934 ibi
272 897 561 934 conformamur
594 896 661 934 Dei
694 892 808 949 filio);
848 903 977 947 potest
1009 903 1047 936 et
1080 900 1134 936 sio
1167 901 1301 950 accipi,
1334 905 1387 951 ut,

54 967 170 1006 quem
203 955 248 993 ad
275 955 433 992 modum
460 954 570 992 nobis
602 954 664 992 ille
698 955 942 1007 mortalitate,
974 958 1026 994 ita
1058 969 1128 994 nos
1160 957 1214 995 illi
1247 958 1387 996 efficia-

54 1025 142 1051 mur
180 1012 454 1051 inmortalitate
494 1013 731 1064 conformes,
771 1013 873 1063 quod
914 1014 1071 1064 quidem
1112 1020 1150 1053 et
1188 1016 1232 1053 ad
1266 1017 1387 1066 ipsam

54 1073 384 1109 resurrectionem
435 1083 644 1121 corporum
687 1073 867 1121 pertinet.
932 1072 972 1110 Si
1016 1078 1145 1111 autem
1190 1075 1304 1112 etiam
1349 1076 1387 1112 in

54 1129 114 1167 his
147 1128 294 1180 verbis,
336 1141 412 1179 qua
450 1130 573 1167 forma
611 1135 882 1168 resurrectura
923 1131 999 1168 sint
1033 1143 1213 1183 corpora,
1253 1145 1388 1171 sumus

55 1187 257 1238 admoniti,
300 1189 401 1225 sicut
432 1186 493 1225 illa
526 1199 726 1239 mensura,
764 1189 816 1225 ita
849 1192 887 1226 et
919 1190 991 1226 ista
1024 1190 1278 1228 conformatio
1312 1203 1388 1228 non

54 1247 281 1296 quantitatis
308 1245 566 1295 intellegenda
593 1251 664 1297 est,
697 1245 763 1283 sed
797 1248 942 1285 aetatis.
1005 1247 1227 1298 Resurgent
1258 1250 1388 1299 itaque

54 1315 188 1341 omnes
233 1310 310 1342 tam
348 1305 475 1353 magni
513 1316 697 1354 corpore,
743 1316 858 1354 qnam
910 1304 967 1342 vel
1008 1312 1119 1344 erant
1166 1305 1224 1344 vel
1267 1307 1389 1345 futuri

55 1366 165 1400 erant
206 1367 328 1399 aetate
370 1361 552 1412 iuvenali3
594 1363 767 1412 quamvis
806 1362 900 1400 nihil
943 1362 1089 1415 oberit,
1131 1365 1282 1402 etiamsi
1315 1367 1389 1403 erit

55 1419 242 1458 infantilis
276 1419 333 1457 vel
365 1419 498 1457 senilis
532 1421 706 1470 corporis
740 1420 879 1471 forma,
919 1420 984 1459 ubi
1018 1433 1089 1459 nec
1122 1424 1284 1474 mentis,
1316 1436 1387 1461 nec
1415 1440 1423 1446 ·

54 1480 176 1529 ipsius
209 1478 385 1528 eorporis
424 1477 498 1515 ulla
536 1477 752 1516 remanebit
790 1478 1002 1517 infirmitas.
1065 1479 1173 1517 Unde
1209 1482 1323 1519 etiam
1357 1483 1388 1519 si

54 1538 141 1587 quis
179 1537 219 1574 in
257 1547 302 1573 eo
335 1538 510 1586 corporis
544 1535 677 1587 mod0,
715 1538 753 1574 in
794 1549 870 1587 quo
903 1537 1111 1576 defunctus
1143 1544 1220 1590 est,
1258 1551 1387 1578 resur-

54 1600 256 1632 recturum
283 1606 601 1645 unumquemque
628 1595 838 1646 contendit,
871 1607 947 1633 non
977 1601 1036 1634 est
1068 1608 1156 1634 eum
1189 1596 1252 1634 illo
1285 1597 1386 1635 labo-

55 1654 156 1690 riosa
189 1653 494 1690 contradictione
526 1652 788 1703 pugnandum.

563 1777 716 1820 CAPUT
743 1778 880 1819 XVII.

55 1851 116 1888 Αη
142 1853 183 1889 in
208 1862 278 1889 suo
303 1862 402 1888 sexu
429 1852 709 1889 resuscitanda
736 1855 854 1899 alque
879 1863 1072 1891 mansura
1103 1855 1184 1891 sint
1213 1865 1387 1903 corpora

586 1908 840 1957 femmarum.

171 1989 352 2028 Nonnulli
390 1996 551 2040 propter
583 1989 676 2041 hoc,
714 1990 816 2040 quod
853 1990 1000 2028 dictum
1033 1996 1109 2029 est:
1154 1993 1289 2031 Donec
1322 2005 1384 2032 oo—

54 2059 268 2087 ourramus
306 2059 436 2086 omnes
469 2050 509 2086 in
547 2050 738 2087 unitatem
766 2050 881 2096 fidei,
921 2051 960 2087 m
993 2051 1122 2087 virum
1148 2050 1384 2099 perfectum,

149 2138 182 2180 τ)
209 2137 312 2171 Rom.
340 2139 371 2178 8,
398 2140 453 2170 29.
507 2138 562 2180 ιο)
589 2137 639 2171 lb.
669 2140 722 2178 12,
749 2141 780 2173 2.

147 2245 167 2275 6
192 2240 271 2275 fieri
290 2240 325 2274 R
343 2244 446 2282 (588,
465 2243 550 2281 25),·
576 2251 640 2275 om.
662 2242 717 2274 Av
737 2243 749 2284 ΙΙ
768 2245 787 2275 9
815 2252 939 2276 sensus
965 2242 1081 2276 nostri
1100 2242 1135 2276 A
1159 2243 1221 2278 secl
1245 2244 1290 2286 cf.
1316 2245 1382 2278 vol.

57 2287 89 2329 I,
115 2290 195 2329 411,
221 2292 243 2322 8
263 2289 336 2330 {1⁶29
362 2287 399 2321 in
424 2299 483 2321 un.
510 2287 567 2321 fid.
594 2287 630 2321 R
655 2290 687 2321 et
711 2288 762 2322 ed.
789 2287 925 2324 Lovcm.
951 2290 1052 2332 (595,
1077 2292 1162 2332 29);
1187 2301 1252 2325 om.
1279 2290 1335 2325 Av

122 2358 196 2378 Αυα.
216 2358 256 2377 nn
277 2358 336 2378 cxv.
357 2359 419 2378 nm.
451 2352 483 2376 ΙΙ
1057 2350 1100 2381 38

1414 535 1433 565 5

1418 850 1458 880 10

1418 1141 1458 1171 15

1414 1793 1433 1823 10

1438 1793 1456 1823 σι
