1611 2465
77 777 120 807 10

77 1069 118 1100 15

75 1656 119 1686 25

77 1948 120 1977 30

146 143 233 184 534
700 151 726 177 S.
749 151 966 178 Aucusrmt

146 247 331 280 muerunt
374 241 438 279 illo
489 240 744 292 prophetante
791 246 1019 293 venturum,
1063 241 1208 280 factum
1252 248 1312 280 est
1355 247 1485 281 tamen

146 300 250 351 quod
283 301 410 338 fuerat
435 299 514 337 Deo
547 301 791 350 praesciente
824 299 1079 351 praedictum,
1112 302 1293 350 quoniam
1327 306 1488 339 noverat

146 360 213 410 qui
245 358 449 410 praedixit,
481 370 558 408 quo
591 357 705 396 modo
737 359 776 396 iu
811 357 948 396 melius
981 364 1085 396 esset
1116 358 1367 409 implendum.

263 416 313 455 Ut
354 422 484 455 autem
528 417 708 455 noverint
751 418 816 455 isti
859 418 898 454 in
944 428 1174 467 perversum
1212 417 1488 456 misericordes

146 488 222 526 quo
255 477 450 526 pertineat
482 475 585 526 quod
618 476 808 526 scriptum
841 481 917 514 est:
962 476 1087 522 Quam
1120 478 1244 514 inulta
1276 478 1486 515 multitudo

147 536 372 573 dulcedinis
398 540 503 582 tuae,
536 535 713 581 Domine,
745 546 864 582 quam
891 535 1137 573 abscondisti
1168 536 1396 574 timentibus
1428 537 1488 574 te!

145 592 276 643 legant
307 593 410 644 quod
441 594 636 643 sequitur:
670 591 886 641 Perfecisti
916 597 1047 631 autem
1077 594 1333 642 sperantibus
1365 595 1407 632 in
1439 599 1486 632 te.

146 651 247 697 Quid
293 657 352 690 est
396 653 644 691 abscondisti
685 652 930 698 timentibus,
968 650 1180 700 perfecisti
1220 653 1487 701 sperantibus,

145 711 221 748 nisi
247 712 337 761 quia
361 710 448 761 illis,
481 712 548 760 qui
574 713 713 748 timore
743 721 957 760 poenarum
990 721 1101 747 suam
1132 711 1320 748 iustitiam
1353 710 1488 749 volunt

147 771 387 807 constituere
427 781 525 819 quae
558 770 598 807 in
631 769 714 819 lege
749 774 824 819 est,
862 780 940 806 non
980 773 1040 806 est
1071 769 1219 807 iustitia
1251 768 1320 807 Dei
1352 768 1489 821 dulcis,

147 829 237 877 quia
270 829 452 866 nesciunt
485 825 597 866 eam?
658 826 745 865 Non
784 828 887 865 euim
925 832 1180 877 gustaverunt
1212 839 1307 865 eam.
1369 827 1411 865 In
1446 839 1487 865 se

146 898 313 936 namque
359 891 540 937 sperant,
585 898 664 924 non
703 887 744 923 in
780 887 885 936 ipSO,
929 891 968 924 et
1011 885 1098 923 ideo
1137 887 1193 924 eis
1235 884 1489 924 absconditur

145 944 355 983 multitudo
395 944 612 983 dulcedinis
646 944 731 995 Dei3
771 946 953 994 quoniam
992 945 1132 982 timent
1163 944 1321 994 quidem
1353 943 1489 996 Deum,

146 1002 214 1041 sed
246 1003 310 1041 illo
344 1005 483 1041 timore
517 1003 668 1054 servili,
700 1004 767 1053 qui
799 994 886 1040 non¹
909 1008 968 1041 est
999 1004 1038 1041 in
1073 1004 1244 1054 caritate,
1277 1004 1368 1053 quia
1399 1015 1487 1054 per-

146 1062 247 1100 fecta
287 1063 429 1100 caritas
468 1062 571 1099 foras
612 1063 730 1099 mittit
774 1063 965 1099 timorem.
1016 1060 1118 1109 ‚Ideo
1157 1060 1406 1112 sperantibus
1449 1063 1489 1099 in

147 1132 236 1159 eum
279 1121 432 1171 perficit
473 1119 719 1158 dulcedinem
767 1131 876 1157 suam
920 1119 1147 1169 inspirando
1189 1121 1245 1158 eis
1287 1121 1489 1158 caritatem

146 1190 267 1231 suam,
300 1184 343 1217 ut
368 1181 507 1217 timore
536 1184 655 1229 cast0,
688 1190 765 1216 non
798 1190 915 1227 quem
947 1179 1088 1216 caritas
1120 1179 1223 1216 foras
1256 1179 1388 1230 mittit,
1420 1177 1488 1216 sed

145 1242 399 1288 permanente
420 1238 459 1274 in
485 1237 683 1275 saeculum
711 1236 867 1286 saeculi,
894 1248 983 1274 cum
1009 1235 1237 1287 gloriantur,
1263 1238 1303 1274 in
1324 1236 1487 1274 Domino

145 1296 374 1346 glorientur.
436 1294 587 1333 Iustitia
626 1296 769 1345 quippe
809 1293 878 1332 Dei
917 1293 1096 1332 Christus
1136 1299 1215 1345 est,
1255 1297 1326 1342 qui
1351 1295 1489 1343 sactus

145 1361 202 1393 esi
234 1356 358 1402 nobis,
391 1355 492 1392 sicut
525 1353 618 1392 dicit
650 1352 867 1404 apostolus,
904 1355 1103 1401 sapientia
1136 1365 1161 1391 a
1193 1353 1276 1392 Deo
1309 1358 1348 1392 et
1378 1355 1487 1392 iusti-

145 1416 202 1451 tia
240 1417 279 1451 et
315 1415 584 1459 sanctificatio
623 1417 662 1450 et
698 1413 932 1460 redemptio,
977 1416 1037 1462 ut,
1081 1423 1195 1459 quem
1236 1413 1293 1450 ad
1331 1413 1488 1450 modum

144 1473 337 1520 scriptum
371 1476 446 1517 est,
485 1473 555 1518 qui
582 1472 803 1521 oloriatur,
836 1472 874 1508 in
910 1470 1077 1508 Domino
1106 1472 1307 1518 ylorietur
1380 1469 1489 1508 Hanc

146 1529 215 1568 Dei
253 1531 462 1581 iustitiam,
507 1541 623 1579 quam
664 1528 781 1566 donat
818 1529 940 1578 gratia
979 1529 1062 1566 sine
1101 1530 1269 1580 meritis,
1308 1530 1489 1568 nesciunt

146 1588 212 1639 illi,
244 1589 311 1638 qui
338 1600 447 1626 suam
474 1589 661 1626 iustitiam
688 1587 823 1625 volunt
849 1588 1101 1638 constituere,
1133 1592 1173 1625 et
1198 1587 1285 1625 ideo
1317 1588 1488 1626 iustitiae

149 1646 228 1698 Dei,
260 1646 363 1696 quod
398 1652 458 1684 est
491 1645 690 1697 Christus,
723 1658 801 1683 non
834 1651 925 1683 suut
956 1644 1133 1683 subiecti.
1196 1645 1239 1683 In
1272 1658 1347 1696 qua
1377 1647 1487 1684 iusti-

146 1707 198 1744 tia
233 1711 292 1743 est
324 1704 444 1743 inulta
477 1704 685 1743 multitudo
719 1703 937 1742 dulcedinis
970 1703 1059 1755 Dei,
1090 1709 1253 1754 propter
1285 1716 1401 1754 quam
1433 1704 1488 1743 di·

146 1765 249 1802 citur
273 1764 313 1801 in
340 1763 506 1813 psalmo:
542 1764 707 1801 Gustate
733 1768 771 1801 et
802 1764 931 1801 videte
956 1773 1075 1810 quam
1108 1764 1237 1801 dulcis
1270 1768 1329 1801 est
1354 1763 1485 1801 Domi-

146 1834 231 1860 nus.
293 1821 342 1859 Et
383 1821 482 1859 hanc
527 1821 684 1871 quidem
725 1822 765 1859 in
802 1820 873 1858 hac
917 1822 1232 1871 peregrinatione
1273 1826 1488 1872 gustantes,

147 1892 225 1918 non
257 1879 303 1918 ad
336 1881 554 1918 satietatem
581 1885 793 1930 sumentes,
825 1880 1021 1917 esurimus
1053 1891 1136 1917 eam
1169 1880 1300 1929 potius
1331 1890 1375 1917 ac
1408 1880 1488 1918 siti-

148 1950 247 1990 mus,
279 1943 323 1977 ut
354 1950 398 1976 ea
429 1944 564 1989 postea
597 1943 836 1989 saturemur,
869 1949 958 1975 cum
990 1936 1207 1975 videbimus
1239 1949 1340 1988 eum,
1374 1938 1489 1976 sicuti

148 2003 223 2049 est,
267 2002 306 2035 et
343 1996 570 2048 implebitur
608 1995 710 2046 quod
751 1997 940 2046 scriptum
983 2001 1061 2033 est:
1106 1996 1351 2042 Saturabor,
1397 2007 1487 2034 cum

244 2111 276 2153 7)
302 2109 359 2146 Ps.
387 2113 449 2152 30,
482 2112 538 2143 20.
591 2110 647 2152 10)
675 2108 779 2142 Rom.
809 2112 868 2149 10,
895 2111 927 2142 3.
980 2109 1036 2151 15)
1066 2111 1095 2142 1.
1123 2108 1173 2143 10.
1200 2111 1239 2151 4,
1269 2111 1320 2142 18.
1371 2109 1430 2147 22)
1459 2112 1488 2142 1.

151 2154 232 2190 Cor.
255 2160 284 2199 1,
306 2160 349 2190 30
370 2167 423 2199 sq.
474 2156 533 2199 25)
553 2155 658 2190 Rom.
682 2158 736 2197 10,
762 2158 794 2189 3.
845 2156 902 2198 28)
929 2154 986 2189 Ps.
1013 2157 1069 2197 33,
1096 2157 1127 2189 9.
1178 2156 1237 2199 31)
1265 2158 1293 2189 1.
1321 2154 1370 2189 Io.
1398 2158 1430 2197 3,
1457 2158 1489 2190 2.

242 2322 262 2351 8
289 2319 538 2352 metuentibus
564 2319 599 2352 A
