<?xml version="1.0" encoding="UTF-8"?>
<!DOCTYPE html PUBLIC "-//W3C//DTD XHTML 1.0 Transitional//EN"
    "http://www.w3.org/TR/xhtml1/DTD/xhtml1-transitional.dtd">
<html xmlns="http://www.w3.org/1999/xhtml" xml:lang="en" lang="en">
 <head>
  <title>
</title>
<meta http-equiv="Content-Type" content="text/html;charset=utf-8" />
  <meta name='ocr-system' content='tesseract 3.04.00' />
  <meta name='ocr-capabilities' content='ocr_page ocr_carea ocr_par ocr_line ocrx_word'/>
</head>
<body>
  <div class='ocr_page' id='page_1' title='image "./sanctiaureliiaug02auguuoft_0256.png"; bbox 0 0 1611 2465; ppageno 0'>
   <div class='ocr_carea' id='block_1_1' title="bbox 78 700 119 728">
    <p class='ocr_par' dir='ltr' id='par_1_1' title="bbox 78 700 119 728">
     <span class='ocr_line' id='line_1_1' title="bbox 78 700 119 728; baseline 0 0"><span class='ocrx_word' id='word_1_1' title='bbox 78 700 119 728; x_wconf 55' lang='lat'>13)</span> 
     </span>
    </p>
   </div>
   <div class='ocr_carea' id='block_1_2' title="bbox 77 990 118 1020">
    <p class='ocr_par' dir='ltr' id='par_1_2' title="bbox 77 990 118 1020">
     <span class='ocr_line' id='line_1_2' title="bbox 77 990 118 1020; baseline 0.024 -1"><span class='ocrx_word' id='word_1_2' title='bbox 77 990 118 1020; x_wconf 76' lang='lat'>15</span> 
     </span>
    </p>
   </div>
   <div class='ocr_carea' id='block_1_3' title="bbox 73 1283 118 1313">
    <p class='ocr_par' dir='ltr' id='par_1_3' title="bbox 73 1283 118 1313">
     <span class='ocr_line' id='line_1_3' title="bbox 73 1283 118 1313; baseline 0.022 -1"><span class='ocrx_word' id='word_1_3' title='bbox 73 1283 118 1313; x_wconf 75' lang='lat'>20</span> 
     </span>
    </p>
   </div>
   <div class='ocr_carea' id='block_1_4' title="bbox 74 1575 118 1604">
    <p class='ocr_par' dir='ltr' id='par_1_4' title="bbox 74 1575 118 1604">
     <span class='ocr_line' id='line_1_4' title="bbox 74 1575 118 1604; baseline 0 0"><span class='ocrx_word' id='word_1_4' title='bbox 74 1575 118 1604; x_wconf 70' lang='lat'>:25</span> 
     </span>
    </p>
   </div>
   <div class='ocr_carea' id='block_1_5' title="bbox 74 1868 119 1897">
    <p class='ocr_par' dir='ltr' id='par_1_5' title="bbox 74 1868 119 1897">
     <span class='ocr_line' id='line_1_5' title="bbox 74 1868 119 1897; baseline 0.044 -2"><span class='ocrx_word' id='word_1_5' title='bbox 74 1868 93 1896; x_wconf 73' lang='lat'><strong>3</strong></span> <span class='ocrx_word' id='word_1_6' title='bbox 100 1870 119 1897; x_wconf 78' lang='lat'>0</span> 
     </span>
    </p>
   </div>
   <div class='ocr_carea' id='block_1_6' title="bbox 145 67 941 107">
    <p class='ocr_par' dir='ltr' id='par_1_6' title="bbox 145 67 941 107">
     <span class='ocr_line' id='line_1_6' title="bbox 145 67 941 107; baseline 0.001 -7"><span class='ocrx_word' id='word_1_7' title='bbox 145 67 230 107; x_wconf 76' lang='grc'>250</span> <span class='ocrx_word' id='word_1_8' title='bbox 678 76 704 101; x_wconf 73' lang='lat' dir='ltr'>s,</span> <span class='ocrx_word' id='word_1_9' title='bbox 724 75 941 102; x_wconf 74' lang='lat' dir='ltr'>AUGUSTINI</span> 
     </span>
    </p>
   </div>
   <div class='ocr_carea' id='block_1_7' title="bbox 144 164 1482 2026">
    <p class='ocr_par' dir='ltr' id='par_1_7' title="bbox 144 164 1482 2026">
     <span class='ocr_line' id='line_1_7' title="bbox 144 164 1477 216; baseline 0.001 -13"><span class='ocrx_word' id='word_1_10' title='bbox 144 164 467 216; x_wconf 79' lang='lat' dir='ltr'>participantibus</span> <span class='ocrx_word' id='word_1_11' title='bbox 509 166 765 203; x_wconf 85' lang='lat' dir='ltr'>ministratur.</span> <span class='ocrx_word' id='word_1_12' title='bbox 839 164 934 203; x_wconf 74' lang='lat' dir='ltr'>Nam</span> <span class='ocrx_word' id='word_1_13' title='bbox 978 166 1096 203; x_wconf 89' lang='lat' dir='ltr'>istum</span> <span class='ocrx_word' id='word_1_14' title='bbox 1141 165 1394 204; x_wconf 70' lang='lat' dir='ltr'>ecclesiasten</span> <span class='ocrx_word' id='word_1_15' title='bbox 1438 167 1477 204; x_wconf 89' lang='lat' dir='ltr'>in</span> 
     </span>
     <span class='ocr_line' id='line_1_8' title="bbox 146 222 1479 275; baseline 0 -13"><span class='ocrx_word' id='word_1_16' title='bbox 146 223 215 262; x_wconf 82' lang='lat' dir='ltr'>hac</span> <span class='ocrx_word' id='word_1_17' title='bbox 249 225 440 262; x_wconf 87' lang='lat' dir='ltr'>sententia</span> <span class='ocrx_word' id='word_1_18' title='bbox 473 222 729 261; x_wconf 86' lang='lat' dir='ltr'>manducandi</span> <span class='ocrx_word' id='word_1_19' title='bbox 763 229 801 261; x_wconf 86' lang='lat' dir='ltr'>et</span> <span class='ocrx_word' id='word_1_20' title='bbox 832 223 1009 274; x_wconf 82' lang='lat' dir='ltr'>bibendi,</span> <span class='ocrx_word' id='word_1_21' title='bbox 1041 236 1154 274; x_wconf 86' lang='lat' dir='ltr'>qnam</span> <span class='ocrx_word' id='word_1_22' title='bbox 1187 236 1301 275; x_wconf 84' lang='lat' dir='ltr'>saepe</span> <span class='ocrx_word' id='word_1_23' title='bbox 1334 226 1479 275; x_wconf 87' lang='lat' dir='ltr'>repetit</span> 
     </span>
     <span class='ocr_line' id='line_1_9' title="bbox 145 281 1476 333; baseline 0 -13"><span class='ocrx_word' id='word_1_24' title='bbox 145 282 434 332; x_wconf 65' lang='lat' dir='ltr'>plurimun‘ique</span> <span class='ocrx_word' id='word_1_25' title='bbox 463 281 718 333; x_wconf 81' lang='lat' dir='ltr'>commendat,</span> <span class='ocrx_word' id='word_1_26' title='bbox 753 293 827 319; x_wconf 89' lang='lat' dir='ltr'>non</span> <span class='ocrx_word' id='word_1_27' title='bbox 854 294 989 333; x_wconf 79' lang='lat' dir='ltr'>sapere</span> <span class='ocrx_word' id='word_1_28' title='bbox 1017 282 1182 320; x_wconf 87' lang='lat' dir='ltr'>carnalis</span> <span class='ocrx_word' id='word_1_29' title='bbox 1209 282 1341 333; x_wconf 82' lang='lat' dir='ltr'>epulas</span> <span class='ocrx_word' id='word_1_30' title='bbox 1373 282 1476 321; x_wconf 83' lang='lat' dir='ltr'>volu-</span> 
     </span>
     <span class='ocr_line' id='line_1_10' title="bbox 146 339 1476 392; baseline 0.002 -15"><span class='ocrx_word' id='word_1_31' title='bbox 146 342 274 392; x_wconf 73' lang='lat' dir='ltr'>ptatiS,</span> <span class='ocrx_word' id='word_1_32' title='bbox 306 342 399 378; x_wconf 84' lang='lat' dir='ltr'>satis</span> <span class='ocrx_word' id='word_1_33' title='bbox 431 339 522 378; x_wconf 85' lang='lat' dir='ltr'>illud</span> <span class='ocrx_word' id='word_1_34' title='bbox 556 340 738 391; x_wconf 77' lang='lat' dir='ltr'>ostendit,</span> <span class='ocrx_word' id='word_1_35' title='bbox 771 340 833 378; x_wconf 88' lang='lat' dir='ltr'>uhi</span> <span class='ocrx_word' id='word_1_36' title='bbox 868 342 939 379; x_wconf 89' lang='lat' dir='ltr'>ait:</span> <span class='ocrx_word' id='word_1_37' title='bbox 984 341 1127 379; x_wconf 80' lang='lat' dir='ltr'>Melius</span> <span class='ocrx_word' id='word_1_38' title='bbox 1159 347 1215 380; x_wconf 87' lang='lat' dir='ltr'>est</span> <span class='ocrx_word' id='word_1_39' title='bbox 1247 343 1308 380; x_wconf 85' lang='lat' dir='ltr'>ire</span> <span class='ocrx_word' id='word_1_40' title='bbox 1339 343 1379 380; x_wconf 83' lang='lat' dir='ltr'>in</span> <span class='ocrx_word' id='word_1_41' title='bbox 1411 343 1476 380; x_wconf 81' lang='lat' dir='ltr'>do-</span> 
     </span>
     <span class='ocr_line' id='line_1_11' title="bbox 145 399 1478 451; baseline 0.001 -14"><span class='ocrx_word' id='word_1_42' title='bbox 145 411 246 437; x_wconf 76' lang='lat' dir='ltr'>mum</span> <span class='ocrx_word' id='word_1_43' title='bbox 285 402 415 437; x_wconf 73' lang='lat' dir='ltr'>luctus</span> <span class='ocrx_word' id='word_1_44' title='bbox 453 410 572 446; x_wconf 78' lang='lat' dir='ltr'>quam</span> <span class='ocrx_word' id='word_1_45' title='bbox 611 400 671 438; x_wconf 81' lang='lat' dir='ltr'>ire</span> <span class='ocrx_word' id='word_1_46' title='bbox 709 401 748 437; x_wconf 81' lang='lat' dir='ltr'>in</span> <span class='ocrx_word' id='word_1_47' title='bbox 787 401 942 437; x_wconf 63' lang='lat' dir='ltr'>doricum</span> <span class='ocrx_word' id='word_1_48' title='bbox 982 404 1120 448; x_wconf 77' lang='lat' dir='ltr'>potus;</span> <span class='ocrx_word' id='word_1_49' title='bbox 1157 405 1197 438; x_wconf 86' lang='lat' dir='ltr'>et</span> <span class='ocrx_word' id='word_1_50' title='bbox 1226 399 1341 451; x_wconf 90' lang='lat' dir='ltr'>paulo</span> <span class='ocrx_word' id='word_1_51' title='bbox 1374 405 1478 451; x_wconf 88' lang='lat' dir='ltr'>post:</span> 
     </span>
     <span class='ocr_line' id='line_1_12' title="bbox 150 458 1478 508; baseline 0.002 -13"><span class='ocrx_word' id='word_1_52' title='bbox 150 458 242 505; x_wconf 79' lang='lat' dir='ltr'>Cor,</span> <span class='ocrx_word' id='word_1_53' title='bbox 276 458 420 508; x_wconf 82' lang='lat' dir='ltr'>inquit,</span> <span class='ocrx_word' id='word_1_54' title='bbox 451 459 689 506; x_wconf 75' lang='lat' dir='ltr'>sapientium</span> <span class='ocrx_word' id='word_1_55' title='bbox 721 459 761 496; x_wconf 82' lang='lat' dir='ltr'>in</span> <span class='ocrx_word' id='word_1_56' title='bbox 794 459 906 496; x_wconf 77' lang='lat' dir='ltr'>domo</span> <span class='ocrx_word' id='word_1_57' title='bbox 944 461 1072 496; x_wconf 78' lang='lat' dir='ltr'>luctus</span> <span class='ocrx_word' id='word_1_58' title='bbox 1109 463 1147 497; x_wconf 79' lang='lat' dir='ltr'>et</span> <span class='ocrx_word' id='word_1_59' title='bbox 1183 470 1255 497; x_wconf 83' lang='lat' dir='ltr'>cor</span> <span class='ocrx_word' id='word_1_60' title='bbox 1292 460 1478 508; x_wconf 76' lang='lat' dir='ltr'>insipien-</span> 
     </span>
     <span class='ocr_line' id='line_1_13' title="bbox 145 516 1477 567; baseline 0.001 -14"><span class='ocrx_word' id='word_1_61' title='bbox 145 518 240 554; x_wconf 77' lang='lat' dir='ltr'>tium</span> <span class='ocrx_word' id='word_1_62' title='bbox 274 518 313 554; x_wconf 80' lang='lat' dir='ltr'>in</span> <span class='ocrx_word' id='word_1_63' title='bbox 355 517 468 554; x_wconf 79' lang='lat' dir='ltr'>domo</span> <span class='ocrx_word' id='word_1_64' title='bbox 506 518 724 565; x_wconf 71' lang='lat' dir='ltr'>epularum.</span> <span class='ocrx_word' id='word_1_65' title='bbox 788 516 861 554; x_wconf 87' lang='lat' dir='ltr'>Sed</span> <span class='ocrx_word' id='word_1_66' title='bbox 896 516 987 555; x_wconf 89' lang='lat' dir='ltr'>illud</span> <span class='ocrx_word' id='word_1_67' title='bbox 1022 518 1142 567; x_wconf 85' lang='lat' dir='ltr'>magis</span> <span class='ocrx_word' id='word_1_68' title='bbox 1174 528 1477 555; x_wconf 87' lang='lat' dir='ltr'>commemoran-</span> 
     </span>
     <span class='ocr_line' id='line_1_14' title="bbox 145 574 1478 626; baseline 0.002 -15"><span class='ocrx_word' id='word_1_69' title='bbox 145 574 236 612; x_wconf 94' lang='lat' dir='ltr'>dum</span> <span class='ocrx_word' id='word_1_70' title='bbox 278 575 456 612; x_wconf 83' lang='lat' dir='ltr'>existimo</span> <span class='ocrx_word' id='word_1_71' title='bbox 497 574 544 612; x_wconf 87' lang='lat' dir='ltr'>de</span> <span class='ocrx_word' id='word_1_72' title='bbox 586 574 659 612; x_wconf 89' lang='lat' dir='ltr'>hoc</span> <span class='ocrx_word' id='word_1_73' title='bbox 700 574 817 622; x_wconf 84' lang='lat' dir='ltr'>libro,</span> <span class='ocrx_word' id='word_1_74' title='bbox 864 575 966 624; x_wconf 73' lang='lat' dir='ltr'>quod</span> <span class='ocrx_word' id='word_1_75' title='bbox 1010 576 1182 626; x_wconf 80' lang='lat' dir='ltr'>pertinet</span> <span class='ocrx_word' id='word_1_76' title='bbox 1219 574 1264 614; x_wconf 90' lang='lat' dir='ltr'>ad</span> <span class='ocrx_word' id='word_1_77' title='bbox 1305 576 1478 614; x_wconf 86' lang='lat' dir='ltr'>civitates</span> 
     </span>
     <span class='ocr_line' id='line_1_15' title="bbox 145 632 1477 685; baseline 0.002 -15"><span class='ocrx_word' id='word_1_78' title='bbox 145 633 257 684; x_wconf 83' lang='lat' dir='ltr'>duas,</span> <span class='ocrx_word' id='word_1_79' title='bbox 290 644 405 671; x_wconf 89' lang='lat' dir='ltr'>unam</span> <span class='ocrx_word' id='word_1_80' title='bbox 438 632 596 685; x_wconf 84' lang='lat' dir='ltr'>diaboli,</span> <span class='ocrx_word' id='word_1_81' title='bbox 629 633 787 671; x_wconf 84' lang='lat' dir='ltr'>alteram</span> <span class='ocrx_word' id='word_1_82' title='bbox 821 634 980 685; x_wconf 80' lang='lat' dir='ltr'>Clu-isti,</span> <span class='ocrx_word' id='word_1_83' title='bbox 1022 639 1061 671; x_wconf 90' lang='lat' dir='ltr'>et</span> <span class='ocrx_word' id='word_1_84' title='bbox 1092 646 1224 672; x_wconf 86' lang='lat' dir='ltr'>earum</span> <span class='ocrx_word' id='word_1_85' title='bbox 1258 645 1370 684; x_wconf 86' lang='lat' dir='ltr'>reges</span> <span class='ocrx_word' id='word_1_86' title='bbox 1401 633 1477 672; x_wconf 88' lang='lat' dir='ltr'>dia-</span> 
     </span>
     <span class='ocr_line' id='line_1_16' title="bbox 146 690 1480 744; baseline 0.001 -16"><span class='ocrx_word' id='word_1_87' title='bbox 146 690 276 729; x_wconf 84' lang='lat' dir='ltr'>bolum</span> <span class='ocrx_word' id='word_1_88' title='bbox 309 697 347 729; x_wconf 89' lang='lat' dir='ltr'>et</span> <span class='ocrx_word' id='word_1_89' title='bbox 380 690 594 730; x_wconf 84' lang='lat' dir='ltr'>Christum:</span> <span class='ocrx_word' id='word_1_90' title='bbox 649 692 728 730; x_wconf 74' lang='lat' dir='ltr'>Vae</span> <span class='ocrx_word' id='word_1_91' title='bbox 759 693 849 739; x_wconf 72' lang='lat' dir='ltr'>libi,</span> <span class='ocrx_word' id='word_1_92' title='bbox 894 697 1025 739; x_wconf 81' lang='lat' dir='ltr'>terra,</span> <span class='ocrx_word' id='word_1_93' title='bbox 1069 693 1212 744; x_wconf 84' lang='lat' dir='ltr'>inquit,</span> <span class='ocrx_word' id='word_1_94' title='bbox 1257 695 1372 731; x_wconf 77' lang='lat' dir='ltr'>cuius</span> <span class='ocrx_word' id='word_1_95' title='bbox 1403 704 1480 731; x_wconf 78' lang='lat' dir='ltr'>rex</span> 
     </span>
     <span class='ocr_line' id='line_1_17' title="bbox 146 751 1478 799; baseline 0.002 -12"><span class='ocrx_word' id='word_1_96' title='bbox 146 751 397 797; x_wconf 77' lang='lat' dir='ltr'>adulescens,</span> <span class='ocrx_word' id='word_1_97' title='bbox 436 755 474 789; x_wconf 77' lang='lat' dir='ltr'>et</span> <span class='ocrx_word' id='word_1_98' title='bbox 509 752 715 799; x_wconf 63' lang='lat' dir='ltr'>principes</span> <span class='ocrx_word' id='word_1_99' title='bbox 747 753 807 788; x_wconf 79' lang='lat' dir='ltr'>tui</span> <span class='ocrx_word' id='word_1_100' title='bbox 836 761 953 789; x_wconf 81' lang='lat' dir='ltr'>mane</span> <span class='ocrx_word' id='word_1_101' title='bbox 983 752 1202 789; x_wconf 78' lang='lat' dir='ltr'>comedunt.</span> <span class='ocrx_word' id='word_1_102' title='bbox 1264 752 1392 790; x_wconf 76' lang='lat' dir='ltr'>Beala</span> <span class='ocrx_word' id='word_1_103' title='bbox 1425 756 1478 798; x_wconf 76' lang='lat' dir='ltr'>tu,</span> 
     </span>
     <span class='ocr_line' id='line_1_18' title="bbox 145 810 1482 858; baseline 0.001 -12"><span class='ocrx_word' id='word_1_104' title='bbox 145 813 269 855; x_wconf 79' lang='lat' dir='ltr'>terra,</span> <span class='ocrx_word' id='word_1_105' title='bbox 302 810 417 847; x_wconf 82' lang='lat' dir='ltr'>euius</span> <span class='ocrx_word' id='word_1_106' title='bbox 449 820 524 847; x_wconf 80' lang='lat' dir='ltr'>rex</span> <span class='ocrx_word' id='word_1_107' title='bbox 557 814 646 847; x_wconf 71' lang='lat' dir='ltr'>licus</span> <span class='ocrx_word' id='word_1_108' title='bbox 674 811 782 856; x_wconf 79' lang='lat' dir='ltr'>filius</span> <span class='ocrx_word' id='word_1_109' title='bbox 814 811 1089 856; x_wconf 57' lang='lat' dir='ltr'>{menum-um,</span> <span class='ocrx_word' id='word_1_110' title='bbox 1121 813 1159 847; x_wconf 81' lang='lat' dir='ltr'>et</span> <span class='ocrx_word' id='word_1_111' title='bbox 1184 810 1390 858; x_wconf 79' lang='lat' dir='ltr'>principes</span> <span class='ocrx_word' id='word_1_112' title='bbox 1422 811 1482 848; x_wconf 79' lang='lat' dir='ltr'>tui</span> 
     </span>
     <span class='ocr_line' id='line_1_19' title="bbox 146 866 1477 916; baseline 0.002 -12"><span class='ocrx_word' id='word_1_113' title='bbox 146 868 186 905; x_wconf 84' lang='lat' dir='ltr'>in</span> <span class='ocrx_word' id='word_1_114' title='bbox 213 872 387 915; x_wconf 75' lang='lat' dir='ltr'>tempore</span> <span class='ocrx_word' id='word_1_115' title='bbox 413 868 633 913; x_wconf 75' lang='lat' dir='ltr'>comedunt,</span> <span class='ocrx_word' id='word_1_116' title='bbox 661 869 700 905; x_wconf 81' lang='lat' dir='ltr'>in</span> <span class='ocrx_word' id='word_1_117' title='bbox 723 866 974 915; x_wconf 76' lang='lat' dir='ltr'>fortitudine,</span> <span class='ocrx_word' id='word_1_118' title='bbox 1001 872 1039 906; x_wconf 84' lang='lat' dir='ltr'>et</span> <span class='ocrx_word' id='word_1_119' title='bbox 1063 879 1141 906; x_wconf 80' lang='lat' dir='ltr'>non</span> <span class='ocrx_word' id='word_1_120' title='bbox 1168 869 1209 905; x_wconf 82' lang='lat' dir='ltr'>in</span> <span class='ocrx_word' id='word_1_121' title='bbox 1235 867 1477 916; x_wconf 81' lang='lat' dir='ltr'>confusione.</span> 
     </span>
     <span class='ocr_line' id='line_1_20' title="bbox 144 924 1478 977; baseline 0.001 -15"><span class='ocrx_word' id='word_1_122' title='bbox 144 924 444 964; x_wconf 84' lang='lat' dir='ltr'>Adulescentem</span> <span class='ocrx_word' id='word_1_123' title='bbox 483 926 578 963; x_wconf 83' lang='lat' dir='ltr'>dixit.</span> <span class='ocrx_word' id='word_1_124' title='bbox 619 925 812 964; x_wconf 88' lang='lat' dir='ltr'>diabolum</span> <span class='ocrx_word' id='word_1_125' title='bbox 846 932 1006 977; x_wconf 86' lang='lat' dir='ltr'>propter</span> <span class='ocrx_word' id='word_1_126' title='bbox 1038 926 1240 964; x_wconf 83' lang='lat' dir='ltr'>stultitiam</span> <span class='ocrx_word' id='word_1_127' title='bbox 1274 931 1312 964; x_wconf 92' lang='lat' dir='ltr'>et</span> <span class='ocrx_word' id='word_1_128' title='bbox 1343 938 1478 977; x_wconf 86' lang='lat' dir='ltr'>super-</span> 
     </span>
     <span class='ocr_line' id='line_1_21' title="bbox 144 982 1477 1035; baseline 0.001 -14"><span class='ocrx_word' id='word_1_129' title='bbox 144 982 245 1021; x_wconf 82' lang='lat' dir='ltr'>biam</span> <span class='ocrx_word' id='word_1_130' title='bbox 279 989 317 1022; x_wconf 87' lang='lat' dir='ltr'>et</span> <span class='ocrx_word' id='word_1_131' title='bbox 348 985 606 1022; x_wconf 80' lang='lat' dir='ltr'>temeritatem</span> <span class='ocrx_word' id='word_1_132' title='bbox 640 990 678 1022; x_wconf 89' lang='lat' dir='ltr'>et</span> <span class='ocrx_word' id='word_1_133' title='bbox 709 983 959 1034; x_wconf 78' lang='lat' dir='ltr'>petulantiam</span> <span class='ocrx_word' id='word_1_134' title='bbox 992 990 1199 1034; x_wconf 85' lang='lat' dir='ltr'>ceteraque</span> <span class='ocrx_word' id='word_1_135' title='bbox 1233 986 1340 1034; x_wconf 86' lang='lat' dir='ltr'>vitia,</span> <span class='ocrx_word' id='word_1_136' title='bbox 1380 996 1477 1035; x_wconf 85' lang='lat' dir='ltr'>quae</span> 
     </span>
     <span class='ocr_line' id='line_1_22' title="bbox 144 1041 1476 1094; baseline 0.001 -14"><span class='ocrx_word' id='word_1_137' title='bbox 144 1041 235 1080; x_wconf 87' lang='lat' dir='ltr'>huic</span> <span class='ocrx_word' id='word_1_138' title='bbox 268 1043 383 1080; x_wconf 90' lang='lat' dir='ltr'>aetati</span> <span class='ocrx_word' id='word_1_139' title='bbox 415 1042 589 1080; x_wconf 82' lang='lat' dir='ltr'>adsolent</span> <span class='ocrx_word' id='word_1_140' title='bbox 621 1042 835 1094; x_wconf 78' lang='lat' dir='ltr'>abundare3</span> <span class='ocrx_word' id='word_1_141' title='bbox 877 1042 1074 1081; x_wconf 84' lang='lat' dir='ltr'>Christum</span> <span class='ocrx_word' id='word_1_142' title='bbox 1108 1050 1236 1081; x_wconf 86' lang='lat' dir='ltr'>autem</span> <span class='ocrx_word' id='word_1_143' title='bbox 1269 1042 1390 1081; x_wconf 79' lang='lat' dir='ltr'>filium</span> <span class='ocrx_word' id='word_1_144' title='bbox 1421 1044 1476 1081; x_wconf 90' lang='lat' dir='ltr'>in-</span> 
     </span>
     <span class='ocr_line' id='line_1_23' title="bbox 145 1100 1478 1152; baseline 0.002 -15"><span class='ocrx_word' id='word_1_145' title='bbox 145 1112 380 1151; x_wconf 82' lang='lat' dir='ltr'>genuorum,</span> <span class='ocrx_word' id='word_1_146' title='bbox 413 1107 635 1139; x_wconf 85' lang='lat' dir='ltr'>sauctorum</span> <span class='ocrx_word' id='word_1_147' title='bbox 669 1101 817 1139; x_wconf 79' lang='lat' dir='ltr'>scilicet</span> <span class='ocrx_word' id='word_1_148' title='bbox 848 1100 1167 1152; x_wconf 76' lang='lat' dir='ltr'>patriarcharum,</span> <span class='ocrx_word' id='word_1_149' title='bbox 1198 1102 1478 1152; x_wconf 87' lang='lat' dir='ltr'>pertinentium</span> 
     </span>
     <span class='ocr_line' id='line_1_24' title="bbox 145 1158 1477 1211; baseline 0.002 -15"><span class='ocrx_word' id='word_1_150' title='bbox 145 1158 190 1196; x_wconf 88' lang='lat' dir='ltr'>ad</span> <span class='ocrx_word' id='word_1_151' title='bbox 223 1158 382 1196; x_wconf 86' lang='lat' dir='ltr'>liberam</span> <span class='ocrx_word' id='word_1_152' title='bbox 423 1161 633 1211; x_wconf 82' lang='lat' dir='ltr'>civitatem,</span> <span class='ocrx_word' id='word_1_153' title='bbox 675 1172 718 1197; x_wconf 84' lang='lat' dir='ltr'>ex</span> <span class='ocrx_word' id='word_1_154' title='bbox 753 1158 895 1209; x_wconf 82' lang='lat' dir='ltr'>quibus</span> <span class='ocrx_word' id='word_1_155' title='bbox 927 1165 987 1197; x_wconf 87' lang='lat' dir='ltr'>est</span> <span class='ocrx_word' id='word_1_156' title='bbox 1018 1160 1055 1197; x_wconf 91' lang='lat' dir='ltr'>in</span> <span class='ocrx_word' id='word_1_157' title='bbox 1090 1171 1205 1197; x_wconf 75' lang='lat' dir='ltr'>carne</span> <span class='ocrx_word' id='word_1_158' title='bbox 1237 1161 1477 1210; x_wconf 86' lang='lat' dir='ltr'>progenitus.</span> 
     </span>
     <span class='ocr_line' id='line_1_25' title="bbox 146 1216 1477 1269; baseline 0.002 -15"><span class='ocrx_word' id='word_1_159' title='bbox 146 1216 349 1267; x_wconf 78' lang='lat' dir='ltr'>Principes</span> <span class='ocrx_word' id='word_1_160' title='bbox 391 1217 493 1255; x_wconf 88' lang='lat' dir='ltr'>illius</span> <span class='ocrx_word' id='word_1_161' title='bbox 531 1219 696 1256; x_wconf 78' lang='lat' dir='ltr'>civitatis</span> <span class='ocrx_word' id='word_1_162' title='bbox 734 1229 844 1255; x_wconf 88' lang='lat' dir='ltr'>mane</span> <span class='ocrx_word' id='word_1_163' title='bbox 887 1216 1184 1269; x_wconf 79' lang='lat' dir='ltr'>manducantes,</span> <span class='ocrx_word' id='word_1_164' title='bbox 1227 1217 1265 1256; x_wconf 92' lang='lat' dir='ltr'>id</span> <span class='ocrx_word' id='word_1_165' title='bbox 1298 1224 1357 1256; x_wconf 86' lang='lat' dir='ltr'>est</span> <span class='ocrx_word' id='word_1_166' title='bbox 1389 1224 1477 1256; x_wconf 88' lang='lat' dir='ltr'>ante</span> 
     </span>
     <span class='ocr_line' id='line_1_26' title="bbox 145 1274 1477 1328; baseline 0.002 -15"><span class='ocrx_word' id='word_1_167' title='bbox 145 1274 278 1313; x_wconf 89' lang='lat' dir='ltr'>horam</span> <span class='ocrx_word' id='word_1_168' title='bbox 317 1288 546 1327; x_wconf 72' lang='lat' dir='ltr'>congruam,</span> <span class='ocrx_word' id='word_1_169' title='bbox 584 1277 673 1326; x_wconf 83' lang='lat' dir='ltr'>quia</span> <span class='ocrx_word' id='word_1_170' title='bbox 711 1288 788 1315; x_wconf 87' lang='lat' dir='ltr'>non</span> <span class='ocrx_word' id='word_1_171' title='bbox 827 1281 1033 1326; x_wconf 76' lang='lat' dir='ltr'>expectant</span> <span class='ocrx_word' id='word_1_172' title='bbox 1064 1282 1340 1328; x_wconf 81' lang='lat' dir='ltr'>opportunam,</span> <span class='ocrx_word' id='word_1_173' title='bbox 1379 1288 1477 1327; x_wconf 85' lang='lat' dir='ltr'>quae</span> 
     </span>
     <span class='ocr_line' id='line_1_27' title="bbox 145 1334 1478 1386; baseline 0.002 -15"><span class='ocrx_word' id='word_1_174' title='bbox 145 1345 234 1372; x_wconf 88' lang='lat' dir='ltr'>vera</span> <span class='ocrx_word' id='word_1_175' title='bbox 267 1340 343 1385; x_wconf 84' lang='lat' dir='ltr'>est,</span> <span class='ocrx_word' id='word_1_176' title='bbox 381 1336 420 1372; x_wconf 92' lang='lat' dir='ltr'>in</span> <span class='ocrx_word' id='word_1_177' title='bbox 459 1335 591 1372; x_wconf 86' lang='lat' dir='ltr'>futuro</span> <span class='ocrx_word' id='word_1_178' title='bbox 633 1334 787 1373; x_wconf 82' lang='lat' dir='ltr'>saeculo</span> <span class='ocrx_word' id='word_1_179' title='bbox 820 1335 1060 1386; x_wconf 79' lang='lat' dir='ltr'>felicitatem,</span> <span class='ocrx_word' id='word_1_180' title='bbox 1098 1335 1327 1373; x_wconf 77' lang='lat' dir='ltr'>festinanter</span> <span class='ocrx_word' id='word_1_181' title='bbox 1370 1334 1478 1373; x_wconf 88' lang='lat' dir='ltr'>beari</span> 
     </span>
     <span class='ocr_line' id='line_1_28' title="bbox 145 1392 1477 1443; baseline 0.002 -13"><span class='ocrx_word' id='word_1_182' title='bbox 145 1392 260 1430; x_wconf 87' lang='lat' dir='ltr'>huius</span> <span class='ocrx_word' id='word_1_183' title='bbox 302 1392 445 1430; x_wconf 83' lang='lat' dir='ltr'>saeculi</span> <span class='ocrx_word' id='word_1_184' title='bbox 483 1393 706 1431; x_wconf 70' lang='lat' dir='ltr'>celebritate</span> <span class='ocrx_word' id='word_1_185' title='bbox 739 1395 957 1443; x_wconf 81' lang='lat' dir='ltr'>cupientes3</span> <span class='ocrx_word' id='word_1_186' title='bbox 996 1394 1193 1443; x_wconf 86' lang='lat' dir='ltr'>principes</span> <span class='ocrx_word' id='word_1_187' title='bbox 1225 1398 1355 1431; x_wconf 88' lang='lat' dir='ltr'>antem</span> <span class='ocrx_word' id='word_1_188' title='bbox 1387 1394 1477 1432; x_wconf 87' lang='lat' dir='ltr'>civi·</span> 
     </span>
     <span class='ocr_line' id='line_1_29' title="bbox 147 1450 1477 1502; baseline 0.002 -14"><span class='ocrx_word' id='word_1_189' title='bbox 147 1451 235 1488; x_wconf 87' lang='lat' dir='ltr'>tatis</span> <span class='ocrx_word' id='word_1_190' title='bbox 263 1450 407 1488; x_wconf 77' lang='lat' dir='ltr'>Christi</span> <span class='ocrx_word' id='word_1_191' title='bbox 434 1458 587 1502; x_wconf 80' lang='lat' dir='ltr'>tempus</span> <span class='ocrx_word' id='word_1_192' title='bbox 619 1463 696 1490; x_wconf 91' lang='lat' dir='ltr'>non</span> <span class='ocrx_word' id='word_1_193' title='bbox 730 1451 875 1489; x_wconf 76' lang='lat' dir='ltr'>fallacis</span> <span class='ocrx_word' id='word_1_194' title='bbox 909 1451 1157 1489; x_wconf 82' lang='lat' dir='ltr'>beatitudinis</span> <span class='ocrx_word' id='word_1_195' title='bbox 1190 1453 1381 1502; x_wconf 89' lang='lat' dir='ltr'>patienter</span> <span class='ocrx_word' id='word_1_196' title='bbox 1413 1463 1477 1490; x_wconf 86' lang='lat' dir='ltr'>ex-</span> 
     </span>
     <span class='ocr_line' id='line_1_30' title="bbox 145 1505 1476 1559; baseline 0.002 -13"><span class='ocrx_word' id='word_1_197' title='bbox 145 1515 311 1559; x_wconf 86' lang='lat' dir='ltr'>pectant.</span> <span class='ocrx_word' id='word_1_198' title='bbox 373 1508 455 1547; x_wconf 85' lang='lat' dir='ltr'>Hoc</span> <span class='ocrx_word' id='word_1_199' title='bbox 493 1511 561 1548; x_wconf 81' lang='lat' dir='ltr'>ait:</span> <span class='ocrx_word' id='word_1_200' title='bbox 606 1511 652 1548; x_wconf 83' lang='lat' dir='ltr'>In</span> <span class='ocrx_word' id='word_1_201' title='bbox 688 1505 942 1558; x_wconf 49' lang='lat' dir='ltr'>j&#39;orte‘ludinffi</span> <span class='ocrx_word' id='word_1_202' title='bbox 982 1515 1020 1548; x_wconf 83' lang='lat' dir='ltr'>et</span> <span class='ocrx_word' id='word_1_203' title='bbox 1049 1521 1127 1548; x_wconf 80' lang='lat' dir='ltr'>non</span> <span class='ocrx_word' id='word_1_204' title='bbox 1160 1512 1200 1547; x_wconf 78' lang='lat' dir='ltr'>in</span> <span class='ocrx_word' id='word_1_205' title='bbox 1233 1509 1476 1558; x_wconf 80' lang='lat' dir='ltr'>confusione,</span> 
     </span>
     <span class='ocr_line' id='line_1_31' title="bbox 147 1567 1478 1619; baseline 0.002 -14"><span class='ocrx_word' id='word_1_206' title='bbox 147 1568 234 1617; x_wconf 84' lang='lat' dir='ltr'>quia</span> <span class='ocrx_word' id='word_1_207' title='bbox 277 1579 355 1606; x_wconf 90' lang='lat' dir='ltr'>non</span> <span class='ocrx_word' id='word_1_208' title='bbox 395 1580 461 1606; x_wconf 88' lang='lat' dir='ltr'>eos</span> <span class='ocrx_word' id='word_1_209' title='bbox 500 1568 594 1606; x_wconf 85' lang='lat' dir='ltr'>fallit</span> <span class='ocrx_word' id='word_1_210' title='bbox 632 1580 742 1619; x_wconf 85' lang='lat' dir='ltr'>spes,</span> <span class='ocrx_word' id='word_1_211' title='bbox 787 1568 833 1606; x_wconf 87' lang='lat' dir='ltr'>de</span> <span class='ocrx_word' id='word_1_212' title='bbox 879 1580 953 1619; x_wconf 84' lang='lat' dir='ltr'>qua</span> <span class='ocrx_word' id='word_1_213' title='bbox 992 1568 1086 1606; x_wconf 88' lang='lat' dir='ltr'>dicit</span> <span class='ocrx_word' id='word_1_214' title='bbox 1122 1567 1336 1618; x_wconf 87' lang='lat' dir='ltr'>apostolus:</span> <span class='ocrx_word' id='word_1_215' title='bbox 1380 1568 1478 1618; x_wconf 83' lang='lat' dir='ltr'>Spes</span> 
     </span>
     <span class='ocr_line' id='line_1_32' title="bbox 146 1626 1479 1677; baseline 0.001 -13"><span class='ocrx_word' id='word_1_216' title='bbox 146 1631 277 1664; x_wconf 64' lang='lat' dir='ltr'>callem</span> <span class='ocrx_word' id='word_1_217' title='bbox 314 1638 390 1665; x_wconf 78' lang='lat' dir='ltr'>non</span> <span class='ocrx_word' id='word_1_218' title='bbox 429 1626 662 1675; x_wconf 49' lang='lat' dir='ltr'>confundi&amp;</span> <span class='ocrx_word' id='word_1_219' title='bbox 705 1627 798 1665; x_wconf 87' lang='lat' dir='ltr'>dicit</span> <span class='ocrx_word' id='word_1_220' title='bbox 835 1632 874 1665; x_wconf 87' lang='lat' dir='ltr'>et</span> <span class='ocrx_word' id='word_1_221' title='bbox 911 1626 1100 1677; x_wconf 86' lang='lat' dir='ltr'>psalmus:</span> <span class='ocrx_word' id='word_1_222' title='bbox 1144 1627 1298 1665; x_wconf 77' lang='lat' dir='ltr'>Etenim</span> <span class='ocrx_word' id='word_1_223' title='bbox 1335 1629 1406 1675; x_wconf 79' lang='lat' dir='ltr'>qui</span> <span class='ocrx_word' id='word_1_224' title='bbox 1441 1632 1479 1666; x_wconf 87' lang='lat' dir='ltr'>te</span> 
     </span>
     <span class='ocr_line' id='line_1_33' title="bbox 145 1684 1477 1734; baseline 0.001 -12"><span class='ocrx_word' id='word_1_225' title='bbox 145 1689 375 1733; x_wconf 74' lang='lat' dir='ltr'>expectant,</span> <span class='ocrx_word' id='word_1_226' title='bbox 417 1696 494 1723; x_wconf 83' lang='lat' dir='ltr'>non</span> <span class='ocrx_word' id='word_1_227' title='bbox 535 1684 843 1734; x_wconf 79' lang='lat' dir='ltr'>confundentur.</span> <span class='ocrx_word' id='word_1_228' title='bbox 905 1684 982 1723; x_wconf 89' lang='lat' dir='ltr'>Iam</span> <span class='ocrx_word' id='word_1_229' title='bbox 1023 1697 1114 1722; x_wconf 88' lang='lat' dir='ltr'>vero</span> <span class='ocrx_word' id='word_1_230' title='bbox 1156 1686 1349 1723; x_wconf 86' lang='lat' dir='ltr'>canticum</span> <span class='ocrx_word' id='word_1_231' title='bbox 1389 1696 1477 1724; x_wconf 87' lang='lat' dir='ltr'>can-</span> 
     </span>
     <span class='ocr_line' id='line_1_34' title="bbox 146 1742 1477 1794; baseline 0.002 -14"><span class='ocrx_word' id='word_1_232' title='bbox 146 1744 313 1780; x_wconf 89' lang='lat' dir='ltr'>ticorum</span> <span class='ocrx_word' id='word_1_233' title='bbox 355 1743 539 1793; x_wconf 88' lang='lat' dir='ltr'>spiritalis</span> <span class='ocrx_word' id='word_1_234' title='bbox 581 1743 768 1793; x_wconf 84' lang='lat' dir='ltr'>quaedam</span> <span class='ocrx_word' id='word_1_235' title='bbox 807 1748 1029 1782; x_wconf 86' lang='lat' dir='ltr'>sanctarum</span> <span class='ocrx_word' id='word_1_236' title='bbox 1068 1749 1127 1782; x_wconf 90' lang='lat' dir='ltr'>est</span> <span class='ocrx_word' id='word_1_237' title='bbox 1163 1742 1338 1794; x_wconf 88' lang='lat' dir='ltr'>voluptas</span> <span class='ocrx_word' id='word_1_238' title='bbox 1370 1754 1477 1782; x_wconf 87' lang='lat' dir='ltr'>men-</span> 
     </span>
     <span class='ocr_line' id='line_1_35' title="bbox 145 1801 1478 1853; baseline 0.001 -15"><span class='ocrx_word' id='word_1_239' title='bbox 145 1802 242 1839; x_wconf 89' lang='lat' dir='ltr'>tium</span> <span class='ocrx_word' id='word_1_240' title='bbox 274 1802 313 1839; x_wconf 92' lang='lat' dir='ltr'>in</span> <span class='ocrx_word' id='word_1_241' title='bbox 341 1802 520 1851; x_wconf 83' lang='lat' dir='ltr'>coniugio</span> <span class='ocrx_word' id='word_1_242' title='bbox 547 1801 649 1840; x_wconf 88' lang='lat' dir='ltr'>illius</span> <span class='ocrx_word' id='word_1_243' title='bbox 682 1803 783 1852; x_wconf 80' lang='lat' dir='ltr'>regis</span> <span class='ocrx_word' id='word_1_244' title='bbox 815 1808 854 1839; x_wconf 93' lang='lat' dir='ltr'>et</span> <span class='ocrx_word' id='word_1_245' title='bbox 886 1803 1041 1852; x_wconf 87' lang='lat' dir='ltr'>reginae</span> <span class='ocrx_word' id='word_1_246' title='bbox 1074 1802 1250 1853; x_wconf 84' lang='lat' dir='ltr'>civitatis,</span> <span class='ocrx_word' id='word_1_247' title='bbox 1282 1801 1385 1852; x_wconf 92' lang='lat' dir='ltr'>quod</span> <span class='ocrx_word' id='word_1_248' title='bbox 1418 1806 1478 1839; x_wconf 87' lang='lat' dir='ltr'>est</span> 
     </span>
     <span class='ocr_line' id='line_1_36' title="bbox 147 1858 1476 1910; baseline 0.001 -14"><span class='ocrx_word' id='word_1_249' title='bbox 147 1858 324 1898; x_wconf 87' lang='lat' dir='ltr'>Christus</span> <span class='ocrx_word' id='word_1_250' title='bbox 351 1865 390 1897; x_wconf 89' lang='lat' dir='ltr'>et</span> <span class='ocrx_word' id='word_1_251' title='bbox 415 1859 588 1898; x_wconf 86' lang='lat' dir='ltr'>ecclesia.</span> <span class='ocrx_word' id='word_1_252' title='bbox 651 1859 726 1897; x_wconf 81' lang='lat' dir='ltr'>Sed</span> <span class='ocrx_word' id='word_1_253' title='bbox 760 1860 855 1897; x_wconf 84' lang='lat' dir='ltr'>haec</span> <span class='ocrx_word' id='word_1_254' title='bbox 887 1859 1062 1910; x_wconf 86' lang='lat' dir='ltr'>voluptas</span> <span class='ocrx_word' id='word_1_255' title='bbox 1094 1859 1309 1908; x_wconf 86' lang='lat' dir='ltr'>allegoricis</span> <span class='ocrx_word' id='word_1_256' title='bbox 1341 1860 1476 1910; x_wconf 85' lang='lat' dir='ltr'>tegmi—</span> 
     </span>
     <span class='ocr_line' id='line_1_37' title="bbox 147 1917 1476 1968; baseline 0.001 -14"><span class='ocrx_word' id='word_1_257' title='bbox 147 1917 260 1955; x_wconf 85' lang='lat' dir='ltr'>nibus</span> <span class='ocrx_word' id='word_1_258' title='bbox 299 1917 468 1956; x_wconf 88' lang='lat' dir='ltr'>involuta</span> <span class='ocrx_word' id='word_1_259' title='bbox 509 1923 588 1968; x_wconf 79' lang='lat' dir='ltr'>est,</span> <span class='ocrx_word' id='word_1_260' title='bbox 629 1923 672 1955; x_wconf 90' lang='lat' dir='ltr'>ut</span> <span class='ocrx_word' id='word_1_261' title='bbox 711 1917 956 1955; x_wconf 78' lang='lat' dir='ltr'>desideretur</span> <span class='ocrx_word' id='word_1_262' title='bbox 997 1917 1196 1955; x_wconf 86' lang='lat' dir='ltr'>ardentius</span> <span class='ocrx_word' id='word_1_263' title='bbox 1229 1917 1476 1967; x_wconf 85' lang='lat' dir='ltr'>nudeturque</span> 
     </span>
     <span class='ocr_line' id='line_1_38' title="bbox 145 1974 1476 2026; baseline 0 -14"><span class='ocrx_word' id='word_1_264' title='bbox 145 1975 365 2026; x_wconf 88' lang='lat' dir='ltr'>iucundius,</span> <span class='ocrx_word' id='word_1_265' title='bbox 399 1981 437 2013; x_wconf 89' lang='lat' dir='ltr'>et</span> <span class='ocrx_word' id='word_1_266' title='bbox 463 1981 644 2026; x_wconf 88' lang='lat' dir='ltr'>appareat</span> <span class='ocrx_word' id='word_1_267' title='bbox 670 1987 848 2026; x_wconf 83' lang='lat' dir='ltr'>sponsus,</span> <span class='ocrx_word' id='word_1_268' title='bbox 881 1976 943 2013; x_wconf 92' lang='lat' dir='ltr'>cui</span> <span class='ocrx_word' id='word_1_269' title='bbox 975 1974 1118 2012; x_wconf 88' lang='lat' dir='ltr'>dicitur</span> <span class='ocrx_word' id='word_1_270' title='bbox 1149 1976 1187 2012; x_wconf 92' lang='lat' dir='ltr'>in</span> <span class='ocrx_word' id='word_1_271' title='bbox 1220 1975 1357 2013; x_wconf 88' lang='lat' dir='ltr'>eodem</span> <span class='ocrx_word' id='word_1_272' title='bbox 1390 1986 1476 2013; x_wconf 84' lang='lat' dir='ltr'>can-</span> 
     </span>
    </p>
   </div>
   <div class='ocr_carea' id='block_1_8' title="bbox 146 2063 1477 2142">
    <p class='ocr_par' dir='ltr' id='par_1_8' title="bbox 146 2063 1477 2142">
     <span class='ocr_line' id='line_1_39' title="bbox 146 2063 1477 2142; baseline 0 -45"><span class='ocrx_word' id='word_1_273' title='bbox 146 2109 172 2141; x_wconf 74' lang='lat' dir='ltr'><strong>P</strong></span> <span class='ocrx_word' id='word_1_274' title='bbox 236 2066 273 2142; x_wconf 46' lang='lat'>³74,</span> <span class='ocrx_word' id='word_1_275' title='bbox 300 2064 419 2141; x_wconf 45' lang='lat' dir='ltr'>liccle.</span> <span class='ocrx_word' id='word_1_276' title='bbox 449 2068 479 2107; x_wconf 73' lang='lat'>7,</span> <span class='ocrx_word' id='word_1_277' title='bbox 506 2068 544 2106; x_wconf 82' lang='lat'>3;</span> <span class='ocrx_word' id='word_1_278' title='bbox 572 2068 602 2098; x_wconf 84' lang='lat'>5.</span> <span class='ocrx_word' id='word_1_279' title='bbox 656 2067 711 2107; x_wconf 87' lang='lat'>13)</span> <span class='ocrx_word' id='word_1_280' title='bbox 731 2064 782 2098; x_wconf 85' lang='lat' dir='ltr'>lb.</span> <span class='ocrx_word' id='word_1_281' title='bbox 811 2068 864 2107; x_wconf 83' lang='lat'>10,</span> <span class='ocrx_word' id='word_1_282' title='bbox 894 2068 935 2098; x_wconf 86' lang='grc'>16</span> <span class='ocrx_word' id='word_1_283' title='bbox 961 2075 1013 2107; x_wconf 87' lang='lat' dir='ltr'>sq.</span> <span class='ocrx_word' id='word_1_284' title='bbox 1064 2066 1122 2106; x_wconf 79' lang='grc'>26)</span> <span class='ocrx_word' id='word_1_285' title='bbox 1148 2063 1250 2098; x_wconf 86' lang='lat' dir='ltr'>Rom.</span> <span class='ocrx_word' id='word_1_286' title='bbox 1280 2067 1311 2105; x_wconf 88' lang='lat'>5,</span> <span class='ocrx_word' id='word_1_287' title='bbox 1337 2067 1368 2097; x_wconf 86' lang='lat'>5.</span> <span class='ocrx_word' id='word_1_288' title='bbox 1420 2064 1477 2105; x_wconf 81' lang='lat'>27)</span> 
     </span>
    </p>
   </div>
   <div class='ocr_carea' id='block_1_9' title="bbox 240 2235 676 2277">
    <p class='ocr_par' dir='ltr' id='par_1_9' title="bbox 240 2235 676 2277">
     <span class='ocr_line' id='line_1_40' title="bbox 240 2235 676 2277; baseline 0.002 -9"><span class='ocrx_word' id='word_1_289' title='bbox 240 2239 283 2269; x_wconf 73' lang='lat'>22</span> <span class='ocrx_word' id='word_1_290' title='bbox 311 2236 499 2270; x_wconf 78' lang='lat' dir='ltr'>celeritate</span> <span class='ocrx_word' id='word_1_291' title='bbox 524 2235 676 2277; x_wconf 78' lang='lat' dir='ltr'>RAFef</span> 
     </span>
    </p>
   </div>
   <div class='ocr_carea' id='block_1_10' title="bbox 1590 0 1611 1367">
    <p class='ocr_par' dir='ltr' id='par_1_10' title="bbox 1590 0 1611 1367">
     <span class='ocr_line' id='line_1_41' title="bbox 1590 0 1611 1146; baseline 0 108"><span class='ocrx_word' id='word_1_292' title='bbox 1590 0 1611 1146; x_wconf 88' lang='lat' dir='ltr'>l</span> 
     </span>
     <span class='ocr_line' id='line_1_42' title="bbox 1598 1262 1611 1367; baseline 0 -27"><span class='ocrx_word' id='word_1_293' title='bbox 1598 1262 1611 1367; x_wconf 55' lang='grc' dir='ltr'><strong>ς</strong></span> 
     </span>
    </p>
   </div>
  </div>
 </body>
</html>
