1611 2465
122 441 140 469 Ul

99 731 138 760 10

97 1022 137 1051 15

96 1603 138 1633 25

95 1894 138 1924 30

168 100 253 141 496
714 108 741 134 s.
762 108 979 135 AUGUSTINI

167 199 292 251 batur,
324 204 402 238 tam
430 199 619 236 fervidum
647 196 838 245 noctibus,
871 203 914 235 ut
946 209 1023 237 non
1056 203 1245 249 tangatur.
1308 197 1351 236 In
1383 197 1501 248 Epiro

167 257 283 296 alium
324 258 488 308 fontem,
526 258 565 294 in
605 268 680 306 quo
714 256 835 308 faces,
874 261 916 295 ut
947 257 987 294 in
1021 258 1180 307 ceteris,
1220 257 1502 306 extinguuntur

167 328 370 367 accensae,
411 315 497 366 sed,
536 326 612 352 non
644 320 687 352 ut
725 315 765 352 in
798 315 957 366 ceteris,
996 314 1264 353 accenduntur
1298 316 1500 353 extinctae.

166 374 357 412 Asbeston
390 372 574 411 Arcadiae
608 373 773 423 lapidem
805 378 1013 423 propterea
1045 374 1100 411 sic
1132 374 1273 425 vocari,
1307 372 1408 423 quod
1442 384 1501 410 ac-

169 444 310 471 census
344 432 462 469 semel
490 433 563 469 iam
591 443 667 469 non
701 433 824 482 possit
855 433 1040 482 extingui.
1102 430 1266 481 Lignum
1300 430 1502 469 cuiusdam

167 492 263 529 ficus
295 490 524 541 Aegyptiae,
556 502 634 527 non
667 495 709 528 ut
740 489 841 540 ligna
874 496 1002 528 cetera
1035 491 1073 528 in
1110 491 1219 540 aquis
1251 495 1402 541 natare,
1435 489 1502 527 sed

168 550 308 600 mergi3
351 554 406 599 et,
449 548 551 598 quod
591 552 649 586 est
687 547 920 600 mirabilius,
959 560 1046 586 cum
1085 550 1125 586 iu
1157 550 1234 586 imo
1267 548 1502 598 aliquamdiu

168 608 296 658 suerit,
328 607 417 645 inde
444 606 489 644 ad
517 619 637 656 aquae
665 607 912 657 superficiem
938 619 1076 645 rursus
1103 618 1316 658 emergere,
1349 605 1502 656 quando

167 666 427 704 madefactum
472 664 605 703 debuit
649 666 797 703 umoris
847 664 1019 715 pondere
1063 666 1321 716 praegravari.
1384 664 1504 702 Poma

164 726 204 762 in
243 730 348 762 terra
387 723 645 761 Sodomorum
684 724 788 774 gigni
828 723 983 773 quidem
1022 728 1060 761 et
1098 723 1143 761 ad
1183 724 1416 761 maturitatis
1449 723 1501 760 fa-

166 784 264 821 ciem
302 783 525 833 pervenire3
565 781 632 819 sed
670 794 803 819 morsu
844 793 1030 832 pressuve
1065 787 1249 832 temptata
1280 783 1321 819 in
1353 782 1502 819 fumum

166 853 208 879 ac
252 840 418 878 favillam
463 842 568 878 corio
614 840 816 878 fatiscente
856 851 1075 878 vanescere.
1137 839 1294 890 Pyriten
1336 839 1503 890 lapidem

164 899 368 937 Persic-um
400 900 570 936 tenentis
603 910 778 949 manum,
820 900 852 935 si
885 898 1152 936 vehementius
1184 903 1406 949 prematur,
1439 897 1501 935 ad-

165 970 299 1008 urere,
336 962 497 1007 propter
536 956 639 1007 quod
672 956 717 994 ab
756 958 843 1007 igne
883 968 1025 994 nomen
1063 958 1224 1007 accepit.
1285 956 1328 994 In
1369 955 1503 994 eadem

165 1016 325 1054 Perside
371 1017 475 1065 gigni
521 1017 635 1053 etiam
674 1014 839 1065 lapidem
878 1014 1085 1066 seleniten,
1131 1016 1242 1052 cuius
1274 1015 1503 1053 interiorem

166 1074 374 1112 eandorem
413 1085 500 1111 cum
539 1073 629 1111 luna
670 1085 848 1111 crescere
888 1079 1002 1123 atque
1043 1072 1220 1111 deficere.
1282 1072 1326 1110 In
1359 1072 1501 1123 Cappa-

167 1132 276 1170 docia
310 1133 424 1169 etiam
456 1136 572 1169 vento
606 1143 724 1181 equas
757 1133 980 1182 concipere,
1021 1131 1256 1181 eosdemque
1290 1131 1393 1169 fetus
1424 1142 1503 1169 non

166 1190 330 1241 amplius
370 1191 539 1227 triennio
578 1191 718 1227 vivere.
782 1189 903 1240 Tylon
941 1189 1071 1227 Indiae
1111 1189 1275 1227 insulam
1315 1201 1360 1227 eo
1392 1201 1501 1240 prae-

167 1249 262 1286 ferri
294 1250 435 1286 ceteris
467 1249 602 1299 terris,
642 1247 745 1297 quod
777 1249 902 1285 omnis
935 1247 1068 1298 arbor,
1102 1259 1199 1298 quae
1232 1249 1271 1286 in
1305 1259 1349 1286 ea
1380 1248 1502 1298 gigni-

166 1312 241 1358 tur,
274 1318 485 1356 numquam
519 1306 688 1344 nudatur
721 1307 888 1356 tegmine
922 1305 1114 1344 foliorum.

282 1364 334 1402 De
368 1365 428 1402 his
461 1371 574 1414 atque
609 1363 691 1401 aliis
724 1363 1072 1402 innumerabilibus
1106 1363 1366 1416 mirabilibus,
1404 1375 1502 1414 quae

164 1424 326 1462 historia
367 1434 442 1461 non
489 1423 681 1460 sactorum
726 1428 764 1460 et
801 1428 1106 1474 transactorum,
1152 1422 1219 1460 sed
1261 1423 1502 1460 manentium

164 1481 340 1519 locorum
367 1486 485 1532 tenet,
517 1481 612 1519 mihi
639 1486 768 1519 autem
801 1480 903 1519 aliud
935 1482 1064 1532 agenti
1096 1493 1139 1519 ea
1170 1482 1356 1532 persequi
1387 1481 1502 1518 nimis

165 1540 323 1590 longum
364 1545 439 1591 est,
481 1539 645 1577 reddant
683 1541 890 1589 rationem,
933 1540 965 1577 si
996 1545 1177 1590 possunt,
1218 1538 1394 1577 infideles
1425 1539 1501 1590 isti,

166 1600 231 1648 qui
264 1598 402 1636 nolunt
444 1597 582 1635 divinis
620 1597 760 1635 litteris
800 1597 977 1648 credere3
1017 1598 1108 1648 quid
1141 1597 1243 1636 aliud
1277 1609 1392 1648 quam
1423 1608 1502 1635 non

165 1662 347 1707 putantes
389 1668 453 1694 eas
492 1650 577 1694 esse
617 1656 782 1707 divinas,
823 1668 868 1694 eo
907 1656 1010 1706 quod
1042 1668 1106 1694 res
1137 1655 1304 1694 habeant
1334 1654 1500 1694 incredi-

166 1714 279 1761 biles,
319 1716 434 1752 sicuti
472 1714 545 1752 hoc
585 1719 643 1752 est
681 1714 783 1752 unde
826 1726 929 1752 nunc
962 1715 1122 1764 agimus.
1184 1713 1269 1752 Non
1302 1715 1405 1751 enim
1437 1712 1500 1752 ad-

166 1774 295 1824 mittit,
327 1774 522 1822 inquiunt,
554 1772 629 1811 ulla
655 1774 765 1824 ratio,
797 1777 841 1811 ut
873 1784 962 1810 caro
995 1773 1127 1811 ardeat
1158 1783 1230 1810 nec
1263 1770 1500 1823 absumatur,

165 1831 292 1869 doleat
324 1842 451 1880 neque
486 1832 693 1882 moriatur3
725 1832 1020 1869 ratiocinatores
1052 1830 1231 1869 vide-licet
1262 1833 1402 1882 magni,
1434 1830 1501 1880 qui

166 1889 212 1926 de
252 1888 432 1927 omnibus
472 1888 610 1940 rebus,
653 1901 746 1939 quas
785 1901 870 1927 esse
909 1888 1106 1927 mirabiles
1139 1893 1311 1939 constat,
1348 1888 1500 1939 possint

166 1947 329 1985 reddere
358 1948 557 1985 rationem.
607 1947 785 1985 Reddant
812 1959 902 1997 ergo
929 1946 975 1984 de
1002 1946 1074 1997 his,
1101 1958 1197 1997 quae
1223 1958 1345 1997 pauca
1370 1946 1498 1997 posui-

167 2017 269 2056 mus,
312 2017 409 2056 quae
447 2005 583 2056 procul
621 2005 738 2043 dubio
778 2006 810 2043 si
849 2017 932 2043 esse
973 2006 1171 2042 nescirent
1209 2009 1248 2042 et
1285 2016 1328 2042 ea
1370 2004 1499 2042 sutura

167 2075 251 2101 esse
286 2064 517 2115 diceremus,
549 2063 668 2102 multo
703 2064 829 2101 minus
863 2062 1080 2114 crederent,
1113 2074 1226 2113 quam
1260 2061 1363 2113 quod
1396 2073 1499 2100 nunc

263 2225 301 2255 12
330 2222 531 2256 fatescente
556 2221 592 2256 R
622 2224 633 2266 ΙΙ
663 2221 827 2265 Pyritem
852 2232 872 2255 v
903 2223 914 2265 ΙΙ
950 2225 990 2255 15
1018 2220 1195 2256 seleniten
1219 2220 1274 2262 Β,-
1300 2220 1497 2255 Selenitem

164 2269 276 2310 v1123
304 2268 412 2302 nimis
438 2279 504 2302 om.
532 2272 585 2310 Λ,-
611 2269 656 2310 cf.
684 2272 769 2310 502,
795 2271 845 2303 27
