1495 2489
151 106 172 145 1
183 105 235 146 12
701 112 728 138 s.
750 110 968 138 AUGUSTINI

148 203 330 242 dentibus
357 203 579 241 iudicantur
607 213 683 239 non
715 202 838 252 ipsius
870 213 955 239 esse
988 200 1198 251 credenda;
1231 201 1333 238 sicut.
1364 198 1483 238 multa

148 261 220 300 sub
254 260 477 300 nominibus
513 266 551 299 et
582 260 745 298 aliorum
778 259 1057 310 prophetarum
1089 264 1129 296 et
1159 259 1379 297 recentiora
1411 257 1483 296 sub

147 319 371 359 nominibus
420 318 684 370 apostolorum
725 317 772 356 al)
817 317 1024 356 haereticis
1067 317 1342 368 proferuntur,
1386 327 1483 366 quae

148 380 276 417 omnia
308 379 463 416 nomine
497 376 810 428 apocryphorum
842 376 888 414 ab
920 377 1151 414 auctoritate
1184 376 1369 414 canonica
1401 374 1484 412 dili-

101 447 121 477 5
148 439 255 488 genti
293 437 574 475 examinatione
614 441 761 473 remota
804 440 905 473 sunt.
973 434 1095 484 Igitur
1136 434 1351 472 secundum
1390 434 1484 471 scri-

152 501 288 546 pturas
309 495 515 532 canonicas
536 492 732 532 Hebraeas
753 499 867 543 atque
890 492 1127 531 Christianas
1148 492 1291 531 multos
1311 493 1485 542 gigantes

149 559 236 592 ante
270 552 457 591 diluvium
489 553 610 590 fuisse
642 564 719 590 non
752 551 913 590 dubium
946 556 1023 602 est,
1057 556 1095 589 et
1125 550 1196 589 hos
1228 551 1350 589 fuisse
1382 551 1485 588 cives

148 613 367 661 terrigenae
394 612 590 649 societatis
615 610 834 661 hominu'm3
867 610 936 648 Dei
961 615 1090 648 autem
1117 609 1227 661 filios,
1254 609 1321 659 qui
1347 620 1484 647 secun-

149 670 241 707 dum
279 681 435 707 carnem
474 669 520 707 de
554 668 647 707 Seth
679 670 880 719 propagati
911 674 1019 720 sunt,
1058 669 1098 706 in
1130 668 1228 705 hanc
1261 668 1487 705 societatem

83 738 122 768 10
149 727 304 766 deserta
329 729 477 766 iustitia
503 727 728 765 declinasse.
778 727 858 765 Nec
884 726 1105 764 mirandum
1131 731 1202 778 est,
1235 725 1339 776 qnod
1371 727 1487 764 etiam

149 786 195 825 de
236 788 331 837 ipsis
371 788 545 836 gigantes
586 787 693 824 nasci
733 790 957 836 potuerunt.
1029 784 1163 835 Neque
1205 786 1308 822 enim
1351 795 1486 822 omnes

148 846 336 897 gigantes,
368 844 435 882 sed
463 846 583 895 magis
610 844 720 882 multi
752 845 886 894 utique
919 849 1013 881 tunc
1046 844 1218 890 fuerunt,
1251 854 1366 893 quam
1397 847 1486 893 post

149 903 337 941 diluvium
367 902 610 953 temporibus
650 904 802 941 ceteris.
866 902 971 947 Quos
1003 907 1210 952 propterea
1242 913 1375 939 creare
1408 900 1485 951 pla-

149 963 231 1000 cuit
263 960 450 1012 Creatori,
481 967 524 999 ut
556 962 672 999 etiam
704 961 793 998 hinc
827 960 1102 998 ostenderetur
1134 971 1212 998 non
1245 959 1369 998 solum
1402 959 1485 1010 pul·

81 1031 122 1060 15
150 1020 415 1071 chritudines,
465 1031 601 1057 verum
651 1021 765 1057 etiam
816 1018 1103 1069 magnitudines
1154 1024 1193 1056 et
1235 1017 1486 1056 fortitudines

150 1090 361 1128 corporum
398 1090 475 1116 non
515 1079 642 1128 magni
674 1077 898 1127 pendendas
930 1089 1015 1114 esse
1049 1077 1230 1127 sapienti,
1275 1077 1340 1126 qui
1374 1076 1486 1126 spiri-

152 1136 290 1174 talibus
317 1142 431 1187 atque
458 1135 728 1174 inmortalibus
755 1136 868 1186 longe
901 1134 1126 1173 melioribus
1159 1140 1274 1184 atque
1307 1134 1486 1172 firmiori-

150 1194 223 1233 bus
250 1200 288 1233 et
314 1194 507 1232 bonorum
532 1195 714 1245 propriis,
748 1206 825 1231 non
856 1193 1049 1231 honorum
1083 1193 1351 1243 malorumque
1384 1204 1486 1230 com-

151 1252 333 1291 munibus
377 1252 622 1291 beatificatur
665 1252 788 1290 bonis.
860 1252 984 1297 Quam
1034 1263 1117 1289 rem
1158 1250 1255 1290 alius
1298 1250 1487 1301 propheta

79 1322 123 1352 20
151 1311 427 1349 commendans
459 1313 531 1350 ait:
570 1312 635 1349 Ibi
660 1310 831 1359 fuerunt
858 1313 1044 1358 qiyanles
1084 1312 1142 1348 illi
1172 1311 1381 1357 nominati,
1419 1311 1490 1357 qui

151 1371 200 1407 ab
234 1372 345 1408 initio
381 1369 550 1418 fuerunt
586 1372 794 1416 staturosi,
832 1371 1001 1407 scientes
1029 1370 1237 1417 proelium.
1300 1369 1387 1406 Non
1418 1369 1486 1406 hos

150 1431 269 1476 eleqit
300 1429 500 1475 Dominus,
533 1440 606 1466 nec
639 1429 741 1465 viam
771 1429 963 1466 scientiae
996 1428 1104 1465 dedit
1136 1428 1233 1471 illis;
1263 1427 1335 1465 sed
1365 1428 1485 1465 inter-

151 1489 299 1534 ierunt,
344 1489 439 1534 qnia
478 1498 554 1525 non
592 1487 819 1524 habueram
858 1487 1112 1534 sapienliam,
1152 1487 1367 1534 perierunt
1391 1495 1486 1533 pro—

146 1550 238 1593 pter
271 1546 666 1584 inconsiderantiam.

80 1708 124 1738 25
646 1692 801 1735 CAPUT
827 1692 981 1734 XXIV.

189 1781 271 1826 Quo
303 1780 415 1817 modo
449 1779 754 1826 intelleqendnm
785 1780 853 1826 sit,
887 1778 994 1825 quod
1023 1778 1073 1816 de
1104 1779 1179 1824 eis,
1211 1779 1282 1824 qui
1311 1778 1459 1814 diluvio

281 1838 485 1887 perdendi
515 1841 643 1883 erant,
677 1837 868 1874 Dominus
900 1837 1072 1873 dixerit:
1105 1835 1240 1873 Erunt
1271 1836 1354 1873 dies

506 1905 641 1933 eorum
674 1899 830 1932 centum
862 1896 1004 1941 zviqinti
1034 1895 1141 1930 anni.

272 1977 383 2022 Quod
423 1982 553 2014 autem
591 1975 686 2013 dixit
718 1974 838 2013 Deus:
877 1975 1009 2012 Erunt
1048 1975 1131 2012 dies
1163 1984 1301 2011 eorum
1333 1978 1489 2012 centum

83 2046 127 2076 30
155 2038 296 2084 viginti
326 2037 440 2082 (mni,
479 2046 555 2072 non
596 2035 650 2071 sic
683 2033 953 2083 accipiendum
985 2037 1061 2084 est,
1100 2032 1210 2082 quasi
1240 2032 1488 2082 praenuntia·

248 2127 306 2168 24)
334 2124 413 2158 Bar.
442 2128 473 2165 3,
501 2128 544 2158 26
571 2134 647 2167 sqq.
700 2125 757 2165 30)
784 2121 871 2156 Gen.
900 2125 932 2164 6,
959 2124 990 2155 3.

251 2232 292 2263 15
324 2228 435 2263 etiam
467 2239 555 2269 mss;
587 2227 699 2261 etiam
725 2229 761 2261 et
792 2238 812 2260 v
849 2227 860 2270 ΙΙ
898 2230 940 2260 22
968 2225 1031 2260 sed
1065 2225 1210 2259 VRAF
1230 2225 1400 2266 (Graeca
1426 2224 1490 2258 καὶ

155 2273 379 2317 &nonomen
406 2277 444 2309 et
468 2277 581 2319 ’111129
608 2274 755 2308 illorum
790 2273 835 2306 V¹
