1548 2562
431 181 482 205 DE
504 180 691 205 CIVITATE
710 180 780 205 Dm
799 180 830 205 L.
850 180 950 205 ΧΧΠ.
971 179 999 205 o.
1020 181 1061 205 29.
1335 170 1418 211 629

91 269 287 320 Numquid
326 281 418 320 ergo
457 281 599 319 corpus
637 268 768 320 habet,
806 280 876 319 per
915 269 1025 306 cuius
1057 267 1190 306 oculos
1222 279 1265 306 ea
1296 269 1420 318 possit

91 325 319 366 addiscere?
367 327 513 365 Deinde
545 326 648 377 quod
680 326 726 365 de
758 326 946 377 propheta
977 325 1153 364 Helisaeo
1184 325 1298 377 paulo
1331 331 1419 364 ante

92 387 276 437 diximus,
314 398 442 424 nonne
476 386 568 423 satis
606 384 750 423 indicat
782 387 898 423 etiam
929 386 1085 436 spiritu,
1124 396 1201 422 non
1232 396 1303 435 per
1336 396 1419 422 cor-

89 457 184 497 pus,
228 444 442 495 corporalia
486 455 600 494 posse
639 440 775 481 cerni?
837 442 997 488 Quando
1036 444 1139 481 enim
1180 455 1315 481 servus
1355 442 1419 481 ille

90 515 252 541 munera
284 503 450 554 accepit,
482 503 616 552 utique
650 500 903 552 corporaliter
935 507 1088 552 gestum
1120 506 1198 552 est,
1231 501 1333 552 quod
1365 506 1419 539 ta-

90 573 179 599 men
224 560 413 612 propheta
456 572 533 598 non
570 571 642 610 per
679 571 838 611 corpus,
882 560 949 598 sed
987 572 1057 610 per
1095 560 1275 610 spiritum
1316 559 1419 598 vidit.

93 619 202 657 Sicut
243 631 334 669 ergo
374 624 525 657 constat
563 629 726 669 corpora
764 617 886 656 videri
925 619 1085 669 spiritu,
1129 617 1219 668 quid
1253 619 1285 656 si
1317 623 1421 656 tanta

91 679 166 715 erit
208 678 380 728 potentia
425 676 608 727 spiritalis
647 677 841 728 corporis,
885 682 928 714 ut
966 688 1128 726 corpore
1167 675 1343 714 videatur
1383 682 1422 714 et

91 733 281 787 spiritus?
337 734 505 786 Spiritus
539 736 641 772 enim
674 741 733 773 est
765 734 878 773 Deus.
939 734 1084 772 Deinde
1117 735 1231 772 vitam
1265 734 1420 784 quidem

92 806 213 845 suam,
245 806 320 844 qua
346 805 449 832 nunc
476 794 566 831 vivit
598 794 637 830 in
669 805 832 844 corpore
865 799 903 831 et
934 792 1027 831 haec
1060 798 1216 830 terrena
1249 791 1422 830 membra

91 857 243 902 vegetat
284 852 451 902 facitque
498 852 685 903 viventia,
728 852 913 889 interiore
956 863 1074 890 sensu
1115 851 1301 902 quisque,
1344 862 1422 889 non

90 922 161 961 per
193 922 402 961 corporeos
435 909 567 948 oculos
600 911 722 961 novit;
754 909 916 948 aliorum
949 922 1040 948 vero
1072 910 1186 959 vitas,
1225 921 1314 947 cum
1346 910 1423 947 sint

91 968 323 1020 invisibiles,
360 980 431 1019 per
469 979 612 1018 corpus
644 968 757 1006 videt.
818 967 914 1006 Nam
946 968 1048 1006 unde
1081 968 1245 1005 viventia
1278 967 1421 1005 discer-

92 1028 221 1065 nimus
254 1038 274 1064 a
306 1038 383 1064 non
411 1025 626 1064 viventibus
653 1038 828 1077 corpora,
860 1027 934 1064 nisi
968 1037 1131 1076 corpora
1165 1025 1279 1064 simul
1312 1027 1421 1064 vitas-

92 1097 166 1136 que
210 1085 427 1136 videamus,
471 1096 565 1134 quas
603 1085 677 1122 nisi
713 1096 784 1135 per
824 1096 966 1135 corpus
1004 1084 1135 1122 videre
1176 1096 1253 1122 non
1286 1096 1420 1134 possu-

92 1141 207 1182 mus?
267 1142 371 1182 Vitas
410 1147 538 1181 autem
580 1144 662 1180 sine
696 1141 927 1193 corporibus
960 1144 1159 1193 corporeis
1192 1142 1314 1180 oculis
1347 1154 1423 1180 non

94 1201 277 1240 videmus.

210 1259 332 1305 Quam
364 1259 412 1297 ob
452 1271 535 1297 rem
567 1260 652 1298 fieri
682 1264 811 1309 potest
842 1259 1027 1310 valdeque
1061 1259 1245 1298 credibile
1278 1264 1337 1298 est
1369 1260 1423 1297 sic

93 1330 163 1356 nos
202 1319 355 1356 visuros
394 1317 587 1356 mundana
626 1329 788 1368 corpora
825 1323 917 1355 tunc
957 1317 1052 1356 caeli
1090 1320 1178 1355 novi
1217 1323 1255 1356 et
1296 1323 1423 1356 terrae

93 1388 234 1428 novae,
278 1381 321 1414 ut
363 1375 486 1414 Deum
530 1375 673 1426 ubique
717 1381 962 1426 praesentem
1007 1381 1045 1414 et
1084 1377 1264 1414 universa
1309 1377 1423 1414 etiam

94 1433 309 1485 corporalia
346 1433 629 1484 gubernantem
666 1446 736 1485 per
777 1446 940 1485 corpora
982 1446 1078 1484 quae
1117 1433 1354 1484 gestabimus
1386 1439 1425 1472 et

96 1504 193 1543 quae
221 1494 517 1544 conspiciemus,
550 1504 703 1542 quaqua
728 1504 883 1530 versum
915 1492 1048 1530 oculos
1080 1492 1317 1543 duxerimus,
1349 1492 1425 1530 cla-

94 1552 246 1589 rissima
277 1552 554 1602 perspicuitate
590 1550 803 1602 videamus,
842 1563 919 1588 non
953 1552 1053 1589 sicut
1085 1563 1188 1589 nunc
1220 1550 1426 1588 invisibilia

95 1608 164 1647 Dei
196 1621 266 1660 per
299 1621 360 1661 ea,
398 1621 495 1659 quae
529 1610 628 1648 sacta
660 1615 771 1660 sunt,
802 1609 996 1647 intellecta
1029 1610 1324 1659 conspiciuntur
1355 1621 1425 1659 per

95 1667 298 1718 speculum
337 1669 377 1705 in
421 1669 635 1718 aenigmate
674 1673 712 1705 et
749 1680 795 1705 ex
833 1674 965 1719 parte,
1009 1667 1075 1706 ubi
1114 1667 1201 1718 plus
1241 1668 1280 1705 in
1314 1666 1425 1705 nobis
1478 1676 1490 1682 ”

96 1725 196 1764 valet
226 1725 339 1777 fides,
378 1737 452 1776 qua
484 1726 696 1778 credimus,
738 1737 852 1776 quam
884 1738 1015 1764 rerum
1049 1725 1307 1777 corporalium
1341 1737 1424 1776 spe-

96 1785 193 1835 cies,
237 1795 352 1834 quam
388 1796 459 1834 per
502 1783 635 1823 oculos
676 1786 872 1822 cernimus
914 1783 1145 1835 corporales.
1210 1783 1283 1821 Sed
1327 1785 1427 1822 sicut

96 1841 295 1893 homines,
331 1843 433 1879 inter
472 1854 568 1892 quos
606 1843 779 1880 viventes
816 1848 1022 1892 motusque
1055 1842 1189 1880 vitales
1222 1848 1426 1880 exerentes

97 1901 281 1951 vivimus,
314 1912 402 1937 mox
434 1905 477 1938 ut
509 1901 734 1952 aspicimus,
765 1913 843 1939 non
876 1901 1069 1938 eredimus
1102 1902 1241 1952 vivere,
1274 1900 1341 1938 sed
1374 1901 1424 1938 vi-

98 1958 252 2009 demus,
284 1970 373 1996 cum
405 1970 540 1996 eorum
573 1960 687 1997 vitam
720 1959 802 1997 sine
836 1958 1065 2009 corporibus
1097 1958 1226 1996 videre
1260 1970 1425 2009 nequea-
1457 1980 1464 1983 -

98 2027 204 2067 mus,
242 2028 357 2067 quam
395 2022 523 2054 tamen
561 2018 600 2055 in
640 2018 695 2055 eis
731 2029 802 2068 per
840 2029 1003 2067 corpora
1035 2022 1183 2055 remota
1215 2019 1319 2054 omni
1351 2028 1425 2054 am-

98 2073 283 2123 biguitate
334 2076 612 2125 conspicimus:
652 2076 705 2114 ita
761 2087 1004 2126 quacumque
1044 2074 1228 2126 spiritalia
1269 2074 1331 2112 illa
1372 2075 1426 2113 lu-

99 2133 200 2170 mina
243 2144 450 2183 corporum
499 2139 723 2171 nostrorum
768 2134 1109 2185 circumferemus,
1147 2134 1428 2184 incorporeum

193 2223 250 2263 25)
276 2220 379 2255 Rom.
408 2225 439 2264 1,
466 2225 510 2255 20
538 2223 574 2256 ei:
601 2226 630 2256 1.
657 2220 737 2256 Cor.
768 2226 819 2264 13,
848 2226 901 2257 12.

195 2340 237 2371 19
261 2347 327 2371 nos
352 2336 406 2378 Β,-
431 2348 496 2371 nos
522 2347 600 2372 esse
626 2337 682 2372 Av

1450 802 1490 832 10

1452 1094 1491 1124 15
