1548 2562
417 139 468 163 DE
488 139 675 164 CIVITATE
695 139 765 164 DEI
783 140 816 164 L.
836 140 933 164 XVII.
953 139 983 164 c.
1004 141 1029 164 4.
1312 129 1397 170 203

46 240 211 274 ,novum
244 240 288 266 ac
320 229 621 280 sempiternum,
655 230 720 278 qui
752 234 811 266 est
843 228 1019 266 Christus
1053 228 1171 266 [esus.
1232 227 1328 265 Nam
1360 234 1398 266 et

68 286 165 324 Heli·
205 287 404 325 sacerdote
454 286 661 336 reprobato
712 286 949 325 substitutus
993 288 1031 324 in
1076 286 1145 324 Dei
1197 288 1398 324 servitium

70 345 226 383 Samuel
252 345 367 383 simul
393 344 520 382 officio
548 345 706 382 functus
733 345 944 383 sacerdo-[is
972 350 1009 382 et
1035 345 1185 396 iudicis,
1218 350 1257 382 et
1283 343 1397 382 Saule

68 403 219 441 abiecto
252 415 321 441 rex
354 402 473 441 David
505 403 688 441 fundatus
719 404 760 441 in
791 415 911 453 regno
943 403 1016 441 hoc
1049 403 1152 454 quod
1184 402 1269 441 dico
1303 404 1396 453 figu-

68 467 262 500 raverunt.
324 461 445 499 Mater
477 473 630 511 quoque
663 463 745 511 ipsa
778 461 967 499 Samuelis
999 461 1126 513 Anna,
1158 473 1255 512 quae
1288 463 1397 512 prius
1424 469 1443 500 5

69 520 142 558 fuit
173 519 317 558 sterilis
356 525 393 558 et
430 521 647 570 posteriore
680 519 917 568 fecunditate
949 520 1084 558 laetata
1118 525 1193 571 est,
1230 520 1396 571 prophe-

68 584 149 616 tare
188 577 289 616 aliud
329 590 407 616 non
440 577 608 630 videtur,
647 590 735 616 cum
767 578 1061 628 gratulationem
1095 590 1203 631 suam
1235 578 1397 617 Domino

68 637 195 675 fundit
220 636 410 687 exultans,
442 636 594 687 quando
622 636 788 675 eundem
814 648 980 687 puerum
1006 642 1138 675 natum
1165 643 1203 675 et
1235 637 1397 676 ablacta-

69 701 150 734 tum
182 694 261 733 Deo
293 695 420 734 reddit
452 694 585 733 eadem
616 696 780 747 pietate,
812 707 885 745 qua
918 700 1083 733 voverat.
1146 695 1246 734 Dicit
1277 697 1398 734 enim:

72 755 354 800 Confirmcttum
394 758 452 792 est
491 765 563 792 eor
607 765 734 792 meum
777 756 816 791 in
856 755 1042 801 Domino,
1081 756 1301 792 exaltatum
1341 760 1399 793 est
1425 763 1467 793 10

66 824 233 852 cornum
264 824 391 851 meum
432 814 472 850 in
504 812 587 851 Deo
618 824 712 851 meo.
775 813 995 850 Dilatdtum
1027 817 1085 850 est
1113 824 1234 860 super
1267 815 1393 851 inimi-

67 883 134 910 cos
164 882 268 909 meos
306 883 348 909 os
378 882 521 918 meum,
560 873 709 909 laetata
747 882 832 908 sum
872 873 911 909 in
943 873 1119 908 salutari
1148 876 1224 909 tuo.
1293 872 1393 917 Quo-

67 932 175 968 niam
213 941 291 968 non
330 935 387 968 est
416 934 578 968 sanctus
599 931 719 967 sicut
750 930 960 976 Dominus,
1005 934 1041 967 et
1073 940 1150 967 non
1183 934 1241 968 est
1272 932 1397 968 iustus

65 990 171 1026 sieut
207 988 314 1026 Deus
350 993 505 1032 nostem
542 999 619 1026 non
664 994 720 1026 est
756 994 919 1025 sanctus
951 992 1120 1036 praeter
1160 992 1207 1026 te.
1271 989 1398 1027 Nolite

63 1049 240 1095 qloriari
275 1051 313 1084 et
348 1049 468 1084 nolite
507 1048 616 1093 loqui
646 1048 823 1093 excelsa,
862 1058 989 1093 neque
1015 1048 1215 1094 procedat
1243 1050 1394 1094 moroni·
1427 1044 1467 1086 15

15 1103 21 1108 '
66 1107 239 1153 loquium
272 1106 320 1142 de
351 1116 421 1143 ore
453 1109 592 1143 vestro.
661 1106 854 1150 Quoniam
887 1105 993 1142 Deus
1024 1106 1288 1143 scientiarum
1321 1106 1396 1144 Do—

67 1166 225 1210 minus,'
251 1168 289 1201 et
320 1164 426 1201 Deus
463 1174 720 1211 praeparans
751 1165 1051 1201 adinventiones
1081 1175 1185 1201 suas.
1248 1162 1407 1202 Arcum

62 1224 280 1271 potentium
302 1221 403 1270 fecit
428 1224 638 1268 infirmum,
670 1228 708 1260 et
734 1224 909 1268 infirmes
935 1224 1166 1270 praecineti
1195 1228 1288 1260 sunt
1319 1225 1396 1261 vir-

67 1287 158 1319 tute.
222 1281 337 1319 Pleni
360 1281 536 1329 panibus
573 1282 763 1318 minorati
796 1285 904 1327 sunt,
945 1286 983 1318 et
1014 1283 1234 1318 esurientes
1265 1286 1394 1319 trans-

66 1341 200 1378 ierunt
238 1343 400 1377 terram.
481 1340 584 1385 Quia
621 1340 769 1376 sterilis
803 1340 962 1387 peperit
1002 1344 1164 1387 septem,
1207 1344 1245 1377 et
1275 1342 1397 1378 multa
1424 1347 1498 1379 20‘

68 1400 109 1436 in
142 1400 238 1444 filiis
280 1399 484 1443 infirmata
521 1402 589 1435 est.
651 1397 841 1435 Dominus
881 1399 1097 1443 mortificat
1134 1402 1172 1435 et
1211 1400 1398 1450 vivificat,

68 1458 231 1495 deducit
267 1457 322 1494 ad
359 1455 509 1503 inferos
547 1460 584 1494 et
615 1457 783 1494 reducit.
846 1456 1038 1493 Dominus
1065 1468 1266 1504 pauperes
1294 1456 1399 1504 facit

68 1520 117 1553 et.
131 1516 242 1565 ditat,
276 1515 459 1552 humiliat
484 1520 521 1552 et
546 1517 709 1552 exaltat.
772 1514 950 1552 Suscitat
981 1526 1006 1551 a
1038 1519 1150 1552 terra
1178 1527 1398 1563 pauperem

67 1579 106 1612 et
143 1575 191 1612 de
228 1577 408 1611 stercore
440 1575 559 1620 eriqit
593 1575 767 1621 inopem,
808 1578 852 1610 ut
883 1574 1061 1615 conlocet
1091 1584 1180 1610 eum
1211 1585 1300 1611 cum
1328 1585 1397 1622 po-

67 1633 238 1670 tentibus
264 1633 418 1680 populi,
457 1636 494 1669 et
524 1633 654 1669 sedem
693 1632 850 1677 qloricte
887 1632 1148 1669 hereditatem
1186 1633 1287 1669 dans
1318 1634 1374 1670 eis
1385 1647 1399 1677 ;
1424 1641 1468 1671 25

69 1692 170 1728 dans
210 1695 339 1727 votum
371 1691 541 1741 voventi,
581 1694 619 1727 et
655 1690 861 1727 benedixit
898 1701 1023 1727 annos
1063 1691 1172 1738 iusti,
1212 1693 1398 1738 quoniam

68 1760 145 1787 non
179 1751 218 1786 in
250 1749 396 1786 virtute
423 1752 562 1796 potens
594 1752 653 1785 est
685 1749 756 1785 vir.
821 1748 1012 1786 Dominus
1044 1750 1243 1794 infirmum
1271 1748 1399 1797 faciet

68 1808 348 1845 adversarium
373 1818 497 1855 suum,
531 1806 721 1844 Dominus
745 1811 918 1844 sanctus.
971 1807 1057 1844 Non
1079 1809 1278 1854 glorietur
1299 1820 1397 1856 pru—

67 1867 165 1904 dens
191 1867 231 1903 in
252 1866 472 1913 prudentia
502 1876 588 1912 sua,
620 1869 658 1903 et
688 1876 765 1902 non
794 1867 993 1912 qlorietur
1020 1870 1160 1913 potens
1192 1868 1233 1903 in
1259 1871 1397 1914 poten—

161 2027 181 2057 2
214 2023 273 2057 dei
305 2023 494 2057 seruitium
525 2023 561 2057 R
591 2026 667 2065 (37,
698 2027 740 2064 5‚·
772 2024 837 2059 vol.
865 2024 911 2065 Ι,
936 2026 1018 2064 315,
1044 2027 1124 2066 19)‚·
1156 2024 1398 2059 ministerium

66 2081 87 2104 υ
112 2072 124 2114 ΙΙ
150 2074 170 2104 3
196 2069 356 2104 officium
381 2070 458 2103 AF
491 2071 503 2113 ΙΙ
540 2075 559 2104 9
586 2069 746 2104 reddidit
771 2070 891 2114 AFay
926 2072 938 2114 ΙΙ
978 2075 1020 2104 10
1046 2070 1248 2104 exaltatum
1273 2071 1308 2105 R
1333 2083 1397 2107 see.

69 2116 212 2160 Graee.;
245 2118 282 2151 et
313 2117 422 2151 exalt.
454 2116 550 2150 AFv
588 2119 599 2160 ΙΙ
638 2121 677 2151 11
712 2128 862 2151 cornum
894 2116 1008 2150 ΒΑΕ
1036 2117 1152 2157 (Neue
1181 2118 1207 2151 I
1226 2129 1264 2161 p.
1292 2121 1397 2162 356);

68 2174 180 2198 cornu
205 2175 224 2197 v
245 2165 257 2208 u
279 2167 319 2197 12
347 2174 385 2198 os
411 2174 533 2197 meum
559 2174 667 2208 super
699 2164 747 2198 in.
773 2176 820 2198 m.
847 2166 880 2197 A
907 2174 970 2198 see.
997 2164 1072 2197 cod.
1098 2165 1200 2198 Alex.
1222 2166 1233 2208 ΙΙ
1255 2168 1295 2199 15
1321 2166 1398 2209 glo-

66 2210 154 2244 riari
184 2210 321 2253 RAbef
345 2213 453 2252 (205,
484 2214 572 2253 20),·
604 2210 754 2254 gloriari
786 2211 940 2255 superbe
966 2221 985 2244 υ
1022 2212 1034 2254 ΙΙ
1073 2214 1114 2244 18
1141 2211 1300 2246 infirmes
1325 2212 1398 2246 ΗΑ

66 2257 182 2297 (Neue
196 2257 296 2301 IIp.
311 2260 394 2300 95);
418 2256 553 2303 infirmi
577 2268 597 2291 υ
616 2259 628 2301 ΙΙ
648 2261 691 2291 24
718 2257 944 2301 principibus
969 2256 1024 2298 R‚·
1050 2258 1110 2291 sed
1135 2258 1177 2300 cf.
1205 2261 1294 2301 208,
1320 2263 1366 2294 21
1388 2260 1399 2305 Η

69 2308 112 2338 28
138 2304 259 2348 suum]
287 2303 363 2338 eius
389 2303 428 2337 F
449 2306 552 2346 (209,
577 2306 599 2339 5
623 2308 712 2348 sqq.)
