1611 2465
69 816 110 845 10

70 1132 111 1162 15

69 1717 113 1747 25

70 2009 114 2039 30

142 63 226 103 372
325 111 328 113 Α
686 73 713 98 s,
733 72 952 99 AUGUSTINI

141 161 330 200 dicendus
357 168 428 213 est,
460 167 503 200 ut
529 162 679 200 facilius
706 162 752 200 ab
780 161 960 200 omnibus
986 164 1110 213 possit
1142 162 1325 213 intellegi.
1382 163 1481 202 Tan-

140 226 222 259 tum
262 226 321 259 est
360 223 462 258 enim
501 222 607 271 pacis
646 220 810 269 honum,
849 226 893 258 ut
931 222 1046 259 etiam
1088 223 1126 259 in
1159 221 1278 260 rebus
1311 223 1480 260 terrenis

139 285 255 329 atque
283 279 511 317 mortalibus
539 278 633 317 nihil
659 280 808 329 gratius
834 279 956 317 soleat
988 279 1126 332 audiri,
1158 280 1252 318 nihil
1285 279 1480 319 desidera-

140 337 256 375 bilius
298 339 545 389 concupisci,
587 337 682 375 nihil
723 343 922 388 postremo
960 339 1084 389 possit
1122 338 1260 376 melius
1284 340 1481 377 inveniri.

141 396 193 433 De
214 408 297 446 quo
326 398 357 438 si
384 395 580 446 aliquanto
607 396 754 434 diutius
789 396 895 446 loqui
928 396 1178 448 voluerimus,
1211 409 1288 435 non
1321 398 1481 448 erimus,

141 460 354 505 quantum
370 453 561 508 arbitr,or
605 456 761 493 oneiosi
804 454 1045 506 legentibus,
1086 462 1125 493 et
1162 461 1323 506 propter
1364 456 1480 493 finem

140 514 307 551 ‹ivitatis
334 512 463 565 huius,
495 513 542 551 de
575 525 650 564 qua
683 513 795 551 nobis
827 525 956 551 sermo
990 519 1060 561 est,
1093 519 1132 552 et
1162 519 1326 565 propter
1358 515 1481 586 ipsam

139 571 386 609 dulcedinem
417 573 542 624 pacis,
575 584 672 622 quae
705 571 886 610 omnihus
919 583 1007 610 cara
1040 578 1110 611 est.

670 719 828 762 CAPUT
860 719 954 761 XII.
969 694 974 699 ι

144 807 261 853 Quod
296 808 415 845 etiam
454 807 684 845 bellantium
726 807 895 844 saevitia
933 817 1145 854 omnesque
1180 807 1380 845 hominum
1421 809 1479 845 in-

138 867 390 913 quietudines
417 867 473 903 ad
499 867 617 914 pacis
644 867 765 911 finem
797 866 965 913 cupiant
990 867 1216 913 pervenire,
1248 867 1334 904 sine
1365 867 1482 904 cuius

511 926 689 972 appetitu
722 925 833 962 nulla
865 927 1017 983 natura
1048 925 1109 961 sit.

256 1006 367 1051 Quod
396 1017 549 1043 mecum
576 1006 754 1055 quisquis
780 1017 844 1042 res
870 1004 1059 1042 humanas
1092 1010 1349 1055 naturamque
1376 1017 1479 1044 com-

140 1077 297 1103 munem
330 1070 544 1114 utcumque
570 1065 747 1101 intuetur
779 1065 972 1114 agnoscit3
1005 1064 1107 1101 sicut
1138 1065 1241 1101 enim
1274 1075 1389 1102 nemo
1421 1069 1481 1102 est

139 1125 205 1174 qui
238 1123 407 1173 gaudere
446 1122 561 1173 nolit,
599 1123 649 1160 ita
691 1133 805 1160 nemo
839 1127 898 1160 est
930 1123 995 1171 qui
1029 1133 1163 1172 pacem
1197 1121 1340 1160 habere
1373 1122 1479 1160 nolit.

139 1182 301 1227 Quando
328 1181 485 1232 quidem
513 1187 551 1219 et
576 1181 663 1231 ipsi,
695 1182 761 1230 qui
792 1179 891 1218 bella
924 1180 1069 1231 volunt,
1101 1180 1195 1218 nihil
1228 1180 1330 1218 aliud
1364 1192 1480 1231 quam

139 1242 294 1278 vincere
327 1240 479 1291 volunt,
512 1239 556 1276 ad
591 1238 797 1289 gloriosam
832 1238 924 1289 ergo
950 1250 1085 1289 pacem
1111 1238 1290 1277 bellando
1317 1240 1481 1290 cupiunt

138 1300 354 1351 pervenire.
416 1297 510 1336 Nam
545 1297 636 1347 quid
670 1303 729 1335 est
760 1297 861 1335 aliud
894 1298 1054 1334 victoria
1088 1298 1162 1335 nisi
1195 1297 1386 1335 subiectio
1419 1309 1478 1335 re-

138 1354 424 1409 pugnantium?
465 1356 568 1406 quod
611 1367 699 1393 cum
742 1356 885 1393 sactum
927 1356 1067 1407 fuerit,
1107 1367 1179 1406 pax
1221 1357 1306 1394 erit.
1368 1355 1480 1394 Pacis

138 1418 257 1466 igitur
289 1416 506 1453 intentione
538 1420 731 1465 geruntur
763 1420 801 1452 et
832 1413 943 1465 bella,
975 1412 1021 1451 ab
1054 1413 1114 1451 his
1147 1415 1274 1462 etiam,
1306 1416 1373 1464 qui
1405 1416 1478 1452 vir-

138 1480 261 1513 tutem
306 1473 482 1511 bellicam
534 1473 692 1511 student
743 1483 926 1510 exercere
978 1472 1206 1522 imperando
1250 1479 1366 1523 atque
1410 1485 1478 1524 pu-

138 1533 303 1582 gnando.
372 1531 481 1570 Unde
513 1543 649 1582 pacem
682 1536 835 1569 constat
866 1530 957 1569 belli
990 1543 1075 1568 esse
1108 1531 1317 1581 optabilem
1350 1531 1478 1569 finem.

139 1591 275 1629 Omnis
326 1592 430 1628 enim
480 1590 596 1628 homo
647 1591 761 1628 etiam
805 1589 1069 1639 belligerando
1112 1601 1248 1640 pacem
1292 1591 1476 1641 requirit3

140 1662 253 1688 nemo
287 1654 416 1687 autem
449 1648 594 1686 hellum
634 1647 884 1698 pacificando
946 1647 1041 1685 Nam
1075 1653 1114 1686 et
1145 1647 1200 1686 illi
1233 1650 1299 1698 qui
1331 1660 1479 1699 pacem,

139 1710 177 1746 in
212 1720 285 1758 qua
319 1713 427 1759 sunt,
466 1706 687 1757 perturbari
720 1706 871 1754 volunt,
910 1718 987 1744 non
1020 1718 1156 1757 pacem
1188 1706 1377 1758 oderunt,
1411 1706 1497 1744 sed'

139 1778 224 1804 eam
262 1778 333 1817 pro
372 1765 643 1803 arbitriosuo
683 1766 847 1815 cupiunt
884 1767 1126 1803 commutari.
1188 1764 1272 1803 Non
1312 1768 1404 1815 ergo
1436 1770 1481 1803 ut
1540 1785 1547 1792 -

139 1827 190 1863 sit
220 1837 293 1876 pax
326 1824 476 1875 nolunt,
508 1823 574 1861 sed
594 1829 652 1861 'ut
683 1836 726 1861 ea
759 1825 809 1861 sit
841 1834 955 1873 quam
989 1820 1133 1863 volunt.
1197 1822 1372 1873 Denique
1405 1824 1477 1861 etsi

139 1895 209 1934 per
253 1883 484 1921 seditionem
528 1894 569 1919 se
615 1881 660 1919 ab
705 1881 789 1919 aliis
833 1883 1120 1933 separaverint,
1159 1893 1247 1919 cum
1288 1883 1343 1919 eis
1382 1882 1478 1932 ipsis

139 1943 373 1992 conspiratis
399 1940 458 1978 vel
484 1941 697 1978 coniuratis
723 1941 810 1978 ‚suis
843 1941 917 1977 nisi
949 1939 1274 1990 qualemcumque
1307 1941 1477 1990 speciem

140 2001 245 2051 pacis
291 2004 472 2050 teneant,
521 2010 598 2036 non
635 1999 818 2042 ,efficiunt
867 1997 969 2048 quod
1014 1998 1234 2036 intendunt.
1308 1998 1477 2036 Proinde

139 2058 311 2096 latrones
349 2059 443 2109 ipsi,
488 2062 531 2095 ut
570 2056 836 2094 vehementius
875 2055 915 2094 et
952 2057 1075 2094 tutius
1114 2057 1245 2094 infesti
1284 2058 1362 2094 sint
1392 2058 1478 2107 paci

235 2198 277 2227 13
309 2204 357 2237 sq.
391 2194 489 2236 quod
520 2204 664 2232 meeum
698 2219 704 2226 .
738 2221 744 2227 .
779 2192 874 2226 sicul:
905 2192 1001 2226 enim
1033 2203 1140 2227 nemo
1166 2191 1222 2234 R,·
1254 2192 1353 2236 quod
1380 2192 1498 2227 enim·

139 2252 280 2275 mecum
310 2268 316 2275 .
345 2269 351 2275 .
379 2241 474 2275 sicut
498 2251 604 2274 nemo
631 2239 814 2274 ALParsr.
841 2241 884 2282 (‘?)
909 2250 930 2273 v
