1495 2489
18 718 59 748 10

18 1009 58 1039 15

17 1300 60 1331 20

17 1592 59 1622 25

17 1883 60 1913 30

89 86 171 128 136
634 95 660 121 s.
680 96 897 122 AUGts'rm1

87 187 165 223 sive
199 197 337 223 sonum
371 186 449 222 sive
483 184 654 235 qualibet
684 186 738 236 vi,
771 184 941 235 qualibet
972 192 1093 237 parte,
1127 185 1300 236 qualibet
1331 198 1424 236 qua-

86 243 192 282 litate
235 249 429 281 naturam:
470 255 517 280 ex
558 242 622 280 illo
661 255 738 280 uno
780 243 1020 293 protoplasto
1053 245 1246 294 originem
1279 243 1424 283 ducere

87 301 216 340 nullus
244 301 415 339 fidelium
443 300 689 338 dubitaverit.
757 301 927 351 Apparet
954 308 1081 340 tamen
1109 302 1201 352 quid
1233 304 1271 340 in
1304 302 1423 353 pluri-

86 359 159 398 bus
191 366 328 398 natura
361 359 576 397 obtinuerit
608 364 646 397 et
678 359 770 409 quid
803 360 852 397 sit
884 361 966 410 ipsa
998 361 1156 398 raritate
1192 360 1381 399 mirabile.

207 418 338 463 Qualis
371 424 500 455 autem
533 418 630 455 ratio
663 417 840 456 redditur
873 418 919 455 de
953 420 1185 457 monstrosis
1218 419 1321 469 apud
1353 430 1424 457 nos

86 476 286 514 hominum
319 474 526 527 partubus,
566 475 652 514 talis
684 476 730 514 de
770 478 1002 514 monstrosis
1035 476 1267 527 quibusdam
1302 478 1424 527 genti-

86 534 159 573 bus
201 534 310 572 reddi
351 539 490 584 potest.
553 533 655 572 Deus
694 535 796 572 enim
838 540 993 572 creator
1025 541 1084 573 est
1117 537 1314 586 omnium,
1358 536 1425 585 qui

88 592 152 631 ubi
195 598 231 630 et
273 592 426 642 quaudo
466 594 590 630 creari
632 592 724 642 quid
756 598 934 642 oporteat
966 593 1024 630 vel
1056 594 1297 644 oportuerit,
1340 595 1424 643 ipse

86 652 202 701 novit,
235 652 363 688 sciens
395 652 659 689 universitatis
690 650 1022 701 pulchritudinem
1055 663 1221 701 quarum
1253 653 1424 701 partium

89 709 144 747 vel
183 709 434 747 similitudine
475 708 533 746 vel
571 709 793 747 diversitate
834 715 1024 747 contexat.
1089 708 1164 747 Sed
1199 711 1264 759 qui
1298 715 1426 748 totum

86 769 279 818 inspicere
313 779 391 804 non
423 772 570 818 potest,
602 772 798 816 tamquam
830 767 1075 805 deformitate
1107 769 1229 817 partis
1262 767 1424 805 offendi-

88 832 169 877 tur,
220 827 402 875 quoniam
452 826 514 863 cui
565 831 753 875 congruat
803 831 842 863 et
892 837 967 875 quo
1019 826 1213 863 referatur
1259 827 1424 876 ignorat.

85 883 270 922 Pluribus
297 895 411 934 quam
444 885 573 933 quinis
606 883 734 933 digitis
766 885 806 920 in
838 883 1017 921 manibus
1050 889 1088 921 et
1119 883 1285 933 pedibus
1318 885 1425 922 nasci

86 942 263 980 homines
296 943 493 993 novimus3
527 946 565 979 et
595 941 689 979 haec
723 941 843 979 levior
877 948 935 979 est
967 954 1084 991 quam
1116 941 1192 980 ulla
1225 942 1426 994 distantia3

87 1001 155 1038 sed
200 1006 328 1038 tamen
374 999 490 1050 absit,
534 1005 577 1037 ut
621 1001 708 1049 quis
749 1001 803 1037 ita
843 999 1025 1051 desipiat,
1069 1004 1112 1038 ut
1149 1001 1345 1038 existimet
1385 1002 1425 1038 in

88 1071 251 1097 numero
290 1058 548 1096 humanorum
582 1058 791 1107 digitorum
824 1070 975 1095 errasse
1009 1058 1252 1109 Creatorem,
1294 1070 1426 1108 quam·

86 1118 142 1154 vis
181 1118 360 1154 nesciens
402 1128 472 1154 cur
513 1116 586 1153 hoe
628 1117 775 1154 fecerit.
843 1115 899 1154 Ita
941 1117 1014 1154 etsi
1056 1118 1177 1154 maior
1219 1116 1426 1155 diversitas

87 1177 253 1226 oriatur,
286 1176 359 1212 scit
390 1174 452 1212 ille
486 1175 578 1224 quid
611 1175 754 1225 egerit,
787 1175 898 1212 cuius
932 1186 1049 1225 opera
1081 1176 1181 1213 iuste
1215 1186 1331 1213 nemo
1365 1187 1426 1213 re-

85 1233 304 1284 prehendit.
365 1233 475 1283 Apud
503 1232 722 1283 Hipponem
747 1232 918 1270 Zaritum
945 1238 1004 1271 est
1030 1232 1144 1270 homo
1173 1234 1283 1283 quasi
1317 1233 1424 1272 luna-

87 1297 144 1329 tas
176 1291 323 1329 habens
355 1291 504 1341 plantas
548 1296 587 1329 et
628 1292 667 1328 iu
708 1292 764 1328 eis
805 1290 917 1328 binos
963 1291 1230 1329 tantummodo
1270 1291 1424 1343 digitos,

80 1347 232 1387 ’similes
265 1354 304 1387 et
340 1361 489 1387 manus.
553 1348 593 1386 Si
619 1349 744 1398 aliqua
771 1361 866 1399 gens
892 1348 978 1387 talis
1011 1355 1126 1400 esset,
1158 1349 1212 1387 illi
1246 1351 1424 1388 curiosae

86 1414 202 1458 atque
246 1407 412 1445 mirabili
462 1407 671 1445 adderetur
721 1407 916 1446 historiae.
988 1407 1088 1445 Num
1141 1409 1262 1458 igitur
1305 1409 1425 1446 istum

85 1472 247 1517 propter
285 1465 358 1503 hoo
396 1465 623 1516 negabimus
662 1477 708 1503 ex
746 1465 809 1503 illo
850 1477 945 1516 un0‚
984 1467 1050 1516 qui
1083 1467 1232 1516 primus
1266 1471 1424 1505 creatus

87 1530 156 1575 est,
189 1536 273 1562 esse
300 1522 584 1574 propagatum?
628 1523 861 1574 Androgyni,
895 1536 992 1573 quos
1019 1525 1133 1561 etiam
1160 1523 1423 1574 Hermaphro-

87 1582 187 1621 ditos
232 1589 482 1633 nuncupant,
526 1583 699 1632 quamvis
738 1581 784 1619 ad
823 1582 981 1620 modum
1013 1584 1090 1620 rari
1123 1584 1221 1633 sint,
1265 1581 1423 1620 difficile

86 1647 147 1679 est
187 1646 315 1679 tamen
356 1646 399 1679 ut
440 1640 682 1691 temporibus
726 1640 874 1691 desint,
911 1641 950 1677 in
991 1640 1132 1690 quibus
1165 1641 1220 1678 sic
1253 1646 1423 1691 uterque

87 1711 202 1737 sexus
229 1705 399 1750 apparet,
431 1704 486 1749 ut,
518 1710 563 1736 ex
592 1710 668 1748 quo
695 1700 825 1749 potius
858 1697 1025 1736 debeant
1056 1700 1235 1749 accipere
1269 1710 1422 1750 nomen,

85 1759 281 1795 incertum
313 1758 378 1807 sit3
419 1768 439 1794 a
470 1757 630 1794 meliore
671 1762 817 1802 tamen,
857 1756 929 1794 hoc
962 1762 1021 1795 est
1053 1768 1074 1794 a
1105 1756 1344 1808 masculino,
1381 1762 1426 1794 ut

87 1815 388 1865 appellarentur,
421 1814 603 1864 loquendi
629 1814 871 1853 consuetudo
898 1814 1122 1864 praevaluit.
1184 1814 1281 1852 Nam
1307 1826 1422 1852 nemo

89 1885 272 1923 umquam
317 1872 638 1923 Androgynaecas
679 1878 745 1910 aut
785 1872 1129 1923 Hermaphroditas
1171 1873 1422 1922 nuncupavit.

87 1932 183 1969 Ante
228 1943 349 1969 annos
393 1931 555 1981 aliquot,
600 1936 731 1968 nostra
777 1935 882 1967 certe
928 1931 1131 1980 memoria,
1175 1931 1214 1967 in
1262 1929 1422 1968 Oriente

87 1989 227 2039 duplex
260 1989 375 2027 homo
407 1994 520 2027 natus
553 1994 612 2026 est
638 1987 907 2038 superioribus
941 1987 1137 2039 membris,
1170 1987 1425 2026 inferioribus

87 2047 288 2098 simplex.·
324 2047 420 2084 Nam
458 2047 534 2085 duo
573 2052 683 2084 erant
723 2048 867 2097 capita,
908 2046 983 2084 duo
1017 2052 1194 2096 pectora,
1238 2051 1424 2096 quattuor

181 2163 201 2192 2
228 2162 397 2210 naturam
431 2158 555 2199 VRF‚-
586 2160 717 2210 natura
742 2159 796 2199 A‚·
828 2160 980 2192 naturae
1008 2168 1025 2191 v
1044 2159 1056 2201 ΙΙ
1076 2161 1096 2191 6
1121 2157 1288 2200 partibus
1314 2157 1387 2191 ΕΑ
1412 2157 1426 2224 fl

88 2210 131 2240 14
157 2206 233 2239 ulla
258 2216 345 2245 mss:
370 2205 436 2239 illa
460 2216 479 2239 v
499 2206 511 2248 ΙΙ
532 2208 573 2238 19
600 2205 762 2239 Zarltum
802 2204 868 2238 VR
893 2208 993 2246 (108,
1019 2206 1085 2245 30‚·
1110 2203 1291 2246 Roenseh,
1317 2204 1406 2238 Ital.

80 2263 120 2296 p.
147 2255 254 2294 457);
280 2252 454 2286 diaritum
480 2254 534 2293 A;
561 2251 797 2294 Diarrhytum
824 2262 843 2284 v
