1548 2562
431 144 482 168 DE
503 143 690 169 CIVITATE
709 144 779 168 DEI
798 144 830 169 L.
850 144 948 169 XVII.
969 143 997 169 O.
1017 145 1042 169 6.
1325 134 1407 173 217

74 231 138 270 ille
164 231 345 270 sacerdos
372 237 431 270 est
457 232 646 270 mediator
672 231 740 270 Dei
772 238 811 271 et
841 232 1054 283 hominum,
1085 232 1201 269 homo
1229 231 1407 270 Christus

75 289 195 328 Iesus.
258 289 328 328 Cui
370 289 475 340 plebi
519 289 614 328 dicit
658 290 855 340 apostolus
896 290 1055 329 Petrus:
1099 291 1214 328 Plebs
1253 294 1407 338 sancta,

74 351 212 396 regale
236 349 516 386 sacerdotium.
569 347 750 393 Quamvis
777 346 952 386 nonnulli
982 349 1187 400 „sacrificii
1219 344 1300 386 tni“
1331 349 1409 386 sint

74 407 332 458 interpretati,
363 418 441 444 non
471 405 704 458 „sacerdotii
735 403 833 458 tui“;
866 407 969 457 quod
1002 407 1120 444 nihilo
1152 407 1281 444 minus
1314 418 1406 444 eun—

74 464 160 502 dem
188 464 379 514 significat
403 464 592 515 populum
619 463 893 503 Christianum.
943 464 1052 503 Unde
1085 465 1179 503 dicit
1210 464 1407 515 apostolus

73 522 234 561 Paulus:
285 523 390 561 Unus
422 525 565 574 panis,
603 534 723 561 unum
761 534 907 572 corpus
947 526 1060 561 multi
1088 535 1232 561 sumus.
1296 522 1407 568 Quod

73 593 166 631 ergo
209 580 370 619 addidit:
416 581 671 620 Mcmducare
708 592 876 629 panem,
915 582 1028 619 etiam
1069 583 1197 632 ipsum
1229 581 1409 619 sacrificii

73 651 196 689 genus
238 638 435 689 eleganter
479 639 690 690 expressit,
735 638 781 677 de
827 651 903 689 quo
948 639 1041 677 dicit
1082 639 1264 677 sacerdos
1307 640 1408 689 ipse:

74 698 208 744 Panis,
240 708 354 745 quem
385 709 457 745 eqo
490 698 656 745 dedero,
689 709 788 736 earo
820 709 906 736 mea
939 702 997 736 est
1023 710 1100 745 pro
1131 700 1286 736 saeculi
1316 700 1407 735 vita.

72 755 205 806 Ipsum
237 760 296 794 est
322 755 572 806 sacrificium3
606 768 683 793 non
716 755 931 794 secundum
964 756 1141 794 ordinem
1167 756 1306 807 Aaron,
1340 756 1406 793 sed

73 813 288 852 secundum
339 814 516 852 ordinem
565 813 870 865 Melchisedech,
921 815 987 864 qui
1036 814 1149 865 legit,
1199 814 1408 864 intellegat.

72 871 206 910 Brevis
249 873 379 922 itaque
424 873 496 910 ista
541 872 734 910 consessio
779 878 817 910 et
861 871 1069 910 salubriter
1112 872 1290 923 humilis,
1335 884 1409 922 qua

73 930 233 969 dicitur:
272 931 389 969 Iaeta
432 941 492 969 me
539 932 579 968 ἱη
611 935 771 979 partem
807 932 1029 969 sacerdotii
1059 932 1119 968 tui
1159 932 1410 968 manducare

70 1000 237 1038 panem;
268 990 351 1039 ipse
379 994 438 1027 est
463 987 600 1026 obolus
633 990 795 1040 argenti,
827 990 916 1038 quia
949 994 987 1026 et
1018 987 1136 1026 breve
1169 994 1229 1026 est
1261 994 1299 1026 et
1331 988 1407 1026 elo-

73 1048 208 1098 quium
248 1046 402 1084 Domini
446 1052 504 1084 est
548 1045 755 1085 habitantis
799 1048 839 1085 in
884 1046 1000 1084 corde
1040 1046 1247 1084 credentis.
1311 1046 1408 1091 Quia

73 1106 176 1143 enim
208 1105 357 1143 dixerat
396 1106 596 1156 superins,
634 1104 786 1143 dedisse
824 1117 864 1143 se
897 1104 1004 1143 cibos
1037 1105 1169 1143 domui
1201 1104 1328 1142 Aaron
1361 1104 1408 1142 de

72 1164 240 1201 victimis
271 1164 414 1201 veteris
441 1164 675 1215 testamenti,
708 1163 773 1201 ubi
800 1164 869 1201 ait:
902 1164 1007 1201 Dedi
1032 1165 1168 1201 domm
1188 1165 1320 1212 patris
1353 1165 1412 1201 tui

73 1224 216 1269 omnia,
249 1233 353 1269 quae
389 1226 482 1260 sunt
518 1223 621 1269 iqm‘s
655 1223 832 1268 filiorum
872 1222 1018 1268 Israel,
1061 1224 1100 1259 ln
1133 1233 1264 1259 eseam
1297 1218 1409 1271 (haec

74 1281 216 1330 quippe
244 1279 397 1318 fuerant
424 1280 610 1317 sacrificia
632 1275 901 1332 ludaeorum):
934 1279 1020 1317 ideo
1053 1279 1115 1317 hic
1148 1279 1260 1317 dixit:
1295 1280 1408 1317 Man-

75 1340 228 1376 dueare
265 1349 427 1389 panem,
468 1337 571 1388 quod
613 1344 672 1375 est
703 1339 742 1375 in
776 1350 873 1375 novo
908 1343 1141 1376 testamento
1176 1338 1408 1376 sacrificium
1437 1352 1444 1359 ·

74 1395 394 1434 Christianorum.

607 1520 762 1563 CAPUT
795 1520 868 1562 VI.

75 1606 135 1645 De
167 1606 337 1645 Iudaico
368 1607 596 1645 sacerdotio
628 1611 667 1644 et
697 1617 839 1653 remeo,
871 1617 974 1653 quae
1008 1617 1096 1644 cum
1130 1608 1169 1643 e'n
1203 1610 1410 1644 aeternum

100 1665 291 1703 dicantur
321 1668 483 1711 statuta,
514 1675 593 1702 non
620 1667 868 1715 permanent,
900 1668 943 1701 ut
975 1666 1056 1702 (clla
1090 1666 1385 1716 intellegantur,

403 1733 571 1770 quorum
601 1723 820 1771 spondetur
852 1724 1081 1760 aeternitas.

194 1802 290 1842 Cum
331 1804 450 1853 igitur
488 1802 582 1840 haec
621 1808 726 1841 tanta
764 1808 857 1841 tunc
896 1802 1097 1840 altitudine
1139 1805 1410 1853 praenuntiata

76 1863 164 1913 sint,
196 1866 301 1900 tanta
332 1873 436 1899 nunc
468 1861 777 1899 manifestatione
811 1860 1036 1912 clarescant,
1069 1872 1146 1898 non
1179 1861 1324 1899 frustra
1356 1867 1408 1900 ta-

75 1932 164 1958 men
197 1921 343 1957 moveri
384 1920 576 1970 quispiam
607 1924 737 1970 potest
778 1931 820 1957 ac
859 1919 1007 1957 dicere:
1055 1918 1139 1964 Quo
1173 1919 1286 1957 modo
1319 1932 1408 1958 con-

76 1978 230 2016 fidimus
256 1979 387 2016 venire
414 1979 553 2027 omnia,
586 1989 684 2028 quae
710 1978 749 2015 in
776 1976 884 2015 libris
911 1977 985 2015 illis
1019 1983 1180 2015 ventura
1212 1978 1409 2028 praedicta

77 2041 180 2088 sunt,
213 2037 245 2074 si
269 2035 343 2074 hoc
368 2037 508 2087 ipsum,
541 2035 645 2086 quod
675 2034 729 2073 ibi
761 2035 943 2074 divinitus
975 2035 1123 2073 dictum
1155 2041 1230 2073 est:
1264 2037 1410 2075 Domus

77 2099 145 2133 tua
178 2099 216 2133 et
253 2095 389 2132 domus
421 2096 554 2143 patris
593 2095 652 2132 tui
688 2095 917 2132 transibunt
948 2105 1084 2132 coram
1116 2105 1176 2131 me
1208 2096 1248 2132 τή
1281 2100 1408 2133 aeter—

77 2164 182 2204 num,
214 2153 395 2190 effectum
426 2151 569 2190 habere
602 2163 680 2189 non
711 2150 865 2202 potuit?
896 2153 1077 2202 quoniam
1110 2151 1283 2190 videmus
1315 2153 1408 2191 illud

171 2255 206 2296 3)
240 2257 268 2288 1.
301 2252 396 2287 Petr.
429 2256 467 2295 2,
500 2256 519 2286 9
582 2253 616 2295 6)
654 2257 681 2287 1.
719 2251 798 2287 Cor.
833 2256 891 2296 10,
927 2256 979 2287 17.
1031 2253 1066 2295 9)
1098 2252 1146 2286 10.
1176 2256 1212 2296 c,
1245 2256 1300 2287 51.
1351 2254 1409 2296 32)

77 2303 106 2334 1.
137 2298 231 2334 Sam.
259 2303 291 2342 2,
318 2303 371 2334 30.

1437 763 1478 794 10

1438 1053 1479 1084 15

1436 2045 1480 2075 30
