<?xml version="1.0" encoding="UTF-8"?>
<!DOCTYPE html PUBLIC "-//W3C//DTD XHTML 1.0 Transitional//EN"
    "http://www.w3.org/TR/xhtml1/DTD/xhtml1-transitional.dtd">
<html xmlns="http://www.w3.org/1999/xhtml" xml:lang="en" lang="en">
 <head>
  <title>
</title>
<meta http-equiv="Content-Type" content="text/html;charset=utf-8" />
  <meta name='ocr-system' content='tesseract 3.04.00' />
  <meta name='ocr-capabilities' content='ocr_page ocr_carea ocr_par ocr_line ocrx_word'/>
</head>
<body>
  <div class='ocr_page' id='page_1' title='image "./sanctiaureliiaug02auguuoft_0473.png"; bbox 0 0 1548 2562; ppageno 0'>
   <div class='ocr_carea' id='block_1_1' title="bbox 435 126 1395 166">
    <p class='ocr_par' dir='ltr' id='par_1_1' title="bbox 435 126 1395 166">
     <span class='ocr_line' id='line_1_1' title="bbox 435 126 1395 166; baseline -0.002 -5"><span class='ocrx_word' id='word_1_1' title='bbox 435 136 486 161; x_wconf 83' lang='lat' dir='ltr'>DE</span> <span class='ocrx_word' id='word_1_2' title='bbox 507 135 695 161; x_wconf 70' lang='lat' dir='ltr'>civa&#39;rE</span> <span class='ocrx_word' id='word_1_3' title='bbox 716 136 786 160; x_wconf 74' lang='lat' dir='ltr'>Dm</span> <span class='ocrx_word' id='word_1_4' title='bbox 805 136 837 160; x_wconf 85' lang='lat' dir='ltr'>L.</span> <span class='ocrx_word' id='word_1_5' title='bbox 857 136 921 161; x_wconf 76' lang='lat' dir='ltr'>xx.</span> <span class='ocrx_word' id='word_1_6' title='bbox 941 135 970 161; x_wconf 89' lang='lat' dir='ltr'>c.</span> <span class='ocrx_word' id='word_1_7' title='bbox 990 136 1032 160; x_wconf 85' lang='lat'>24.</span> <span class='ocrx_word' id='word_1_8' title='bbox 1310 126 1395 166; x_wconf 82' lang='grc'>467</span> 
     </span>
    </p>
   </div>
   <div class='ocr_carea' id='block_1_2' title="bbox 65 223 1397 1323">
    <p class='ocr_par' dir='ltr' id='par_1_2' title="bbox 65 223 1397 1323">
     <span class='ocr_line' id='line_1_2' title="bbox 69 223 1395 275; baseline -0.002 -11"><span class='ocrx_word' id='word_1_9' title='bbox 69 226 114 264; x_wconf 91' lang='lat' dir='ltr'>de</span> <span class='ocrx_word' id='word_1_10' title='bbox 148 226 222 264; x_wconf 85' lang='lat' dir='ltr'>fine</span> <span class='ocrx_word' id='word_1_11' title='bbox 261 225 376 264; x_wconf 90' lang='lat' dir='ltr'>huius</span> <span class='ocrx_word' id='word_1_12' title='bbox 416 224 560 263; x_wconf 87' lang='lat' dir='ltr'>saeculi</span> <span class='ocrx_word' id='word_1_13' title='bbox 598 225 839 275; x_wconf 80' lang='lat' dir='ltr'>apertissime</span> <span class='ocrx_word' id='word_1_14' title='bbox 872 223 925 262; x_wconf 87' lang='lat' dir='ltr'>ibi</span> <span class='ocrx_word' id='word_1_15' title='bbox 957 224 1103 262; x_wconf 88' lang='lat' dir='ltr'>dictum</span> <span class='ocrx_word' id='word_1_16' title='bbox 1136 230 1212 275; x_wconf 86' lang='lat' dir='ltr'>est,</span> <span class='ocrx_word' id='word_1_17' title='bbox 1253 236 1395 274; x_wconf 85' lang='lat' dir='ltr'>nequa-</span> 
     </span>
     <span class='ocr_line' id='line_1_3' title="bbox 69 281 1397 335; baseline -0.001 -13"><span class='ocrx_word' id='word_1_18' title='bbox 69 296 184 334; x_wconf 87' lang='lat' dir='ltr'>quam</span> <span class='ocrx_word' id='word_1_19' title='bbox 223 283 376 322; x_wconf 90' lang='lat' dir='ltr'>silentio</span> <span class='ocrx_word' id='word_1_20' title='bbox 415 281 647 333; x_wconf 80' lang='lat' dir='ltr'>praeteribo.</span> <span class='ocrx_word' id='word_1_21' title='bbox 710 283 916 331; x_wconf 70' lang='lat' dir='ltr'>Principio</span> <span class='ocrx_word' id='word_1_22' title='bbox 949 288 1100 321; x_wconf 80' lang='lat' dir='ltr'>terram</span> <span class='ocrx_word' id='word_1_23' title='bbox 1132 287 1173 321; x_wconf 84' lang='lat' dir='ltr'>tu</span> <span class='ocrx_word' id='word_1_24' title='bbox 1201 281 1397 335; x_wconf 71' lang='lat' dir='ltr'>fundasti,</span> 
     </span>
     <span class='ocr_line' id='line_1_4' title="bbox 68 341 1396 390; baseline 0 -10"><span class='ocrx_word' id='word_1_25' title='bbox 68 343 245 390; x_wconf 73' lang='lat' dir='ltr'>Domine,</span> <span class='ocrx_word' id='word_1_26' title='bbox 274 346 312 380; x_wconf 84' lang='lat' dir='ltr'>et</span> <span class='ocrx_word' id='word_1_27' title='bbox 336 352 459 390; x_wconf 81' lang='lat' dir='ltr'>opera</span> <span class='ocrx_word' id='word_1_28' title='bbox 485 352 673 379; x_wconf 76' lang='lat' dir='ltr'>manuum</span> <span class='ocrx_word' id='word_1_29' title='bbox 700 345 860 379; x_wconf 79' lang='lat' dir='ltr'>tuarum</span> <span class='ocrx_word' id='word_1_30' title='bbox 891 346 984 379; x_wconf 81' lang='lat' dir='ltr'>sunt</span> <span class='ocrx_word' id='word_1_31' title='bbox 1008 343 1121 380; x_wconf 72' lang='lat' dir='ltr'>caeli.</span> <span class='ocrx_word' id='word_1_32' title='bbox 1178 341 1263 390; x_wconf 73' lang='lat' dir='ltr'>Ipsi</span> <span class='ocrx_word' id='word_1_33' title='bbox 1287 343 1396 390; x_wconf 74' lang='lat' dir='ltr'>peri-</span> 
     </span>
     <span class='ocr_line' id='line_1_5' title="bbox 68 401 1397 448; baseline 0 -10"><span class='ocrx_word' id='word_1_34' title='bbox 68 401 180 447; x_wconf 76' lang='lat' dir='ltr'>bunt,</span> <span class='ocrx_word' id='word_1_35' title='bbox 225 404 266 438; x_wconf 83' lang='lat' dir='ltr'>tu</span> <span class='ocrx_word' id='word_1_36' title='bbox 313 404 444 438; x_wconf 80' lang='lat' dir='ltr'>autem</span> <span class='ocrx_word' id='word_1_37' title='bbox 477 410 713 448; x_wconf 77' lang='lat' dir='ltr'>permanes;</span> <span class='ocrx_word' id='word_1_38' title='bbox 752 404 790 437; x_wconf 86' lang='lat' dir='ltr'>et</span> <span class='ocrx_word' id='word_1_39' title='bbox 826 410 957 438; x_wconf 78' lang='lat' dir='ltr'>omnes</span> <span class='ocrx_word' id='word_1_40' title='bbox 993 401 1099 438; x_wconf 78' lang='lat' dir='ltr'>sieut</span> <span class='ocrx_word' id='word_1_41' title='bbox 1128 401 1397 438; x_wconf 72' lang='lat' dir='ltr'>vestimentum</span> 
     </span>
     <span class='ocr_line' id='line_1_6' title="bbox 68 458 1394 509; baseline 0 -13"><span class='ocrx_word' id='word_1_42' title='bbox 68 462 321 505; x_wconf 79' lang='lat' dir='ltr'>veterescent,</span> <span class='ocrx_word' id='word_1_43' title='bbox 354 462 391 496; x_wconf 89' lang='lat' dir='ltr'>et</span> <span class='ocrx_word' id='word_1_44' title='bbox 415 459 520 496; x_wconf 76' lang='lat' dir='ltr'>sicut</span> <span class='ocrx_word' id='word_1_45' title='bbox 544 459 786 506; x_wconf 75' lang='lat' dir='ltr'>opertorium</span> <span class='ocrx_word' id='word_1_46' title='bbox 810 458 981 495; x_wconf 75' lang='lat' dir='ltr'><em>mutabis</em></span> <span class='ocrx_word' id='word_1_47' title='bbox 1013 469 1088 509; x_wconf 80' lang='lat' dir='ltr'>eos,</span> <span class='ocrx_word' id='word_1_48' title='bbox 1121 463 1159 496; x_wconf 86' lang='lat' dir='ltr'>et</span> <span class='ocrx_word' id='word_1_49' title='bbox 1188 459 1394 496; x_wconf 78' lang='lat' dir='ltr'>mutabun-</span> 
     </span>
     <span class='ocr_line' id='line_1_7' title="bbox 68 517 1396 564; baseline 0.001 -10"><span class='ocrx_word' id='word_1_50' title='bbox 68 521 156 561; x_wconf 82' lang='lat' dir='ltr'>tur;</span> <span class='ocrx_word' id='word_1_51' title='bbox 194 521 235 554; x_wconf 77' lang='lat' dir='ltr'>tu</span> <span class='ocrx_word' id='word_1_52' title='bbox 273 520 403 554; x_wconf 77' lang='lat' dir='ltr'>autem</span> <span class='ocrx_word' id='word_1_53' title='bbox 442 517 544 554; x_wconf 78' lang='lat' dir='ltr'>idem</span> <span class='ocrx_word' id='word_1_54' title='bbox 584 517 665 564; x_wconf 75' lang='lat' dir='ltr'>ipse</span> <span class='ocrx_word' id='word_1_55' title='bbox 702 527 759 563; x_wconf 84' lang='lat' dir='ltr'>es,</span> <span class='ocrx_word' id='word_1_56' title='bbox 803 520 841 553; x_wconf 90' lang='lat' dir='ltr'>et</span> <span class='ocrx_word' id='word_1_57' title='bbox 872 517 972 553; x_wconf 69' lang='lat' dir='ltr'>anm·</span> <span class='ocrx_word' id='word_1_58' title='bbox 1001 518 1062 554; x_wconf 73' lang='lat' dir='ltr'>tut</span> <span class='ocrx_word' id='word_1_59' title='bbox 1090 528 1168 554; x_wconf 73' lang='lat' dir='ltr'>nort</span> <span class='ocrx_word' id='word_1_60' title='bbox 1201 518 1396 563; x_wconf 73' lang='lat' dir='ltr'>deficient.</span> 
     </span>
     <span class='ocr_line' id='line_1_8' title="bbox 70 573 1396 624; baseline 0 -12"><span class='ocrx_word' id='word_1_61' title='bbox 70 573 171 619; x_wconf 84' lang='lat' dir='ltr'>Quid</span> <span class='ocrx_word' id='word_1_62' title='bbox 203 578 262 612; x_wconf 89' lang='lat' dir='ltr'>est</span> <span class='ocrx_word' id='word_1_63' title='bbox 294 573 396 624; x_wconf 87' lang='lat' dir='ltr'>quod</span> <span class='ocrx_word' id='word_1_64' title='bbox 423 573 673 624; x_wconf 83' lang='lat' dir='ltr'>Porphyrius,</span> <span class='ocrx_word' id='word_1_65' title='bbox 706 585 794 612; x_wconf 86' lang='lat' dir='ltr'>cum</span> <span class='ocrx_word' id='word_1_66' title='bbox 826 574 1009 623; x_wconf 85' lang='lat' dir='ltr'>pietatem</span> <span class='ocrx_word' id='word_1_67' title='bbox 1042 573 1172 612; x_wconf 84' lang='lat' dir='ltr'>laudet</span> <span class='ocrx_word' id='word_1_68' title='bbox 1202 574 1396 613; x_wconf 85' lang='lat' dir='ltr'>Hebraeo-</span> 
     </span>
     <span class='ocr_line' id='line_1_9' title="bbox 65 632 1396 683; baseline 0.001 -13"><span class='ocrx_word' id='word_1_69' title='bbox 65 644 172 683; x_wconf 85' lang='lat' dir='ltr'>rum,</span> <span class='ocrx_word' id='word_1_70' title='bbox 210 644 285 682; x_wconf 88' lang='lat' dir='ltr'>qua</span> <span class='ocrx_word' id='word_1_71' title='bbox 322 644 483 682; x_wconf 86' lang='lat' dir='ltr'>magnus</span> <span class='ocrx_word' id='word_1_72' title='bbox 522 637 560 670; x_wconf 89' lang='lat' dir='ltr'>et</span> <span class='ocrx_word' id='word_1_73' title='bbox 597 643 712 670; x_wconf 84' lang='lat' dir='ltr'>verus</span> <span class='ocrx_word' id='word_1_74' title='bbox 751 638 789 670; x_wconf 87' lang='lat' dir='ltr'>et</span> <span class='ocrx_word' id='word_1_75' title='bbox 827 633 921 681; x_wconf 89' lang='lat' dir='ltr'>ipsis</span> <span class='ocrx_word' id='word_1_76' title='bbox 954 632 1179 670; x_wconf 86' lang='lat' dir='ltr'>numinibus</span> <span class='ocrx_word' id='word_1_77' title='bbox 1213 632 1396 671; x_wconf 85' lang='lat' dir='ltr'>terribilis</span> 
     </span>
     <span class='ocr_line' id='line_1_10' title="bbox 67 689 1395 742; baseline -0.001 -14"><span class='ocrx_word' id='word_1_78' title='bbox 67 689 113 728; x_wconf 88' lang='lat' dir='ltr'>ab</span> <span class='ocrx_word' id='word_1_79' title='bbox 152 691 206 728; x_wconf 87' lang='lat' dir='ltr'>eis</span> <span class='ocrx_word' id='word_1_80' title='bbox 245 690 384 728; x_wconf 82' lang='lat' dir='ltr'>colitur</span> <span class='ocrx_word' id='word_1_81' title='bbox 421 689 546 742; x_wconf 89' lang='lat' dir='ltr'>Deus,</span> <span class='ocrx_word' id='word_1_82' title='bbox 584 689 823 728; x_wconf 82' lang='lat' dir='ltr'>Christianos</span> <span class='ocrx_word' id='word_1_83' title='bbox 867 689 915 727; x_wconf 91' lang='lat' dir='ltr'>ob</span> <span class='ocrx_word' id='word_1_84' title='bbox 948 689 1020 728; x_wconf 85' lang='lat' dir='ltr'>hoc</span> <span class='ocrx_word' id='word_1_85' title='bbox 1053 692 1180 741; x_wconf 84' lang='lat' dir='ltr'>arguit</span> <span class='ocrx_word' id='word_1_86' title='bbox 1210 693 1395 729; x_wconf 71' lang='lat' dir='ltr'>maxima(¹</span> 
     </span>
     <span class='ocr_line' id='line_1_11' title="bbox 68 747 1396 801; baseline 0.001 -15"><span class='ocrx_word' id='word_1_87' title='bbox 68 748 252 786; x_wconf 73' lang='lat' dir='ltr'>stultitiae</span> <span class='ocrx_word' id='word_1_88' title='bbox 293 749 407 786; x_wconf 86' lang='lat' dir='ltr'>etiam</span> <span class='ocrx_word' id='word_1_89' title='bbox 446 760 492 786; x_wconf 89' lang='lat' dir='ltr'>ex</span> <span class='ocrx_word' id='word_1_90' title='bbox 529 747 696 786; x_wconf 83' lang='lat' dir='ltr'>oraculis</span> <span class='ocrx_word' id='word_1_91' title='bbox 735 748 897 786; x_wconf 84' lang='lat' dir='ltr'>deorum</span> <span class='ocrx_word' id='word_1_92' title='bbox 930 760 1111 801; x_wconf 88' lang='lat' dir='ltr'>suorum,</span> <span class='ocrx_word' id='word_1_93' title='bbox 1143 749 1246 799; x_wconf 89' lang='lat' dir='ltr'>quod</span> <span class='ocrx_word' id='word_1_94' title='bbox 1278 750 1396 787; x_wconf 86' lang='lat' dir='ltr'>istum</span> 
     </span>
     <span class='ocr_line' id='line_1_12' title="bbox 67 804 1395 858; baseline 0.002 -15"><span class='ocrx_word' id='word_1_95' title='bbox 67 806 254 844; x_wconf 86' lang='lat' dir='ltr'>mundum</span> <span class='ocrx_word' id='word_1_96' title='bbox 287 806 421 845; x_wconf 82' lang='lat' dir='ltr'>dicunt</span> <span class='ocrx_word' id='word_1_97' title='bbox 453 818 537 844; x_wconf 87' lang='lat' dir='ltr'>esse</span> <span class='ocrx_word' id='word_1_98' title='bbox 570 804 817 857; x_wconf 77' lang='lat' dir='ltr'>periturum?</span> <span class='ocrx_word' id='word_1_99' title='bbox 866 806 966 844; x_wconf 83' lang='lat' dir='ltr'>Ecce</span> <span class='ocrx_word' id='word_1_100' title='bbox 998 808 1037 844; x_wconf 86' lang='lat' dir='ltr'>in</span> <span class='ocrx_word' id='word_1_101' title='bbox 1070 807 1209 845; x_wconf 87' lang='lat' dir='ltr'>litteris</span> <span class='ocrx_word' id='word_1_102' title='bbox 1242 809 1395 858; x_wconf 88' lang='lat' dir='ltr'>pietatis</span> 
     </span>
     <span class='ocr_line' id='line_1_13' title="bbox 66 863 1395 916; baseline 0.001 -14"><span class='ocrx_word' id='word_1_103' title='bbox 66 863 333 902; x_wconf 82' lang='lat' dir='ltr'>Hebraeorum</span> <span class='ocrx_word' id='word_1_104' title='bbox 359 864 501 902; x_wconf 84' lang='lat' dir='ltr'>dieitur</span> <span class='ocrx_word' id='word_1_105' title='bbox 527 863 618 916; x_wconf 90' lang='lat' dir='ltr'>Deo,</span> <span class='ocrx_word' id='word_1_106' title='bbox 650 876 766 914; x_wconf 89' lang='lat' dir='ltr'>quem</span> <span class='ocrx_word' id='word_1_107' title='bbox 793 865 1001 902; x_wconf 74' lang='lat' dir='ltr'>confitente</span> <span class='ocrx_word' id='word_1_108' title='bbox 1028 871 1134 903; x_wconf 87' lang='lat' dir='ltr'>tanto</span> <span class='ocrx_word' id='word_1_109' title='bbox 1167 865 1395 916; x_wconf 88' lang='lat' dir='ltr'>philosopho</span> 
     </span>
     <span class='ocr_line' id='line_1_14' title="bbox 67 922 1397 973; baseline 0.002 -13"><span class='ocrx_word' id='word_1_110' title='bbox 67 923 182 960; x_wconf 85' lang='lat' dir='ltr'>etiam</span> <span class='ocrx_word' id='word_1_111' title='bbox 208 923 290 972; x_wconf 85' lang='lat' dir='ltr'>ipsa</span> <span class='ocrx_word' id='word_1_112' title='bbox 315 924 473 960; x_wconf 86' lang='lat' dir='ltr'>numina</span> <span class='ocrx_word' id='word_1_113' title='bbox 498 922 821 973; x_wconf 83' lang='lat' dir='ltr'>perhorrescunt:</span> <span class='ocrx_word' id='word_1_114' title='bbox 860 923 991 971; x_wconf 80' lang='lat' dir='ltr'>Opera</span> <span class='ocrx_word' id='word_1_115' title='bbox 1017 935 1204 961; x_wconf 77' lang='lat' dir='ltr'>manuum</span> <span class='ocrx_word' id='word_1_116' title='bbox 1237 929 1397 962; x_wconf 81' lang='lat' dir='ltr'>tuarum</span> 
     </span>
     <span class='ocr_line' id='line_1_15' title="bbox 66 980 1395 1032; baseline 0.002 -14"><span class='ocrx_word' id='word_1_117' title='bbox 66 985 158 1018; x_wconf 78' lang='lat' dir='ltr'>sunt</span> <span class='ocrx_word' id='word_1_118' title='bbox 200 982 321 1029; x_wconf 78' lang='lat' dir='ltr'>caeli,</span> <span class='ocrx_word' id='word_1_119' title='bbox 363 983 440 1030; x_wconf 67' lang='lat' dir='ltr'>ipsi</span> <span class='ocrx_word' id='word_1_120' title='bbox 475 982 675 1029; x_wconf 72' lang='lat' dir='ltr'>peribunt.</span> <span class='ocrx_word' id='word_1_121' title='bbox 738 980 932 1031; x_wconf 87' lang='lat' dir='ltr'>Numquid</span> <span class='ocrx_word' id='word_1_122' title='bbox 974 981 1126 1031; x_wconf 84' lang='lat' dir='ltr'>quando</span> <span class='ocrx_word' id='word_1_123' title='bbox 1169 981 1263 1019; x_wconf 87' lang='lat' dir='ltr'>caeli</span> <span class='ocrx_word' id='word_1_124' title='bbox 1294 983 1395 1032; x_wconf 86' lang='lat' dir='ltr'>peri-</span> 
     </span>
     <span class='ocr_line' id='line_1_16' title="bbox 68 1038 1394 1090; baseline 0.002 -14"><span class='ocrx_word' id='word_1_125' title='bbox 68 1038 181 1089; x_wconf 86' lang='lat' dir='ltr'>bunt,</span> <span class='ocrx_word' id='word_1_126' title='bbox 222 1039 407 1090; x_wconf 85' lang='lat' dir='ltr'>mundus,</span> <span class='ocrx_word' id='word_1_127' title='bbox 439 1040 550 1077; x_wconf 86' lang='lat' dir='ltr'>euius</span> <span class='ocrx_word' id='word_1_128' title='bbox 581 1038 684 1076; x_wconf 91' lang='lat' dir='ltr'>idem</span> <span class='ocrx_word' id='word_1_129' title='bbox 716 1038 811 1076; x_wconf 83' lang='lat' dir='ltr'>caeli</span> <span class='ocrx_word' id='word_1_130' title='bbox 843 1040 1023 1089; x_wconf 82' lang='lat' dir='ltr'>superior</span> <span class='ocrx_word' id='word_1_131' title='bbox 1053 1051 1143 1089; x_wconf 86' lang='lat' dir='ltr'>pars</span> <span class='ocrx_word' id='word_1_132' title='bbox 1177 1045 1234 1078; x_wconf 84' lang='lat' dir='ltr'>est</span> <span class='ocrx_word' id='word_1_133' title='bbox 1267 1046 1305 1078; x_wconf 84' lang='lat' dir='ltr'>et</span> <span class='ocrx_word' id='word_1_134' title='bbox 1338 1046 1394 1078; x_wconf 89' lang='lat' dir='ltr'>tu-</span> 
     </span>
     <span class='ocr_line' id='line_1_17' title="bbox 67 1094 1396 1149; baseline 0.002 -15"><span class='ocrx_word' id='word_1_135' title='bbox 67 1098 154 1148; x_wconf 84' lang='lat' dir='ltr'>tior,</span> <span class='ocrx_word' id='word_1_136' title='bbox 186 1108 263 1134; x_wconf 91' lang='lat' dir='ltr'>non</span> <span class='ocrx_word' id='word_1_137' title='bbox 295 1094 465 1147; x_wconf 71' lang='lat' dir='ltr'>peribit?</span> <span class='ocrx_word' id='word_1_138' title='bbox 516 1096 556 1134; x_wconf 89' lang='lat' dir='ltr'>Si</span> <span class='ocrx_word' id='word_1_139' title='bbox 588 1096 682 1134; x_wconf 86' lang='lat' dir='ltr'>haee</span> <span class='ocrx_word' id='word_1_140' title='bbox 716 1098 906 1134; x_wconf 85' lang='lat' dir='ltr'>sententia</span> <span class='ocrx_word' id='word_1_141' title='bbox 939 1096 1017 1135; x_wconf 94' lang='lat' dir='ltr'>Iovi</span> <span class='ocrx_word' id='word_1_142' title='bbox 1050 1097 1239 1149; x_wconf 82' lang='lat' dir='ltr'>displicet,</span> <span class='ocrx_word' id='word_1_143' title='bbox 1272 1099 1396 1149; x_wconf 82' lang='lat' dir='ltr'>cuius,</span> 
     </span>
     <span class='ocr_line' id='line_1_18' title="bbox 68 1154 1395 1206; baseline 0.002 -14"><span class='ocrx_word' id='word_1_144' title='bbox 68 1160 110 1192; x_wconf 83' lang='lat' dir='ltr'>ut</span> <span class='ocrx_word' id='word_1_145' title='bbox 152 1154 287 1193; x_wconf 82' lang='lat' dir='ltr'>scribit</span> <span class='ocrx_word' id='word_1_146' title='bbox 329 1156 402 1193; x_wconf 89' lang='lat' dir='ltr'>iste</span> <span class='ocrx_word' id='word_1_147' title='bbox 445 1154 722 1206; x_wconf 86' lang='lat' dir='ltr'>philosophus,</span> <span class='ocrx_word' id='word_1_148' title='bbox 773 1155 877 1193; x_wconf 80' lang='lat' dir='ltr'>velut.</span> <span class='ocrx_word' id='word_1_149' title='bbox 920 1157 1108 1205; x_wconf 83' lang='lat' dir='ltr'>gravioris</span> <span class='ocrx_word' id='word_1_150' title='bbox 1153 1158 1395 1195; x_wconf 80' lang='lat' dir='ltr'>auctoritatis</span> 
     </span>
     <span class='ocr_line' id='line_1_19' title="bbox 67 1211 1395 1264; baseline 0.002 -14"><span class='ocrx_word' id='word_1_151' title='bbox 67 1212 221 1251; x_wconf 81' lang='lat' dir='ltr'>oraculo</span> <span class='ocrx_word' id='word_1_152' title='bbox 265 1214 305 1250; x_wconf 87' lang='lat' dir='ltr'>in</span> <span class='ocrx_word' id='word_1_153' title='bbox 344 1211 655 1251; x_wconf 83' lang='lat' dir='ltr'>Christianorum</span> <span class='ocrx_word' id='word_1_154' title='bbox 699 1213 925 1251; x_wconf 85' lang='lat' dir='ltr'>credulitate</span> <span class='ocrx_word' id='word_1_155' title='bbox 966 1213 1161 1264; x_wconf 84' lang='lat' dir='ltr'>culpatur:</span> <span class='ocrx_word' id='word_1_156' title='bbox 1206 1227 1276 1253; x_wconf 84' lang='lat' dir='ltr'>our</span> <span class='ocrx_word' id='word_1_157' title='bbox 1318 1227 1395 1252; x_wconf 87' lang='lat' dir='ltr'>non</span> 
     </span>
     <span class='ocr_line' id='line_1_20' title="bbox 68 1270 1393 1323; baseline 0.002 -15"><span class='ocrx_word' id='word_1_158' title='bbox 68 1270 244 1309; x_wconf 88' lang='lat' dir='ltr'>similiter</span> <span class='ocrx_word' id='word_1_159' title='bbox 282 1272 508 1321; x_wconf 88' lang='lat' dir='ltr'>sapientiam</span> <span class='ocrx_word' id='word_1_160' title='bbox 546 1276 740 1321; x_wconf 80' lang='lat' dir='ltr'>tamquam</span> <span class='ocrx_word' id='word_1_161' title='bbox 786 1271 988 1309; x_wconf 82' lang='lat' dir='ltr'>stultitiam</span> <span class='ocrx_word' id='word_1_162' title='bbox 1028 1272 1157 1323; x_wconf 88' lang='lat' dir='ltr'>culpat</span> <span class='ocrx_word' id='word_1_163' title='bbox 1200 1272 1393 1311; x_wconf 84' lang='lat' dir='ltr'>Hebraeo-</span> 
     </span>
    </p>
   </div>
   <div class='ocr_carea' id='block_1_3' title="bbox 66 1328 1429 1379">
    <p class='ocr_par' dir='ltr' id='par_1_3' title="bbox 66 1328 1429 1379">
     <span class='ocr_line' id='line_1_21' title="bbox 66 1328 1429 1379; baseline 0.002 -13"><span class='ocrx_word' id='word_1_164' title='bbox 66 1340 170 1377; x_wconf 85' lang='lat' dir='ltr'>rum,</span> <span class='ocrx_word' id='word_1_165' title='bbox 207 1330 247 1367; x_wconf 91' lang='lat' dir='ltr'>in</span> <span class='ocrx_word' id='word_1_166' title='bbox 279 1341 445 1379; x_wconf 86' lang='lat' dir='ltr'>quorum</span> <span class='ocrx_word' id='word_1_167' title='bbox 482 1328 591 1367; x_wconf 90' lang='lat' dir='ltr'>libris</span> <span class='ocrx_word' id='word_1_168' title='bbox 628 1331 813 1379; x_wconf 89' lang='lat' dir='ltr'>piissimis</span> <span class='ocrx_word' id='word_1_169' title='bbox 851 1328 1076 1368; x_wconf 79' lang='lat' dir='ltr'>invenitur?</span> <span class='ocrx_word' id='word_1_170' title='bbox 1135 1330 1258 1369; x_wconf 85' lang='lat' dir='ltr'>Porro</span> <span class='ocrx_word' id='word_1_171' title='bbox 1292 1332 1323 1369; x_wconf 89' lang='lat' dir='ltr'>si</span> <span class='ocrx_word' id='word_1_172' title='bbox 1355 1333 1393 1369; x_wconf 93' lang='lat' dir='ltr'>in</span> <span class='ocrx_word' id='word_1_173' title='bbox 1422 1345 1429 1351; x_wconf 88' lang='lat'><strong>·</strong></span> 
     </span>
    </p>
   </div>
   <div class='ocr_carea' id='block_1_4' title="bbox 66 1386 1396 1614">
    <p class='ocr_par' dir='ltr' id='par_1_4' title="bbox 66 1386 1396 1614">
     <span class='ocr_line' id='line_1_22' title="bbox 66 1386 1395 1440; baseline 0.002 -16"><span class='ocrx_word' id='word_1_174' title='bbox 66 1386 128 1424; x_wconf 87' lang='lat' dir='ltr'>illa</span> <span class='ocrx_word' id='word_1_175' title='bbox 161 1388 359 1438; x_wconf 85' lang='lat' dir='ltr'>sapientia,</span> <span class='ocrx_word' id='word_1_176' title='bbox 391 1399 488 1437; x_wconf 84' lang='lat' dir='ltr'>quae</span> <span class='ocrx_word' id='word_1_177' title='bbox 514 1386 728 1438; x_wconf 77' lang='lat' dir='ltr'>Porphyrio</span> <span class='ocrx_word' id='word_1_178' title='bbox 762 1393 838 1425; x_wconf 85' lang='lat' dir='ltr'>tam</span> <span class='ocrx_word' id='word_1_179' title='bbox 871 1387 1035 1425; x_wconf 89' lang='lat' dir='ltr'>multum</span> <span class='ocrx_word' id='word_1_180' title='bbox 1067 1388 1205 1440; x_wconf 85' lang='lat' dir='ltr'>placet,</span> <span class='ocrx_word' id='word_1_181' title='bbox 1237 1395 1279 1427; x_wconf 87' lang='lat' dir='ltr'>ut</span> <span class='ocrx_word' id='word_1_182' title='bbox 1312 1400 1395 1427; x_wconf 89' lang='lat' dir='ltr'>eam</span> 
     </span>
     <span class='ocr_line' id='line_1_23' title="bbox 66 1445 1394 1498; baseline 0.002 -15"><span class='ocrx_word' id='word_1_183' title='bbox 66 1445 228 1483; x_wconf 89' lang='lat' dir='ltr'>deorum</span> <span class='ocrx_word' id='word_1_184' title='bbox 267 1457 422 1495; x_wconf 87' lang='lat' dir='ltr'>quoque</span> <span class='ocrx_word' id='word_1_185' title='bbox 463 1457 624 1483; x_wconf 88' lang='lat' dir='ltr'>suorum</span> <span class='ocrx_word' id='word_1_186' title='bbox 657 1445 815 1483; x_wconf 87' lang='lat' dir='ltr'>vocibus</span> <span class='ocrx_word' id='word_1_187' title='bbox 846 1445 1062 1498; x_wconf 84' lang='lat' dir='ltr'>praedicet,</span> <span class='ocrx_word' id='word_1_188' title='bbox 1095 1446 1236 1497; x_wconf 83' lang='lat' dir='ltr'>legitur</span> <span class='ocrx_word' id='word_1_189' title='bbox 1269 1447 1394 1485; x_wconf 83' lang='lat' dir='ltr'>caelos</span> 
     </span>
     <span class='ocr_line' id='line_1_24' title="bbox 67 1503 1396 1557; baseline 0.002 -16"><span class='ocrx_word' id='word_1_190' title='bbox 67 1515 152 1541; x_wconf 90' lang='lat' dir='ltr'>esse</span> <span class='ocrx_word' id='word_1_191' title='bbox 184 1505 398 1553; x_wconf 87' lang='lat' dir='ltr'>perituros:</span> <span class='ocrx_word' id='word_1_192' title='bbox 436 1515 506 1542; x_wconf 87' lang='lat' dir='ltr'>eur</span> <span class='ocrx_word' id='word_1_193' title='bbox 544 1516 667 1554; x_wconf 88' lang='lat' dir='ltr'>usque</span> <span class='ocrx_word' id='word_1_194' title='bbox 700 1503 795 1542; x_wconf 87' lang='lat' dir='ltr'>adeo</span> <span class='ocrx_word' id='word_1_195' title='bbox 828 1516 921 1541; x_wconf 86' lang='lat' dir='ltr'>vana</span> <span class='ocrx_word' id='word_1_196' title='bbox 954 1510 1014 1542; x_wconf 88' lang='lat' dir='ltr'>est</span> <span class='ocrx_word' id='word_1_197' title='bbox 1046 1506 1117 1543; x_wconf 81' lang='lat' dir='ltr'>ista</span> <span class='ocrx_word' id='word_1_198' title='bbox 1150 1505 1314 1557; x_wconf 82' lang='lat' dir='ltr'>fallacia,</span> <span class='ocrx_word' id='word_1_199' title='bbox 1354 1512 1396 1544; x_wconf 86' lang='lat' dir='ltr'>ut</span> 
     </span>
     <span class='ocr_line' id='line_1_25' title="bbox 66 1560 1392 1614; baseline 0.002 -15"><span class='ocrx_word' id='word_1_200' title='bbox 66 1562 105 1599; x_wconf 92' lang='lat' dir='ltr'>in</span> <span class='ocrx_word' id='word_1_201' title='bbox 149 1561 222 1599; x_wconf 89' lang='lat' dir='ltr'>fide</span> <span class='ocrx_word' id='word_1_202' title='bbox 262 1560 570 1599; x_wconf 87' lang='lat' dir='ltr'>Christianorum</span> <span class='ocrx_word' id='word_1_203' title='bbox 614 1562 673 1599; x_wconf 88' lang='lat' dir='ltr'>vel</span> <span class='ocrx_word' id='word_1_204' title='bbox 716 1563 818 1600; x_wconf 85' lang='lat' dir='ltr'>inter</span> <span class='ocrx_word' id='word_1_205' title='bbox 856 1568 985 1600; x_wconf 84' lang='lat' dir='ltr'>cetera</span> <span class='ocrx_word' id='word_1_206' title='bbox 1022 1562 1080 1600; x_wconf 80' lang='lat' dir='ltr'>vol</span> <span class='ocrx_word' id='word_1_207' title='bbox 1117 1575 1209 1614; x_wconf 86' lang='lat' dir='ltr'>prae</span> <span class='ocrx_word' id='word_1_208' title='bbox 1252 1565 1392 1602; x_wconf 86' lang='lat' dir='ltr'>ceteris</span> 
     </span>
    </p>
   </div>
   <div class='ocr_carea' id='block_1_5' title="bbox 66 1618 1430 1673">
    <p class='ocr_par' dir='ltr' id='par_1_5' title="bbox 66 1618 1430 1673">
     <span class='ocr_line' id='line_1_26' title="bbox 66 1618 1430 1673; baseline 0.002 -16"><span class='ocrx_word' id='word_1_209' title='bbox 66 1619 139 1657; x_wconf 86' lang='lat' dir='ltr'>hoc</span> <span class='ocrx_word' id='word_1_210' title='bbox 177 1618 437 1667; x_wconf 84' lang='lat' dir='ltr'>detestentur,</span> <span class='ocrx_word' id='word_1_211' title='bbox 479 1619 581 1670; x_wconf 89' lang='lat' dir='ltr'>quod</span> <span class='ocrx_word' id='word_1_212' title='bbox 619 1621 659 1658; x_wconf 94' lang='lat' dir='ltr'>in</span> <span class='ocrx_word' id='word_1_213' title='bbox 697 1632 740 1658; x_wconf 87' lang='grc'>63</span> <span class='ocrx_word' id='word_1_214' title='bbox 778 1622 976 1670; x_wconf 84' lang='lat' dir='ltr'>periturus</span> <span class='ocrx_word' id='word_1_215' title='bbox 1009 1621 1183 1660; x_wconf 84' lang='lat' dir='ltr'>creditur</span> <span class='ocrx_word' id='word_1_216' title='bbox 1214 1622 1394 1673; x_wconf 84' lang='lat' dir='ltr'>mundus,</span> <span class='ocrx_word' id='word_1_217' title='bbox 1422 1629 1430 1642; x_wconf 67' lang='lat'><em>⁵</em></span> 
     </span>
    </p>
   </div>
   <div class='ocr_carea' id='block_1_6' title="bbox 65 1677 1396 2079">
    <p class='ocr_par' dir='ltr' id='par_1_6' title="bbox 65 1677 1396 2079">
     <span class='ocr_line' id='line_1_27' title="bbox 67 1677 1396 1730; baseline 0.002 -15"><span class='ocrx_word' id='word_1_218' title='bbox 67 1689 143 1727; x_wconf 90' lang='lat' dir='ltr'>quo</span> <span class='ocrx_word' id='word_1_219' title='bbox 180 1678 315 1728; x_wconf 86' lang='lat' dir='ltr'>utique</span> <span class='ocrx_word' id='word_1_220' title='bbox 352 1679 427 1715; x_wconf 90' lang='lat' dir='ltr'>nisi</span> <span class='ocrx_word' id='word_1_221' title='bbox 462 1683 652 1728; x_wconf 88' lang='lat' dir='ltr'>pereunte</span> <span class='ocrx_word' id='word_1_222' title='bbox 691 1677 785 1716; x_wconf 82' lang='lat' dir='ltr'>caeli</span> <span class='ocrx_word' id='word_1_223' title='bbox 824 1680 952 1729; x_wconf 85' lang='lat' dir='ltr'>perire</span> <span class='ocrx_word' id='word_1_224' title='bbox 986 1691 1062 1717; x_wconf 88' lang='lat' dir='ltr'>non</span> <span class='ocrx_word' id='word_1_225' title='bbox 1094 1678 1287 1730; x_wconf 72' lang='lat' dir='ltr'>possunt?</span> <span class='ocrx_word' id='word_1_226' title='bbox 1347 1680 1396 1718; x_wconf 81' lang='lat' dir='ltr'>Et</span> 
     </span>
     <span class='ocr_line' id='line_1_28' title="bbox 65 1735 1395 1789; baseline 0.002 -16"><span class='ocrx_word' id='word_1_227' title='bbox 65 1736 105 1773; x_wconf 87' lang='lat' dir='ltr'>in</span> <span class='ocrx_word' id='word_1_228' title='bbox 136 1735 276 1773; x_wconf 85' lang='lat' dir='ltr'>litteris</span> <span class='ocrx_word' id='word_1_229' title='bbox 309 1735 464 1786; x_wconf 88' lang='lat' dir='ltr'>quidem</span> <span class='ocrx_word' id='word_1_230' title='bbox 497 1737 634 1787; x_wconf 78' lang='lat' dir='ltr'>sacris,</span> <span class='ocrx_word' id='word_1_231' title='bbox 667 1748 763 1787; x_wconf 85' lang='lat' dir='ltr'>quae</span> <span class='ocrx_word' id='word_1_232' title='bbox 796 1738 953 1787; x_wconf 84' lang='lat' dir='ltr'>proprie</span> <span class='ocrx_word' id='word_1_233' title='bbox 986 1743 1141 1776; x_wconf 88' lang='lat' dir='ltr'>nostrae</span> <span class='ocrx_word' id='word_1_234' title='bbox 1175 1745 1285 1789; x_wconf 86' lang='lat' dir='ltr'>sunt,</span> <span class='ocrx_word' id='word_1_235' title='bbox 1319 1751 1395 1776; x_wconf 87' lang='lat' dir='ltr'>non</span> 
     </span>
     <span class='ocr_line' id='line_1_29' title="bbox 66 1792 1396 1847; baseline 0.004 -17"><span class='ocrx_word' id='word_1_236' title='bbox 66 1792 252 1831; x_wconf 87' lang='lat' dir='ltr'>Hebraeis</span> <span class='ocrx_word' id='word_1_237' title='bbox 296 1792 485 1844; x_wconf 87' lang='lat' dir='ltr'>nobisque</span> <span class='ocrx_word' id='word_1_238' title='bbox 529 1806 774 1846; x_wconf 86' lang='lat' dir='ltr'>communes,</span> <span class='ocrx_word' id='word_1_239' title='bbox 817 1794 855 1833; x_wconf 91' lang='lat' dir='ltr'>id</span> <span class='ocrx_word' id='word_1_240' title='bbox 899 1800 958 1833; x_wconf 91' lang='lat' dir='ltr'>est</span> <span class='ocrx_word' id='word_1_241' title='bbox 1001 1797 1040 1833; x_wconf 94' lang='lat' dir='ltr'>in</span> <span class='ocrx_word' id='word_1_242' title='bbox 1085 1796 1314 1847; x_wconf 80' lang='lat' dir='ltr'>evangelicis</span> <span class='ocrx_word' id='word_1_243' title='bbox 1359 1802 1396 1835; x_wconf 93' lang='lat' dir='ltr'>et</span> 
     </span>
     <span class='ocr_line' id='line_1_30' title="bbox 67 1851 1395 1902; baseline 0.003 -13"><span class='ocrx_word' id='word_1_244' title='bbox 67 1851 287 1902; x_wconf 83' lang='lat' dir='ltr'>apostolicis</span> <span class='ocrx_word' id='word_1_245' title='bbox 325 1851 433 1890; x_wconf 89' lang='lat' dir='ltr'>libris</span> <span class='ocrx_word' id='word_1_246' title='bbox 471 1851 630 1902; x_wconf 86' lang='lat' dir='ltr'>legitur:</span> <span class='ocrx_word' id='word_1_247' title='bbox 675 1853 879 1891; x_wconf 73' lang='lat' dir='ltr'>Praeterit</span> <span class='ocrx_word' id='word_1_248' title='bbox 912 1855 1050 1901; x_wconf 72' lang='lat' dir='ltr'>fiyecra</span> <span class='ocrx_word' id='word_1_249' title='bbox 1088 1856 1205 1893; x_wconf 73' lang='lat' dir='ltr'>huius</span> <span class='ocrx_word' id='word_1_250' title='bbox 1236 1856 1395 1900; x_wconf 81' lang='lat' dir='ltr'>mzmd2&#39;;</span> 
     </span>
     <span class='ocr_line' id='line_1_31' title="bbox 65 1908 1393 1961; baseline 0.003 -14"><span class='ocrx_word' id='word_1_251' title='bbox 65 1908 224 1960; x_wconf 82' lang='lat' dir='ltr'>legitur:</span> <span class='ocrx_word' id='word_1_252' title='bbox 258 1909 433 1948; x_wconf 77' lang='lat' dir='ltr'>Mundus</span> <span class='ocrx_word' id='word_1_253' title='bbox 465 1913 611 1948; x_wconf 73' lang='lat' dir='ltr'>transit</span> <span class='ocrx_word' id='word_1_254' title='bbox 620 1924 634 1955; x_wconf 89' lang='lat'><strong><em>;</em></strong></span> <span class='ocrx_word' id='word_1_255' title='bbox 664 1910 823 1961; x_wconf 84' lang='lat' dir='ltr'>legitur:</span> <span class='ocrx_word' id='word_1_256' title='bbox 860 1912 1018 1950; x_wconf 78' lang='lat' dir='ltr'>Caelum</span> <span class='ocrx_word' id='word_1_257' title='bbox 1051 1917 1088 1950; x_wconf 87' lang='lat' dir='ltr'>et</span> <span class='ocrx_word' id='word_1_258' title='bbox 1119 1918 1232 1951; x_wconf 78' lang='lat' dir='ltr'>terra</span> <span class='ocrx_word' id='word_1_259' title='bbox 1265 1919 1393 1951; x_wconf 79' lang='lat' dir='ltr'>trans-</span> 
     </span>
     <span class='ocr_line' id='line_1_32' title="bbox 68 1967 1394 2020; baseline 0.002 -14"><span class='ocrx_word' id='word_1_260' title='bbox 68 1968 188 2006; x_wconf 75' lang='lat' dir='ltr'>ibunt.</span> <span class='ocrx_word' id='word_1_261' title='bbox 251 1967 326 2005; x_wconf 89' lang='lat' dir='ltr'>Sed</span> <span class='ocrx_word' id='word_1_262' title='bbox 352 1974 464 2020; x_wconf 93' lang='lat' dir='ltr'>puto,</span> <span class='ocrx_word' id='word_1_263' title='bbox 497 1968 599 2018; x_wconf 87' lang='lat' dir='ltr'>quod</span> <span class='ocrx_word' id='word_1_264' title='bbox 627 1971 844 2020; x_wconf 75' lang='lat' dir='ltr'>praeterit,</span> <span class='ocrx_word' id='word_1_265' title='bbox 876 1972 1038 2017; x_wconf 74' lang='lat' dir='ltr'>transit,</span> <span class='ocrx_word' id='word_1_266' title='bbox 1072 1972 1301 2009; x_wconf 71' lang='lat' dir='ltr'>transibunt</span> <span class='ocrx_word' id='word_1_267' title='bbox 1331 1971 1394 2009; x_wconf 86' lang='lat' dir='ltr'>ali-</span> 
     </span>
     <span class='ocr_line' id='line_1_33' title="bbox 68 2026 1396 2079; baseline 0.003 -16"><span class='ocrx_word' id='word_1_268' title='bbox 68 2031 212 2076; x_wconf 84' lang='lat' dir='ltr'>quanto</span> <span class='ocrx_word' id='word_1_269' title='bbox 256 2027 388 2064; x_wconf 85' lang='lat' dir='ltr'>mitius</span> <span class='ocrx_word' id='word_1_270' title='bbox 433 2026 534 2064; x_wconf 84' lang='lat' dir='ltr'>diota</span> <span class='ocrx_word' id='word_1_271' title='bbox 578 2033 669 2065; x_wconf 85' lang='lat' dir='ltr'>sunt</span> <span class='ocrx_word' id='word_1_272' title='bbox 722 2039 835 2077; x_wconf 80' lang='lat' dir='ltr'>quani</span> <span class='ocrx_word' id='word_1_273' title='bbox 872 2029 1072 2076; x_wconf 69' lang='lat' dir='ltr'>peribunt.</span> <span class='ocrx_word' id='word_1_274' title='bbox 1147 2028 1189 2066; x_wconf 89' lang='lat' dir='ltr'>In</span> <span class='ocrx_word' id='word_1_275' title='bbox 1232 2029 1396 2079; x_wconf 85' lang='lat' dir='ltr'>epistula</span> 
     </span>
    </p>
   </div>
   <div class='ocr_carea' id='block_1_7' title="bbox 66 2114 1395 2205">
    <p class='ocr_par' dir='ltr' id='par_1_7' title="bbox 66 2114 1395 2205">
     <span class='ocr_line' id='line_1_34' title="bbox 160 2114 1395 2161; baseline 0.002 -12"><span class='ocrx_word' id='word_1_276' title='bbox 160 2117 193 2157; x_wconf 80' lang='lat'>6)</span> <span class='ocrx_word' id='word_1_277' title='bbox 219 2114 276 2150; x_wconf 83' lang='lat' dir='ltr'>Ps.</span> <span class='ocrx_word' id='word_1_278' title='bbox 306 2118 382 2157; x_wconf 89' lang='lat'>101,</span> <span class='ocrx_word' id='word_1_279' title='bbox 409 2119 452 2148; x_wconf 76' lang='lat'>26</span> <span class='ocrx_word' id='word_1_280' title='bbox 479 2126 556 2158; x_wconf 89' lang='lat' dir='ltr'>sqq.</span> <span class='ocrx_word' id='word_1_281' title='bbox 608 2117 664 2158; x_wconf 82' lang='lat'>11)</span> <span class='ocrx_word' id='word_1_282' title='bbox 685 2115 736 2150; x_wconf 88' lang='lat' dir='ltr'>Cf.</span> <span class='ocrx_word' id='word_1_283' title='bbox 763 2115 785 2148; x_wconf 86' lang='lat' dir='ltr'>l.</span> <span class='ocrx_word' id='word_1_284' title='bbox 815 2119 856 2150; x_wconf 88' lang='lat'>19</span> <span class='ocrx_word' id='word_1_285' title='bbox 883 2127 913 2150; x_wconf 84' lang='lat' dir='ltr'>c.</span> <span class='ocrx_word' id='word_1_286' title='bbox 934 2120 988 2151; x_wconf 74' lang='lat'>23.</span> <span class='ocrx_word' id='word_1_287' title='bbox 1040 2119 1096 2159; x_wconf 74' lang='lat'>29)</span> <span class='ocrx_word' id='word_1_288' title='bbox 1126 2121 1154 2150; x_wconf 90' lang='lat'>1.</span> <span class='ocrx_word' id='word_1_289' title='bbox 1177 2115 1255 2152; x_wconf 82' lang='lat' dir='ltr'>Cor.</span> <span class='ocrx_word' id='word_1_290' title='bbox 1285 2122 1314 2161; x_wconf 76' lang='lat'>7,</span> <span class='ocrx_word' id='word_1_291' title='bbox 1340 2122 1395 2151; x_wconf 87' lang='lat'>31.</span> 
     </span>
     <span class='ocr_line' id='line_1_35' title="bbox 66 2161 769 2205; baseline 0.003 -10"><span class='ocrx_word' id='word_1_292' title='bbox 66 2163 125 2205; x_wconf 86' lang='lat'>30)</span> <span class='ocrx_word' id='word_1_293' title='bbox 151 2165 181 2197; x_wconf 87' lang='lat'>1.</span> <span class='ocrx_word' id='word_1_294' title='bbox 208 2161 256 2195; x_wconf 91' lang='lat' dir='ltr'>Io.</span> <span class='ocrx_word' id='word_1_295' title='bbox 284 2165 326 2203; x_wconf 80' lang='lat'>2,</span> <span class='ocrx_word' id='word_1_296' title='bbox 354 2165 394 2194; x_wconf 84' lang='lat'>17</span> <span class='ocrx_word' id='word_1_297' title='bbox 458 2164 515 2205; x_wconf 84' lang='lat'>31)</span> <span class='ocrx_word' id='word_1_298' title='bbox 542 2161 605 2195; x_wconf 77' lang='lat' dir='ltr'>Mt.</span> <span class='ocrx_word' id='word_1_299' title='bbox 633 2166 686 2205; x_wconf 81' lang='lat'>24,</span> <span class='ocrx_word' id='word_1_300' title='bbox 713 2166 769 2197; x_wconf 84' lang='lat'>35.</span> 
     </span>
    </p>
   </div>
   <div class='ocr_carea' id='block_1_8' title="bbox 65 2245 245 2250">
    <p class='ocr_par' dir='ltr' id='par_1_8' title="bbox 65 2245 245 2250">
     <span class='ocr_line' id='line_1_36' title="bbox 65 2245 245 2250; baseline 0 0"><span class='ocrx_word' id='word_1_301' title='bbox 65 2245 245 2250; x_wconf 95' lang='lat' dir='ltr'> </span> 
     </span>
    </p>
   </div>
   <div class='ocr_carea' id='block_1_9' title="bbox 248 2246 343 2250">
    <p class='ocr_par' dir='ltr' id='par_1_9' title="bbox 248 2246 343 2250">
     <span class='ocr_line' id='line_1_37' title="bbox 248 2246 343 2250; baseline 0 0"><span class='ocrx_word' id='word_1_302' title='bbox 248 2246 343 2250; x_wconf 95' lang='lat' dir='ltr'> </span> 
     </span>
    </p>
   </div>
   <div class='ocr_carea' id='block_1_10' title="bbox 161 2289 1113 2384">
    <p class='ocr_par' dir='ltr' id='par_1_10' title="bbox 161 2289 1113 2384">
     <span class='ocr_line' id='line_1_38' title="bbox 161 2289 1026 2333; baseline 0.002 -10"><span class='ocrx_word' id='word_1_303' title='bbox 161 2292 180 2323; x_wconf 87' lang='lat'>5</span> <span class='ocrx_word' id='word_1_304' title='bbox 204 2289 432 2323; x_wconf 75' lang='lat' dir='ltr'>veterascent</span> <span class='ocrx_word' id='word_1_305' title='bbox 456 2299 475 2322; x_wconf 83' lang='lat' dir='ltr'><em>v</em></span> <span class='ocrx_word' id='word_1_306' title='bbox 495 2290 506 2331; x_wconf 85' lang='grc' dir='ltr'>ΙΙ</span> <span class='ocrx_word' id='word_1_307' title='bbox 525 2292 569 2322; x_wconf 82' lang='lat'>24</span> <span class='ocrx_word' id='word_1_308' title='bbox 594 2289 653 2324; x_wconf 87' lang='lat' dir='ltr'>vel</span> <span class='ocrx_word' id='word_1_309' title='bbox 678 2291 822 2333; x_wconf 81' lang='lat' dir='ltr'>praeter</span> <span class='ocrx_word' id='word_1_310' title='bbox 848 2292 969 2325; x_wconf 77' lang='lat' dir='ltr'>cetera</span> <span class='ocrx_word' id='word_1_311' title='bbox 994 2292 1026 2324; x_wconf 76' lang='lat' dir='ltr'><em>A</em></span> 
     </span>
     <span class='ocr_line' id='line_1_39' title="bbox 1043 2349 1113 2384; baseline 0.014 -1"><span class='ocrx_word' id='word_1_312' title='bbox 1043 2349 1113 2384; x_wconf 82' lang='lat'>30*</span> 
     </span>
    </p>
   </div>
   <div class='ocr_carea' id='block_1_11' title="bbox 1424 755 1466 785">
    <p class='ocr_par' dir='ltr' id='par_1_11' title="bbox 1424 755 1466 785">
     <span class='ocr_line' id='line_1_40' title="bbox 1424 755 1466 785; baseline 0 -1"><span class='ocrx_word' id='word_1_313' title='bbox 1424 755 1466 785; x_wconf 89' lang='lat'>10</span> 
     </span>
    </p>
   </div>
   <div class='ocr_carea' id='block_1_12' title="bbox 1427 1046 1466 1075">
    <p class='ocr_par' dir='ltr' id='par_1_12' title="bbox 1427 1046 1466 1075">
     <span class='ocr_line' id='line_1_41' title="bbox 1427 1046 1466 1075; baseline 0.026 -1"><span class='ocrx_word' id='word_1_314' title='bbox 1427 1046 1466 1075; x_wconf 82' lang='lat'>15</span> 
     </span>
    </p>
   </div>
   <div class='ocr_carea' id='block_1_13' title="bbox 1422 1920 1465 1950">
    <p class='ocr_par' dir='ltr' id='par_1_13' title="bbox 1422 1920 1465 1950">
     <span class='ocr_line' id='line_1_42' title="bbox 1422 1920 1465 1950; baseline 0.023 -1"><span class='ocrx_word' id='word_1_315' title='bbox 1422 1920 1465 1950; x_wconf 81' lang='lat'>30</span> 
     </span>
    </p>
   </div>
  </div>
 </body>
</html>
