1548 2562
431 155 483 180 DE
503 155 693 180 CIVITATE
712 156 781 180 Dm
801 156 835 181 L.
855 155 936 180 xlx.
957 155 985 180 c.
1006 157 1030 180 c.
1310 146 1395 187 365

62 245 211 284 diutius
242 244 305 282 illa
337 245 531 282 sustinere
564 249 776 282 tormenta:
808 244 910 294 quod
943 256 1020 282 non
1053 246 1259 297 commisit,
1292 256 1394 283 com-

64 304 216 342 misisse
254 315 295 341 se
334 302 438 340 dicit.
500 301 585 347 Quo
619 302 798 340 damnato
831 304 1065 354 et'occisos
1087 308 1221 341 utrum
1253 315 1394 341 nocen-

65 367 143 400 tem
183 373 230 399 an
269 362 517 398 innocentem
555 360 679 398 iudex*
708 360 912 411 occiderit,
945 360 1070 399 adhuc
1101 362 1246 413 nescit,
1279 373 1395 411 quem

64 432 112 458 ne
151 421 400 457 innocentem
436 419 616 456 nesciens
653 418 850 457 occideret
888 420 1019 471 torsit;
1057 431 1100 457 ac
1131 431 1202 470 per
1232 419 1306 458 hoc
1338 421 1394 458 in-

63 482 268 515 nocentem
301 482 340 515 et
370 481 415 514 ut
446 478 566 514 sciret
595 477 722 527 torsit,
754 482 792 514 et
824 476 916 514 dum
948 479 1119 516 nesciret
1149 477 1301 516 occidit.
1351 477 1395 516 In
1422 486 1442 515 5

61 535 122 574 his
168 535 342 574 tenebris
384 536 484 573 vitae
522 534 674 573 socialis
714 535 863 573 sedebit
901 535 1016 573 iudex
1057 535 1120 574 ille
1154 538 1307 587 sapiens
1348 548 1396 575 an

61 606 139 632 non
182 591 367 632 audebit?
429 592 587 631 Sedebit
628 592 752 643 plane.
815 592 1057 644 Constringit
1094 596 1198 632 enim
1236 607 1326 633 eum
1357 600 1398 634 et

61 652 107 690 ad
133 651 205 690 hoc
233 652 404 690 officium
435 651 626 701 pertrahit
657 651 824 689 humana
856 653 1034 704 societas,
1066 664 1181 702 quam
1213 653 1396 691 deserere

62 710 170 748 nefas
197 710 314 748 ducit.
375 709 458 747 Hoc
484 712 588 748 enim
620 710 728 747 nefas
761 722 846 747 esse
879 722 956 748 non
989 711 1107 762 ducit,
1138 711 1242 761 quod
1275 716 1396 750 testes

60 770 290 807 innocentes
321 769 361 806 in
393 768 520 806 causis
552 773 788 818 torquentur
820 768 973 820 alienis3
1006 769 1109 819 quod
1140 769 1197 820 hi,
1238 771 1304 820 qui
1336 781 1394 808 ar·
1424 778 1467 808 10

34 870 36 874 ,
60 832 247 878 guuntur,
278 828 314 865 vi
341 826 486 864 doloris
512 826 742 877 plerumque
770 828 943 877 superati
969 827 1080 865 et‘de
1107 839 1148 865 se
1181 827 1274 865 salsa
1306 840 1396 866 con·

60 885 154 923 fessi
192 886 308 923 etiam
346 886 564 936 puniuntur
601 886 849 936 innocentes,
887 897 975 923 cum
1013 886 1088 923 iam
1125 887 1218 923 torti
1251 887 1398 924 fuerint

60 944 309 994 innocentes3
347 943 467 995 quod,
499 944 573 981 etsi
604 955 681 980 non
713 948 838 980 morte
871 944 1100 995 puniantur,
1139 945 1178 981 in
1211 945 1305 994 ipsis
1338 944 1397 982 vel

61 1014 107 1039 ex
139 1003 235 1052 ipsis
273 1002 477 1039 tormentis
514 1000 745 1051 plerumque
777 1003 1017 1052 moriuntur3
1055 1001 1158 1051 quod
1191 1002 1415 1052 aliquando,

61 1064 100 1097 et
132 1061 224 1111 ipsi,
262 1061 330 1110 qui
362 1065 548 1111 arguunt,
586 1059 776 1097 humanae
809 1061 985 1097 societati
1016 1060 1198 1107 fortasse,
1240 1073 1288 1098 ne
1322 1062 1395 1098 cri·
1425 1067 1466 1098 15

61 1119 163 1156 mina
205 1119 381 1168 inpunita
422 1112 521 1169 sint,
565 1117 751 1168 prodesse
792 1119 996 1168 cupientes
1037 1123 1077 1156 et
1116 1118 1396 1157 mentientibus

59 1175 226 1223 testibus
268 1188 413 1226 reoque
454 1177 538 1226 ipso
581 1181 716 1214 contra
754 1181 947 1214 tormenta
985 1176 1150 1215 durante
1188 1179 1397 1215 inmaniter

60 1246 134 1272 nec
167 1235 310 1272 fatente
342 1234 509 1285 probare
542 1234 645 1284 quod
678 1233 852 1272 obiciunt
884 1246 961 1272 non
993 1235 1180 1287 valentes,
1222 1236 1396 1285 quamvis

62 1304 152 1331 vera
184 1292 418 1344 obiecerint,
456 1304 477 1330 a
507 1292 635 1330 iudice
668 1294 867 1330 nesciente
900 1292 1142 1332 damnantur.
1204 1293 1307 1331 Haec
1338 1299 1397 1332 tot

60 1356 100 1389 et
137 1356 242 1389 tanta
280 1350 378 1389 mala
416 1363 495 1388 non
533 1350 692 1401 deputat
731 1363 816 1389 esse
848 1357 1023 1402 peccata3
1056 1363 1133 1389 non
1166 1353 1270 1389 enim
1301 1352 1395 1390 haec
1422 1359 1466 1391 20

62 1409 154 1447 facit
198 1410 352 1459 sapiens
396 1409 510 1447 iudex
562 1408 729 1446 nocendi
778 1409 1000 1461 voluntate,
1050 1410 1117 1448 sed
1161 1412 1395 1449 necessitate

60 1467 272 1519 nesciendi,
304 1473 343 1505 et
374 1472 520 1518 tamen,
553 1468 642 1517 quia
674 1468 778 1517 cogit
809 1466 976 1505 humana
1010 1470 1195 1519 societas,
1228 1471 1396 1507 necessi-

59 1530 138 1563 tate
177 1527 292 1563 etiam
329 1525 537 1563 iudicandi.
598 1525 701 1563 Haec
740 1531 799 1563 est
836 1538 928 1575 ergo
968 1538 1082 1575 quam
1120 1527 1285 1565 dicimus
1327 1529 1395 1565 mi—

61 1585 163 1622 seria
195 1589 301 1622 certe
334 1583 521 1634 hominis,
559 1585 632 1622 etsi
670 1595 747 1621 non
780 1583 923 1621 malitia
956 1585 1163 1634 sapientis„
1214 1586 1272 1622 An
1304 1597 1395 1623 vero

62 1643 296 1680 necessitate
342 1642 541 1680 nesciendi
592 1647 707 1691 atque
757 1641 951 1679 iudicandi
1002 1647 1160 1692 torquet
1209 1644 1396 1696 insontes,
1422 1651 1464 1682 25

62 1702 175 1751 punit
206 1701 398 1751 insontes,
436 1705 475 1738 et
504 1711 643 1750 parum
682 1704 741 1737 est
773 1699 843 1750 illi,
881 1699 983 1749 quod
1016 1712 1093 1738 non
1126 1706 1186 1754 est
1216 1713 1325 1753 reus,
1363 1704 1397 1740 si

61 1770 138 1796 non
191 1759 241 1796 sit
290 1759 450 1808 insuper
500 1763 539 1795 et
586 1755 754 1795 beatus?
821 1758 973 1802 Quanto
1024 1759 1308 1798 consideratius
1358 1766 1397 1798 et

63 1816 219 1854 homine
246 1816 400 1866 dignius
427 1817 601 1866 agnoscit
626 1817 666 1853 in
698 1817 771 1867 ista
803 1817 1033 1855 necessitate
1067 1819 1259 1856 miseriam
1294 1830 1393 1856 eam-

64 1886 138 1925 que
172 1874 252 1912 odit
283 1876 322 1912 in
355 1886 396 1912 se
428 1880 478 1926 et,
511 1875 543 1912 si
573 1875 635 1924 pie
669 1875 779 1924 sapit,
811 1874 949 1922 clamat
980 1874 1026 1913 ad
1059 1875 1198 1915 Deum:
1238 1876 1298 1915 De
1328 1889 1393 1915 ne-

61 1934 311 1971 cessitatibus
343 1935 439 1971 meis
471 1944 567 1971 erue
598 1934 679 1970 me!
1421 1943 1465 1974 30

156 2046 213 2086 30)
238 2045 295 2079 Ps.
322 2048 378 2087 24,
405 2049 458 2079 17.

159 2199 175 2228 7
203 2194 352 2229 audebit
376 2205 465 2236 mss;
491 2195 632 2229 sedebit
654 2206 675 2229 v
