<?xml version="1.0" encoding="UTF-8"?>
<!DOCTYPE html PUBLIC "-//W3C//DTD XHTML 1.0 Transitional//EN"
    "http://www.w3.org/TR/xhtml1/DTD/xhtml1-transitional.dtd">
<html xmlns="http://www.w3.org/1999/xhtml" xml:lang="en" lang="en">
 <head>
  <title>
</title>
<meta http-equiv="Content-Type" content="text/html;charset=utf-8" />
  <meta name='ocr-system' content='tesseract 3.04.00' />
  <meta name='ocr-capabilities' content='ocr_page ocr_carea ocr_par ocr_line ocrx_word'/>
</head>
<body>
  <div class='ocr_page' id='page_1' title='image "./sanctiaureliiaug02auguuoft_0059.png"; bbox 0 0 1548 2562; ppageno 0'>
   <div class='ocr_carea' id='block_1_1' title="bbox 385 141 1383 182">
    <p class='ocr_par' dir='ltr' id='par_1_1' title="bbox 385 141 1383 182">
     <span class='ocr_line' id='line_1_1' title="bbox 385 141 1383 182; baseline -0.006 -3"><span class='ocrx_word' id='word_1_1' title='bbox 385 155 437 179; x_wconf 80' lang='lat' dir='ltr'>DE</span> <span class='ocrx_word' id='word_1_2' title='bbox 457 153 642 179; x_wconf 76' lang='lat' dir='ltr'>01v1TA⁷rE</span> <span class='ocrx_word' id='word_1_3' title='bbox 661 153 731 178; x_wconf 84' lang='lat' dir='ltr'>DEI</span> <span class='ocrx_word' id='word_1_4' title='bbox 749 153 782 178; x_wconf 83' lang='lat' dir='ltr'>L.</span> <span class='ocrx_word' id='word_1_5' title='bbox 802 152 882 177; x_wconf 78' lang='lat' dir='ltr'>xlv.</span> <span class='ocrx_word' id='word_1_6' title='bbox 902 151 931 177; x_wconf 89' lang='lat' dir='ltr'>c.</span> <span class='ocrx_word' id='word_1_7' title='bbox 951 151 992 177; x_wconf 87' lang='lat'>25.</span> <span class='ocrx_word' id='word_1_8' title='bbox 1012 151 1054 176; x_wconf 78' lang='lat'>26.</span> <span class='ocrx_word' id='word_1_9' title='bbox 1328 141 1383 182; x_wconf 82' lang='lat'>53</span> 
     </span>
    </p>
   </div>
   <div class='ocr_carea' id='block_1_2' title="bbox 60 239 1386 644">
    <p class='ocr_par' dir='ltr' id='par_1_2' title="bbox 60 239 1386 644">
     <span class='ocr_line' id='line_1_2' title="bbox 60 239 1386 294; baseline -0.005 -12"><span class='ocrx_word' id='word_1_10' title='bbox 60 250 99 282; x_wconf 89' lang='lat' dir='ltr'>et</span> <span class='ocrx_word' id='word_1_11' title='bbox 123 243 300 294; x_wconf 83' lang='lat' dir='ltr'>habetur,</span> <span class='ocrx_word' id='word_1_12' title='bbox 332 244 473 281; x_wconf 88' lang='lat' dir='ltr'>ceteris</span> <span class='ocrx_word' id='word_1_13' title='bbox 499 241 678 281; x_wconf 90' lang='lat' dir='ltr'>omnibus</span> <span class='ocrx_word' id='word_1_14' title='bbox 703 241 820 280; x_wconf 89' lang='lat' dir='ltr'>rebus</span> <span class='ocrx_word' id='word_1_15' title='bbox 852 239 1103 278; x_wconf 83' lang='lat' dir='ltr'>excellentius</span> <span class='ocrx_word' id='word_1_16' title='bbox 1134 250 1293 277; x_wconf 88' lang='lat' dir='ltr'>necesse</span> <span class='ocrx_word' id='word_1_17' title='bbox 1326 245 1386 277; x_wconf 88' lang='lat' dir='ltr'>est</span> 
     </span>
     <span class='ocr_line' id='line_1_3' title="bbox 61 297 1384 353; baseline -0.005 -13"><span class='ocrx_word' id='word_1_18' title='bbox 61 308 236 353; x_wconf 82' lang='lat' dir='ltr'>ametur,</span> <span class='ocrx_word' id='word_1_19' title='bbox 280 302 462 351; x_wconf 87' lang='lat' dir='ltr'>quoniam</span> <span class='ocrx_word' id='word_1_20' title='bbox 504 306 665 351; x_wconf 89' lang='lat' dir='ltr'>propter</span> <span class='ocrx_word' id='word_1_21' title='bbox 707 300 805 338; x_wconf 91' lang='lat' dir='ltr'>hanc</span> <span class='ocrx_word' id='word_1_22' title='bbox 849 298 1051 337; x_wconf 88' lang='lat' dir='ltr'>amandum</span> <span class='ocrx_word' id='word_1_23' title='bbox 1096 302 1155 335; x_wconf 90' lang='lat' dir='ltr'>est</span> <span class='ocrx_word' id='word_1_24' title='bbox 1197 297 1384 347; x_wconf 88' lang='lat' dir='ltr'>quidquid</span> 
     </span>
     <span class='ocr_line' id='line_1_4' title="bbox 60 357 1385 407; baseline -0.004 -9"><span class='ocrx_word' id='word_1_25' title='bbox 60 360 161 399; x_wconf 91' lang='lat' dir='ltr'>aliud</span> <span class='ocrx_word' id='word_1_26' title='bbox 201 365 361 398; x_wconf 86' lang='lat' dir='ltr'>amatur.</span> <span class='ocrx_word' id='word_1_27' title='bbox 421 359 544 397; x_wconf 91' lang='lat' dir='ltr'>Porro</span> <span class='ocrx_word' id='word_1_28' title='bbox 583 360 615 396; x_wconf 93' lang='lat' dir='ltr'>si</span> <span class='ocrx_word' id='word_1_29' title='bbox 653 364 801 397; x_wconf 85' lang='lat' dir='ltr'>tantum</span> <span class='ocrx_word' id='word_1_30' title='bbox 842 362 1010 407; x_wconf 84' lang='lat' dir='ltr'>amatur,</span> <span class='ocrx_word' id='word_1_31' title='bbox 1048 361 1235 407; x_wconf 86' lang='lat' dir='ltr'>quantum</span> <span class='ocrx_word' id='word_1_32' title='bbox 1266 357 1385 393; x_wconf 89' lang='lat' dir='ltr'>amari</span> 
     </span>
     <span class='ocr_line' id='line_1_5' title="bbox 61 414 1385 469; baseline -0.005 -12"><span class='ocrx_word' id='word_1_33' title='bbox 61 419 174 469; x_wconf 86' lang='lat' dir='ltr'>digna</span> <span class='ocrx_word' id='word_1_34' title='bbox 217 423 276 456; x_wconf 85' lang='lat' dir='ltr'>est</span> <span class='ocrx_word' id='word_1_35' title='bbox 316 414 414 467; x_wconf 88' lang='lat' dir='ltr'>(non</span> <span class='ocrx_word' id='word_1_36' title='bbox 456 418 558 455; x_wconf 88' lang='lat' dir='ltr'>enim</span> <span class='ocrx_word' id='word_1_37' title='bbox 595 416 731 455; x_wconf 89' lang='lat' dir='ltr'>heatus</span> <span class='ocrx_word' id='word_1_38' title='bbox 771 422 849 468; x_wconf 79' lang='lat' dir='ltr'>est,</span> <span class='ocrx_word' id='word_1_39' title='bbox 891 428 910 453; x_wconf 91' lang='lat' dir='ltr'>a</span> <span class='ocrx_word' id='word_1_40' title='bbox 948 427 1023 465; x_wconf 89' lang='lat' dir='ltr'>quo</span> <span class='ocrx_word' id='word_1_41' title='bbox 1055 416 1136 466; x_wconf 87' lang='lat' dir='ltr'>ipsa</span> <span class='ocrx_word' id='word_1_42' title='bbox 1168 414 1279 452; x_wconf 87' lang='lat' dir='ltr'>beata</span> <span class='ocrx_word' id='word_1_43' title='bbox 1310 415 1385 452; x_wconf 91' lang='lat' dir='ltr'>vita</span> 
     </span>
     <span class='ocr_line' id='line_1_6' title="bbox 60 471 1385 527; baseline -0.004 -12"><span class='ocrx_word' id='word_1_44' title='bbox 60 489 137 515; x_wconf 91' lang='lat' dir='ltr'>non</span> <span class='ocrx_word' id='word_1_45' title='bbox 170 482 318 515; x_wconf 88' lang='lat' dir='ltr'>amatur</span> <span class='ocrx_word' id='word_1_46' title='bbox 351 480 395 514; x_wconf 90' lang='lat' dir='ltr'>ut</span> <span class='ocrx_word' id='word_1_47' title='bbox 425 475 540 526; x_wconf 87' lang='lat' dir='ltr'>digna</span> <span class='ocrx_word' id='word_1_48' title='bbox 572 471 667 527; x_wconf 80' lang='lat' dir='ltr'>est):</span> <span class='ocrx_word' id='word_1_49' title='bbox 707 476 791 512; x_wconf 84' lang='lat' dir='ltr'>fieri</span> <span class='ocrx_word' id='word_1_50' title='bbox 823 486 900 512; x_wconf 90' lang='lat' dir='ltr'>non</span> <span class='ocrx_word' id='word_1_51' title='bbox 931 478 1078 524; x_wconf 81' lang='lat' dir='ltr'>potest,</span> <span class='ocrx_word' id='word_1_52' title='bbox 1109 477 1153 511; x_wconf 90' lang='lat' dir='ltr'>ut</span> <span class='ocrx_word' id='word_1_53' title='bbox 1183 484 1287 525; x_wconf 82' lang='lat' dir='ltr'>eam,</span> <span class='ocrx_word' id='word_1_54' title='bbox 1319 474 1385 523; x_wconf 92' lang='lat' dir='ltr'>qui</span> 
     </span>
     <span class='ocr_line' id='line_1_7' title="bbox 60 531 1386 587; baseline -0.003 -14"><span class='ocrx_word' id='word_1_55' title='bbox 60 537 115 574; x_wconf 90' lang='lat' dir='ltr'>sic</span> <span class='ocrx_word' id='word_1_56' title='bbox 155 540 276 587; x_wconf 83' lang='lat' dir='ltr'>amat,</span> <span class='ocrx_word' id='word_1_57' title='bbox 320 546 397 572; x_wconf 91' lang='lat' dir='ltr'>non</span> <span class='ocrx_word' id='word_1_58' title='bbox 441 539 637 572; x_wconf 80' lang='lat' dir='ltr'>aeternam</span> <span class='ocrx_word' id='word_1_59' title='bbox 678 533 779 571; x_wconf 89' lang='lat' dir='ltr'>velit.</span> <span class='ocrx_word' id='word_1_60' title='bbox 841 532 951 570; x_wconf 90' lang='lat' dir='ltr'>Tunc</span> <span class='ocrx_word' id='word_1_61' title='bbox 991 533 1110 582; x_wconf 86' lang='lat' dir='ltr'>igitur</span> <span class='ocrx_word' id='word_1_62' title='bbox 1148 531 1259 570; x_wconf 88' lang='lat' dir='ltr'>beata</span> <span class='ocrx_word' id='word_1_63' title='bbox 1300 532 1386 582; x_wconf 83' lang='lat' dir='ltr'>erit,</span> 
     </span>
     <span class='ocr_line' id='line_1_8' title="bbox 60 593 516 644; baseline -0.004 -12"><span class='ocrx_word' id='word_1_64' title='bbox 60 593 212 644; x_wconf 90' lang='lat' dir='ltr'>quando</span> <span class='ocrx_word' id='word_1_65' title='bbox 244 598 400 631; x_wconf 87' lang='lat' dir='ltr'>aeterna</span> <span class='ocrx_word' id='word_1_66' title='bbox 431 593 516 631; x_wconf 90' lang='lat' dir='ltr'>erit.</span> 
     </span>
    </p>
   </div>
   <div class='ocr_carea' id='block_1_3' title="bbox 557 715 896 758">
    <p class='ocr_par' dir='ltr' id='par_1_3' title="bbox 557 715 896 758">
     <span class='ocr_line' id='line_1_9' title="bbox 557 715 896 758; baseline -0.006 0"><span class='ocrx_word' id='word_1_67' title='bbox 557 715 710 758; x_wconf 79' lang='lat' dir='ltr'>CAPUT</span> <span class='ocrx_word' id='word_1_68' title='bbox 743 715 896 757; x_wconf 87' lang='lat' dir='ltr'>XXVI.</span> 
     </span>
    </p>
   </div>
   <div class='ocr_carea' id='block_1_4' title="bbox 68 801 1386 966">
    <p class='ocr_par' dir='ltr' id='par_1_4' title="bbox 68 801 1386 966">
     <span class='ocr_line' id='line_1_10' title="bbox 68 801 1386 851; baseline -0.002 -9"><span class='ocrx_word' id='word_1_69' title='bbox 68 804 184 850; x_wconf 78' lang='lat' dir='ltr'>Quod</span> <span class='ocrx_word' id='word_1_70' title='bbox 218 801 396 851; x_wconf 72' lang='lat' dir='ltr'><em>felicitas</em></span> <span class='ocrx_word' id='word_1_71' title='bbox 434 804 475 840; x_wconf 76' lang='lat' dir='ltr'>in</span> <span class='ocrx_word' id='word_1_72' title='bbox 514 803 708 850; x_wconf 74' lang='lat' dir='ltr'><em>paradiso</em></span> <span class='ocrx_word' id='word_1_73' title='bbox 747 803 957 839; x_wconf 71' lang='lat' dir='ltr'>viventium</span> <span class='ocrx_word' id='word_1_74' title='bbox 994 802 1079 839; x_wconf 68' lang='lat' dir='ltr'>sine</span> <span class='ocrx_word' id='word_1_75' title='bbox 1117 802 1386 839; x_wconf 80' lang='lat' dir='ltr'>erubescendo</span> 
     </span>
     <span class='ocr_line' id='line_1_11' title="bbox 153 859 1301 910; baseline -0.002 -11"><span class='ocrx_word' id='word_1_76' title='bbox 153 863 329 910; x_wconf 75' lang='lat' dir='ltr'>appetitu</span> <span class='ocrx_word' id='word_1_77' title='bbox 359 861 586 908; x_wconf 73' lang='lat' dir='ltr'>qenerandz&#39;</span> <span class='ocrx_word' id='word_1_78' title='bbox 615 859 791 907; x_wconf 73' lang='lat' dir='ltr'>officium</span> <span class='ocrx_word' id='word_1_79' title='bbox 823 860 1026 897; x_wconf 76' lang='lat' dir='ltr'>credenda</span> <span class='ocrx_word' id='word_1_80' title='bbox 1057 861 1108 897; x_wconf 72' lang='lat' dir='ltr'>sit</span> <span class='ocrx_word' id='word_1_81' title='bbox 1140 861 1301 907; x_wconf 74' lang='lat' dir='ltr'>implere</span> 
     </span>
     <span class='ocr_line' id='line_1_12' title="bbox 624 920 810 966; baseline -0.005 -10"><span class='ocrx_word' id='word_1_82' title='bbox 624 920 810 966; x_wconf 74' lang='lat' dir='ltr'>potuisse.</span> 
     </span>
    </p>
   </div>
   <div class='ocr_carea' id='block_1_5' title="bbox 58 997 1392 2101">
    <p class='ocr_par' dir='ltr' id='par_1_5' title="bbox 58 997 1392 2101">
     <span class='ocr_line' id='line_1_13' title="bbox 178 997 1387 1050; baseline 0 -13"><span class='ocrx_word' id='word_1_83' title='bbox 178 999 335 1038; x_wconf 82' lang='lat' dir='ltr'>Vivebat</span> <span class='ocrx_word' id='word_1_84' title='bbox 361 1001 490 1049; x_wconf 90' lang='lat' dir='ltr'>itaque</span> <span class='ocrx_word' id='word_1_85' title='bbox 517 998 631 1037; x_wconf 92' lang='lat' dir='ltr'>homo</span> <span class='ocrx_word' id='word_1_86' title='bbox 658 1000 696 1037; x_wconf 93' lang='lat' dir='ltr'>in</span> <span class='ocrx_word' id='word_1_87' title='bbox 722 997 900 1049; x_wconf 82' lang='lat' dir='ltr'>paradiso</span> <span class='ocrx_word' id='word_1_88' title='bbox 932 999 1033 1037; x_wconf 87' lang='lat' dir='ltr'>sicut</span> <span class='ocrx_word' id='word_1_89' title='bbox 1064 998 1226 1050; x_wconf 84' lang='lat' dir='ltr'>volebat,</span> <span class='ocrx_word' id='word_1_90' title='bbox 1257 1011 1387 1049; x_wconf 88' lang='lat' dir='ltr'>quam-</span> 
     </span>
     <span class='ocr_line' id='line_1_14' title="bbox 61 1056 1388 1109; baseline -0.003 -11"><span class='ocrx_word' id='word_1_91' title='bbox 61 1060 126 1098; x_wconf 89' lang='lat' dir='ltr'>diu</span> <span class='ocrx_word' id='word_1_92' title='bbox 166 1058 240 1096; x_wconf 92' lang='lat' dir='ltr'>hoc</span> <span class='ocrx_word' id='word_1_93' title='bbox 278 1057 428 1096; x_wconf 89' lang='lat' dir='ltr'>volebat</span> <span class='ocrx_word' id='word_1_94' title='bbox 469 1057 570 1108; x_wconf 91' lang='lat' dir='ltr'>quod</span> <span class='ocrx_word' id='word_1_95' title='bbox 602 1057 706 1096; x_wconf 89' lang='lat' dir='ltr'>Deus</span> <span class='ocrx_word' id='word_1_96' title='bbox 737 1059 920 1108; x_wconf 82' lang='lat' dir='ltr'>iusserat3</span> <span class='ocrx_word' id='word_1_97' title='bbox 952 1056 1102 1095; x_wconf 81' lang='lat' dir='ltr'><strong>vivebat</strong></span> <span class='ocrx_word' id='word_1_98' title='bbox 1132 1057 1265 1095; x_wconf 81' lang='lat' dir='ltr'>fruens</span> <span class='ocrx_word' id='word_1_99' title='bbox 1296 1056 1388 1109; x_wconf 82' lang='lat' dir='ltr'>Deo,</span> 
     </span>
     <span class='ocr_line' id='line_1_15' title="bbox 61 1115 1388 1168; baseline -0.002 -13"><span class='ocrx_word' id='word_1_100' title='bbox 61 1130 107 1156; x_wconf 86' lang='lat' dir='ltr'>ex</span> <span class='ocrx_word' id='word_1_101' title='bbox 149 1129 225 1168; x_wconf 90' lang='lat' dir='ltr'>quo</span> <span class='ocrx_word' id='word_1_102' title='bbox 266 1116 368 1154; x_wconf 88' lang='lat' dir='ltr'>bono</span> <span class='ocrx_word' id='word_1_103' title='bbox 401 1121 483 1154; x_wconf 88' lang='lat' dir='ltr'>erat</span> <span class='ocrx_word' id='word_1_104' title='bbox 513 1115 656 1167; x_wconf 81' lang='lat' dir='ltr'>bonus3</span> <span class='ocrx_word' id='word_1_105' title='bbox 696 1115 844 1153; x_wconf 82' lang='lat' dir='ltr'>vivebat</span> <span class='ocrx_word' id='word_1_106' title='bbox 885 1117 966 1153; x_wconf 83' lang='lat' dir='ltr'>sine</span> <span class='ocrx_word' id='word_1_107' title='bbox 1000 1115 1074 1153; x_wconf 88' lang='lat' dir='ltr'>ulla</span> <span class='ocrx_word' id='word_1_108' title='bbox 1106 1120 1294 1168; x_wconf 83' lang='lat' dir='ltr'>egestate,</span> <span class='ocrx_word' id='word_1_109' title='bbox 1337 1117 1388 1154; x_wconf 86' lang='lat' dir='ltr'>ita</span> 
     </span>
     <span class='ocr_line' id='line_1_16' title="bbox 63 1173 1387 1226; baseline -0.002 -12"><span class='ocrx_word' id='word_1_110' title='bbox 63 1187 217 1226; x_wconf 84' lang='lat' dir='ltr'>semper</span> <span class='ocrx_word' id='word_1_111' title='bbox 242 1177 370 1213; x_wconf 87' lang='lat' dir='ltr'>vivere</span> <span class='ocrx_word' id='word_1_112' title='bbox 398 1174 543 1212; x_wconf 91' lang='lat' dir='ltr'>habens</span> <span class='ocrx_word' id='word_1_113' title='bbox 574 1176 614 1212; x_wconf 92' lang='lat' dir='ltr'>in</span> <span class='ocrx_word' id='word_1_114' title='bbox 646 1179 848 1225; x_wconf 80' lang='lat' dir='ltr'>potestate.</span> <span class='ocrx_word' id='word_1_115' title='bbox 910 1173 1028 1211; x_wconf 83' lang='lat' dir='ltr'>Cibus</span> <span class='ocrx_word' id='word_1_116' title='bbox 1060 1174 1191 1212; x_wconf 88' lang='lat' dir='ltr'>aderat</span> <span class='ocrx_word' id='word_1_117' title='bbox 1222 1186 1270 1212; x_wconf 88' lang='lat' dir='ltr'>ne</span> <span class='ocrx_word' id='word_1_118' title='bbox 1303 1186 1387 1212; x_wconf 84' lang='lat' dir='ltr'>esu-</span> 
     </span>
     <span class='ocr_line' id='line_1_17' title="bbox 61 1232 1387 1286; baseline -0.002 -14"><span class='ocrx_word' id='word_1_119' title='bbox 61 1236 168 1286; x_wconf 87' lang='lat' dir='ltr'>riret,</span> <span class='ocrx_word' id='word_1_120' title='bbox 200 1239 316 1284; x_wconf 88' lang='lat' dir='ltr'>potus</span> <span class='ocrx_word' id='word_1_121' title='bbox 349 1246 396 1271; x_wconf 88' lang='lat' dir='ltr'>ne</span> <span class='ocrx_word' id='word_1_122' title='bbox 430 1234 568 1285; x_wconf 78' lang='lat' dir='ltr'>sitiret,</span> <span class='ocrx_word' id='word_1_123' title='bbox 599 1232 746 1283; x_wconf 84' lang='lat' dir='ltr'>lignum</span> <span class='ocrx_word' id='word_1_124' title='bbox 778 1233 875 1270; x_wconf 88' lang='lat' dir='ltr'>vitae</span> <span class='ocrx_word' id='word_1_125' title='bbox 908 1244 955 1270; x_wconf 91' lang='lat' dir='ltr'>ne</span> <span class='ocrx_word' id='word_1_126' title='bbox 987 1232 1095 1271; x_wconf 88' lang='lat' dir='ltr'>illum</span> <span class='ocrx_word' id='word_1_127' title='bbox 1127 1238 1283 1271; x_wconf 81' lang='lat' dir='ltr'>senecta</span> <span class='ocrx_word' id='word_1_128' title='bbox 1314 1233 1387 1271; x_wconf 81' lang='lat' dir='ltr'>dis-</span> 
     </span>
     <span class='ocr_line' id='line_1_18' title="bbox 64 1290 1388 1342; baseline -0.001 -12"><span class='ocrx_word' id='word_1_129' title='bbox 64 1292 242 1331; x_wconf 81' lang='lat' dir='ltr'>solveret.</span> <span class='ocrx_word' id='word_1_130' title='bbox 303 1291 405 1330; x_wconf 90' lang='lat' dir='ltr'>Nihil</span> <span class='ocrx_word' id='word_1_131' title='bbox 448 1292 710 1341; x_wconf 83' lang='lat' dir='ltr'>corruptionis</span> <span class='ocrx_word' id='word_1_132' title='bbox 751 1292 790 1328; x_wconf 90' lang='lat' dir='ltr'>in</span> <span class='ocrx_word' id='word_1_133' title='bbox 832 1302 995 1341; x_wconf 89' lang='lat' dir='ltr'>corpore</span> <span class='ocrx_word' id='word_1_134' title='bbox 1037 1290 1096 1328; x_wconf 90' lang='lat' dir='ltr'>vel</span> <span class='ocrx_word' id='word_1_135' title='bbox 1138 1303 1183 1329; x_wconf 84' lang='lat' dir='ltr'>ex</span> <span class='ocrx_word' id='word_1_136' title='bbox 1225 1303 1388 1342; x_wconf 86' lang='lat' dir='ltr'>corpore</span> 
     </span>
     <span class='ocr_line' id='line_1_19' title="bbox 60 1348 1387 1399; baseline -0.002 -10"><span class='ocrx_word' id='word_1_137' title='bbox 60 1350 156 1389; x_wconf 85' lang='lat' dir='ltr'>ullas</span> <span class='ocrx_word' id='word_1_138' title='bbox 196 1350 392 1388; x_wconf 82' lang='lat' dir='ltr'>molestias</span> <span class='ocrx_word' id='word_1_139' title='bbox 431 1349 517 1388; x_wconf 89' lang='lat' dir='ltr'>ullis</span> <span class='ocrx_word' id='word_1_140' title='bbox 556 1351 639 1388; x_wconf 87' lang='lat' dir='ltr'>eius</span> <span class='ocrx_word' id='word_1_141' title='bbox 677 1348 856 1387; x_wconf 88' lang='lat' dir='ltr'>sensibus</span> <span class='ocrx_word' id='word_1_142' title='bbox 893 1349 1103 1399; x_wconf 80' lang='lat' dir='ltr'>ingerebat.</span> <span class='ocrx_word' id='word_1_143' title='bbox 1164 1348 1301 1388; x_wconf 90' lang='lat' dir='ltr'>Nullus</span> <span class='ocrx_word' id='word_1_144' title='bbox 1332 1350 1387 1388; x_wconf 92' lang='lat' dir='ltr'>in-</span> 
     </span>
     <span class='ocr_line' id='line_1_20' title="bbox 63 1407 1389 1460; baseline -0.002 -13"><span class='ocrx_word' id='word_1_145' title='bbox 63 1411 256 1448; x_wconf 87' lang='lat' dir='ltr'>trinsecus</span> <span class='ocrx_word' id='word_1_146' title='bbox 306 1407 487 1460; x_wconf 85' lang='lat' dir='ltr'>morbus,</span> <span class='ocrx_word' id='word_1_147' title='bbox 530 1408 660 1446; x_wconf 86' lang='lat' dir='ltr'>nullus</span> <span class='ocrx_word' id='word_1_148' title='bbox 703 1409 803 1446; x_wconf 89' lang='lat' dir='ltr'>ictus</span> <span class='ocrx_word' id='word_1_149' title='bbox 847 1407 1092 1446; x_wconf 83' lang='lat' dir='ltr'>metuebatur</span> <span class='ocrx_word' id='word_1_150' title='bbox 1136 1409 1389 1446; x_wconf 83' lang='lat' dir='ltr'>extrinsecus.</span> 
     </span>
     <span class='ocr_line' id='line_1_21' title="bbox 64 1466 1390 1518; baseline -0.001 -13"><span class='ocrx_word' id='word_1_151' title='bbox 64 1468 221 1506; x_wconf 87' lang='lat' dir='ltr'>Summa</span> <span class='ocrx_word' id='word_1_152' title='bbox 248 1468 287 1505; x_wconf 89' lang='lat' dir='ltr'>in</span> <span class='ocrx_word' id='word_1_153' title='bbox 314 1479 430 1505; x_wconf 89' lang='lat' dir='ltr'>carne</span> <span class='ocrx_word' id='word_1_154' title='bbox 456 1468 611 1518; x_wconf 74' lang='lat' dir='ltr'>sanitas,</span> <span class='ocrx_word' id='word_1_155' title='bbox 641 1468 681 1504; x_wconf 89' lang='lat' dir='ltr'>in</span> <span class='ocrx_word' id='word_1_156' title='bbox 707 1467 834 1504; x_wconf 86' lang='lat' dir='ltr'>animo</span> <span class='ocrx_word' id='word_1_157' title='bbox 860 1471 940 1505; x_wconf 86' lang='lat' dir='ltr'>tota</span> <span class='ocrx_word' id='word_1_158' title='bbox 967 1466 1235 1516; x_wconf 88' lang='lat' dir='ltr'>tranquillitas.</span> <span class='ocrx_word' id='word_1_159' title='bbox 1281 1466 1390 1504; x_wconf 84' lang='lat' dir='ltr'>Sicut</span> 
     </span>
     <span class='ocr_line' id='line_1_22' title="bbox 61 1524 1389 1577; baseline -0.002 -13"><span class='ocrx_word' id='word_1_160' title='bbox 61 1528 101 1564; x_wconf 89' lang='lat' dir='ltr'>in</span> <span class='ocrx_word' id='word_1_161' title='bbox 128 1525 306 1577; x_wconf 88' lang='lat' dir='ltr'>paradiso</span> <span class='ocrx_word' id='word_1_162' title='bbox 334 1524 462 1563; x_wconf 89' lang='lat' dir='ltr'>nullus</span> <span class='ocrx_word' id='word_1_163' title='bbox 489 1530 618 1563; x_wconf 86' lang='lat' dir='ltr'>aestus</span> <span class='ocrx_word' id='word_1_164' title='bbox 644 1530 710 1563; x_wconf 90' lang='lat' dir='ltr'>aut</span> <span class='ocrx_word' id='word_1_165' title='bbox 736 1525 869 1575; x_wconf 82' lang='lat' dir='ltr'>frigus,</span> <span class='ocrx_word' id='word_1_166' title='bbox 902 1526 956 1562; x_wconf 85' lang='lat' dir='ltr'>sic</span> <span class='ocrx_word' id='word_1_167' title='bbox 988 1526 1026 1562; x_wconf 87' lang='lat' dir='ltr'>in</span> <span class='ocrx_word' id='word_1_168' title='bbox 1059 1526 1143 1562; x_wconf 88' lang='lat' dir='ltr'>eius</span> <span class='ocrx_word' id='word_1_169' title='bbox 1174 1524 1389 1563; x_wconf 88' lang='lat' dir='ltr'>habitatore</span> 
     </span>
     <span class='ocr_line' id='line_1_23' title="bbox 61 1582 1391 1634; baseline -0.001 -12"><span class='ocrx_word' id='word_1_170' title='bbox 61 1584 166 1623; x_wconf 87' lang='lat' dir='ltr'>nulla</span> <span class='ocrx_word' id='word_1_171' title='bbox 205 1596 251 1622; x_wconf 85' lang='lat' dir='ltr'>ex</span> <span class='ocrx_word' id='word_1_172' title='bbox 291 1584 500 1634; x_wconf 83' lang='lat' dir='ltr'>cupiditate</span> <span class='ocrx_word' id='word_1_173' title='bbox 539 1583 598 1621; x_wconf 88' lang='lat' dir='ltr'>vel</span> <span class='ocrx_word' id='word_1_174' title='bbox 631 1585 768 1621; x_wconf 89' lang='lat' dir='ltr'>timore</span> <span class='ocrx_word' id='word_1_175' title='bbox 801 1582 998 1620; x_wconf 83' lang='lat' dir='ltr'>accidebat</span> <span class='ocrx_word' id='word_1_176' title='bbox 1029 1582 1151 1620; x_wconf 88' lang='lat' dir='ltr'>bonae</span> <span class='ocrx_word' id='word_1_177' title='bbox 1184 1583 1391 1621; x_wconf 88' lang='lat' dir='ltr'>voluntatis</span> 
     </span>
     <span class='ocr_line' id='line_1_24' title="bbox 63 1640 1390 1692; baseline -0.002 -11"><span class='ocrx_word' id='word_1_178' title='bbox 63 1644 237 1681; x_wconf 81' lang='lat' dir='ltr'>offensio.</span> <span class='ocrx_word' id='word_1_179' title='bbox 299 1642 402 1680; x_wconf 89' lang='lat' dir='ltr'>Nihil</span> <span class='ocrx_word' id='word_1_180' title='bbox 443 1643 599 1680; x_wconf 90' lang='lat' dir='ltr'>omnino</span> <span class='ocrx_word' id='word_1_181' title='bbox 631 1643 760 1692; x_wconf 75' lang='lat' dir='ltr'>triste,</span> <span class='ocrx_word' id='word_1_182' title='bbox 800 1640 894 1678; x_wconf 89' lang='lat' dir='ltr'>nihil</span> <span class='ocrx_word' id='word_1_183' title='bbox 927 1647 1009 1679; x_wconf 88' lang='lat' dir='ltr'>erat</span> <span class='ocrx_word' id='word_1_184' title='bbox 1038 1642 1206 1679; x_wconf 89' lang='lat' dir='ltr'>inaniter</span> <span class='ocrx_word' id='word_1_185' title='bbox 1236 1641 1390 1679; x_wconf 85' lang='lat' dir='ltr'>laetum.</span> 
     </span>
     <span class='ocr_line' id='line_1_25' title="bbox 64 1698 1392 1751; baseline -0.001 -12"><span class='ocrx_word' id='word_1_186' title='bbox 64 1701 257 1739; x_wconf 89' lang='lat' dir='ltr'>Gaudium</span> <span class='ocrx_word' id='word_1_187' title='bbox 289 1712 423 1738; x_wconf 90' lang='lat' dir='ltr'>verum</span> <span class='ocrx_word' id='word_1_188' title='bbox 455 1699 759 1751; x_wconf 84' lang='lat' dir='ltr'>perpetuabatur</span> <span class='ocrx_word' id='word_1_189' title='bbox 790 1712 835 1736; x_wconf 85' lang='lat' dir='ltr'>ex</span> <span class='ocrx_word' id='word_1_190' title='bbox 867 1698 959 1750; x_wconf 83' lang='lat' dir='ltr'>Deo,</span> <span class='ocrx_word' id='word_1_191' title='bbox 989 1700 1029 1737; x_wconf 90' lang='lat' dir='ltr'>in</span> <span class='ocrx_word' id='word_1_192' title='bbox 1061 1711 1177 1749; x_wconf 87' lang='lat' dir='ltr'>quem</span> <span class='ocrx_word' id='word_1_193' title='bbox 1208 1699 1392 1749; x_wconf 86' lang='lat' dir='ltr'>flagrabat</span> 
     </span>
     <span class='ocr_line' id='line_1_26' title="bbox 62 1759 1390 1807; baseline -0.001 -9"><span class='ocrx_word' id='word_1_194' title='bbox 62 1762 216 1798; x_wconf 73' lang='lat' dir='ltr'>caritas</span> <span class='ocrx_word' id='word_1_195' title='bbox 256 1761 305 1798; x_wconf 82' lang='lat' dir='ltr'>de</span> <span class='ocrx_word' id='word_1_196' title='bbox 342 1761 464 1798; x_wconf 82' lang='lat' dir='ltr'>corde</span> <span class='ocrx_word' id='word_1_197' title='bbox 497 1770 602 1807; x_wconf 83' lang='lat' dir='ltr'>puro</span> <span class='ocrx_word' id='word_1_198' title='bbox 640 1762 678 1797; x_wconf 80' lang='lat' dir='ltr'>et</span> <span class='ocrx_word' id='word_1_199' title='bbox 714 1759 957 1796; x_wconf 71' lang='lat' dir='ltr'>conscientia</span> <span class='ocrx_word' id='word_1_200' title='bbox 996 1759 1098 1796; x_wconf 81' lang='lat' dir='ltr'>bona</span> <span class='ocrx_word' id='word_1_201' title='bbox 1136 1762 1174 1797; x_wconf 79' lang='lat' dir='ltr'>et</span> <span class='ocrx_word' id='word_1_202' title='bbox 1199 1760 1281 1804; x_wconf 82' lang='lat' dir='ltr'>fide</span> <span class='ocrx_word' id='word_1_203' title='bbox 1312 1770 1390 1797; x_wconf 76' lang='lat' dir='ltr'>non</span> 
     </span>
     <span class='ocr_line' id='line_1_27' title="bbox 58 1815 1389 1868; baseline -0.002 -12"><span class='ocrx_word' id='word_1_204' title='bbox 58 1821 169 1865; x_wconf 82' lang='lat' dir='ltr'>ficta,</span> <span class='ocrx_word' id='word_1_205' title='bbox 202 1822 317 1868; x_wconf 88' lang='lat' dir='ltr'>atque</span> <span class='ocrx_word' id='word_1_206' title='bbox 343 1818 445 1855; x_wconf 89' lang='lat' dir='ltr'>inter</span> <span class='ocrx_word' id='word_1_207' title='bbox 477 1829 518 1855; x_wconf 88' lang='lat' dir='ltr'>se</span> <span class='ocrx_word' id='word_1_208' title='bbox 550 1818 758 1867; x_wconf 84' lang='lat' dir='ltr'>coniugum</span> <span class='ocrx_word' id='word_1_209' title='bbox 791 1815 863 1853; x_wconf 91' lang='lat' dir='ltr'>fida</span> <span class='ocrx_word' id='word_1_210' title='bbox 896 1828 941 1853; x_wconf 89' lang='lat' dir='ltr'>ex</span> <span class='ocrx_word' id='word_1_211' title='bbox 973 1815 1136 1854; x_wconf 85' lang='lat' dir='ltr'>honesto</span> <span class='ocrx_word' id='word_1_212' title='bbox 1169 1828 1298 1854; x_wconf 90' lang='lat' dir='ltr'>amore</span> <span class='ocrx_word' id='word_1_213' title='bbox 1331 1828 1389 1854; x_wconf 90' lang='lat' dir='ltr'>so-</span> 
     </span>
     <span class='ocr_line' id='line_1_28' title="bbox 63 1874 1390 1928; baseline -0.002 -13"><span class='ocrx_word' id='word_1_214' title='bbox 63 1878 194 1928; x_wconf 77' lang='lat' dir='ltr'>cietas,</span> <span class='ocrx_word' id='word_1_215' title='bbox 226 1887 390 1914; x_wconf 86' lang='lat' dir='ltr'>concors</span> <span class='ocrx_word' id='word_1_216' title='bbox 423 1876 565 1914; x_wconf 86' lang='lat' dir='ltr'>mentis</span> <span class='ocrx_word' id='word_1_217' title='bbox 598 1876 850 1925; x_wconf 86' lang='lat' dir='ltr'>corporisque</span> <span class='ocrx_word' id='word_1_218' title='bbox 881 1874 1007 1925; x_wconf 85' lang='lat' dir='ltr'>vigilia</span> <span class='ocrx_word' id='word_1_219' title='bbox 1039 1880 1077 1912; x_wconf 91' lang='lat' dir='ltr'>et</span> <span class='ocrx_word' id='word_1_220' title='bbox 1108 1874 1276 1913; x_wconf 86' lang='lat' dir='ltr'>mandati</span> <span class='ocrx_word' id='word_1_221' title='bbox 1307 1876 1390 1913; x_wconf 87' lang='lat' dir='ltr'>sine</span> 
     </span>
     <span class='ocr_line' id='line_1_29' title="bbox 66 1932 1391 1984; baseline -0.002 -11"><span class='ocrx_word' id='word_1_222' title='bbox 66 1933 197 1973; x_wconf 86' lang='lat' dir='ltr'>labore</span> <span class='ocrx_word' id='word_1_223' title='bbox 242 1934 428 1973; x_wconf 89' lang='lat' dir='ltr'>custodia.</span> <span class='ocrx_word' id='word_1_224' title='bbox 501 1933 586 1972; x_wconf 90' lang='lat' dir='ltr'>Non</span> <span class='ocrx_word' id='word_1_225' title='bbox 630 1933 815 1971; x_wconf 89' lang='lat' dir='ltr'>lassitudo</span> <span class='ocrx_word' id='word_1_226' title='bbox 860 1932 1041 1983; x_wconf 86' lang='lat' dir='ltr'>fatigabat</span> <span class='ocrx_word' id='word_1_227' title='bbox 1083 1934 1270 1984; x_wconf 81' lang='lat' dir='ltr'>otiosum,</span> <span class='ocrx_word' id='word_1_228' title='bbox 1313 1945 1391 1972; x_wconf 92' lang='lat' dir='ltr'>non</span> 
     </span>
     <span class='ocr_line' id='line_1_30' title="bbox 65 1990 1392 2043; baseline -0.001 -12"><span class='ocrx_word' id='word_1_229' title='bbox 65 2005 224 2031; x_wconf 90' lang='lat' dir='ltr'>somnus</span> <span class='ocrx_word' id='word_1_230' title='bbox 265 1992 466 2043; x_wconf 90' lang='lat' dir='ltr'>premebat</span> <span class='ocrx_word' id='word_1_231' title='bbox 505 1993 679 2030; x_wconf 87' lang='lat' dir='ltr'>invitum.</span> <span class='ocrx_word' id='word_1_232' title='bbox 741 1991 783 2029; x_wconf 90' lang='lat' dir='ltr'>In</span> <span class='ocrx_word' id='word_1_233' title='bbox 823 1997 927 2029; x_wconf 87' lang='lat' dir='ltr'>tanta</span> <span class='ocrx_word' id='word_1_234' title='bbox 966 1990 1145 2029; x_wconf 80' lang='lat' dir='ltr'>facilitate</span> <span class='ocrx_word' id='word_1_235' title='bbox 1184 2003 1315 2029; x_wconf 86' lang='lat' dir='ltr'>rerum</span> <span class='ocrx_word' id='word_1_236' title='bbox 1353 1997 1392 2030; x_wconf 86' lang='lat' dir='ltr'>et</span> 
     </span>
     <span class='ocr_line' id='line_1_31' title="bbox 66 2050 1389 2101; baseline -0.002 -12"><span class='ocrx_word' id='word_1_237' title='bbox 66 2051 250 2090; x_wconf 86' lang='lat' dir='ltr'>felicitate</span> <span class='ocrx_word' id='word_1_238' title='bbox 276 2050 477 2089; x_wconf 89' lang='lat' dir='ltr'>hominum</span> <span class='ocrx_word' id='word_1_239' title='bbox 509 2050 609 2089; x_wconf 88' lang='lat' dir='ltr'>absit</span> <span class='ocrx_word' id='word_1_240' title='bbox 638 2056 682 2089; x_wconf 87' lang='lat' dir='ltr'>ut</span> <span class='ocrx_word' id='word_1_241' title='bbox 714 2051 958 2100; x_wconf 87' lang='lat' dir='ltr'>suspicemur</span> <span class='ocrx_word' id='word_1_242' title='bbox 990 2062 1066 2087; x_wconf 87' lang='lat' dir='ltr'>non</span> <span class='ocrx_word' id='word_1_243' title='bbox 1098 2051 1270 2100; x_wconf 88' lang='lat' dir='ltr'>potuisse</span> <span class='ocrx_word' id='word_1_244' title='bbox 1302 2062 1389 2101; x_wconf 86' lang='lat' dir='ltr'>pro-</span> 
     </span>
    </p>
   </div>
   <div class='ocr_carea' id='block_1_6' title="bbox 156 2140 505 2185">
    <p class='ocr_par' dir='ltr' id='par_1_6' title="bbox 156 2140 505 2185">
     <span class='ocr_line' id='line_1_32' title="bbox 156 2140 505 2185; baseline 0.003 -11"><span class='ocrx_word' id='word_1_245' title='bbox 156 2141 215 2185; x_wconf 81' lang='lat'>26)</span> <span class='ocrx_word' id='word_1_246' title='bbox 242 2143 271 2175; x_wconf 89' lang='lat'>1.</span> <span class='ocrx_word' id='word_1_247' title='bbox 297 2140 390 2174; x_wconf 79' lang='lat' dir='ltr'>Tim.</span> <span class='ocrx_word' id='word_1_248' title='bbox 418 2144 448 2184; x_wconf 92' lang='lat'>1,</span> <span class='ocrx_word' id='word_1_249' title='bbox 472 2143 505 2175; x_wconf 83' lang='lat'>5.</span> 
     </span>
    </p>
   </div>
   <div class='ocr_carea' id='block_1_7' title="bbox 65 2267 1390 2357">
    <p class='ocr_par' dir='ltr' id='par_1_7' title="bbox 65 2267 1390 2357">
     <span class='ocr_line' id='line_1_33' title="bbox 157 2267 1390 2312; baseline -0.002 -9"><span class='ocrx_word' id='word_1_250' title='bbox 157 2273 201 2304; x_wconf 84' lang='lat'>20</span> <span class='ocrx_word' id='word_1_251' title='bbox 227 2269 349 2303; x_wconf 82' lang='lat' dir='ltr'>animo</span> <span class='ocrx_word' id='word_1_252' title='bbox 375 2278 462 2309; x_wconf 80' lang='lat' dir='ltr'>mss;</span> <span class='ocrx_word' id='word_1_253' title='bbox 488 2268 610 2301; x_wconf 86' lang='lat' dir='ltr'>anima</span> <span class='ocrx_word' id='word_1_254' title='bbox 634 2278 653 2301; x_wconf 85' lang='lat' dir='ltr'><em>v</em></span> <span class='ocrx_word' id='word_1_255' title='bbox 678 2269 690 2312; x_wconf 77' lang='lat' dir='ltr'>ss</span> <span class='ocrx_word' id='word_1_256' title='bbox 716 2271 755 2301; x_wconf 81' lang='lat'>21</span> <span class='ocrx_word' id='word_1_257' title='bbox 786 2268 836 2302; x_wconf 88' lang='lat' dir='ltr'>sic</span> <span class='ocrx_word' id='word_1_258' title='bbox 870 2267 919 2309; x_wconf 90' lang='lat' dir='ltr'>V‚·</span> <span class='ocrx_word' id='word_1_259' title='bbox 944 2268 997 2302; x_wconf 77' lang='lat' dir='ltr'>ita</span> <span class='ocrx_word' id='word_1_260' title='bbox 1023 2267 1078 2301; x_wconf 84' lang='lat' dir='ltr'>Av</span> <span class='ocrx_word' id='word_1_261' title='bbox 1097 2269 1109 2311; x_wconf 75' lang='grc' dir='ltr'>Η</span> <span class='ocrx_word' id='word_1_262' title='bbox 1128 2271 1170 2301; x_wconf 79' lang='lat'>22</span> <span class='ocrx_word' id='word_1_263' title='bbox 1199 2267 1390 2302; x_wconf 77' lang='lat' dir='ltr'>accidebat</span> 
     </span>
     <span class='ocr_line' id='line_1_34' title="bbox 65 2313 706 2357; baseline -0.005 -6"><span class='ocrx_word' id='word_1_264' title='bbox 65 2326 133 2351; x_wconf 87' lang='lat' dir='ltr'>mss</span> <span class='ocrx_word' id='word_1_265' title='bbox 156 2316 237 2357; x_wconf 84' lang='lat' dir='ltr'>(vol.</span> <span class='ocrx_word' id='word_1_266' title='bbox 265 2316 301 2357; x_wconf 84' lang='grc' dir='ltr'>Ι,</span> <span class='ocrx_word' id='word_1_267' title='bbox 327 2318 409 2357; x_wconf 76' lang='lat'><em>374,</em></span> <span class='ocrx_word' id='word_1_268' title='bbox 434 2318 514 2357; x_wconf 77' lang='lat'><em>17);</em></span> <span class='ocrx_word' id='word_1_269' title='bbox 540 2313 660 2349; x_wconf 83' lang='lat' dir='ltr'>aeced.</span> <span class='ocrx_word' id='word_1_270' title='bbox 687 2326 706 2348; x_wconf 81' lang='lat' dir='ltr'><em>v</em></span> 
     </span>
    </p>
   </div>
   <div class='ocr_carea' id='block_1_8' title="bbox 1415 867 1458 899">
    <p class='ocr_par' dir='ltr' id='par_1_8' title="bbox 1415 867 1458 899">
     <span class='ocr_line' id='line_1_35' title="bbox 1415 867 1458 899; baseline 0.047 -2"><span class='ocrx_word' id='word_1_271' title='bbox 1415 867 1458 899; x_wconf 90' lang='lat'>10</span> 
     </span>
    </p>
   </div>
   <div class='ocr_carea' id='block_1_9' title="bbox 1418 1182 1458 1213">
    <p class='ocr_par' dir='ltr' id='par_1_9' title="bbox 1418 1182 1458 1213">
     <span class='ocr_line' id='line_1_36' title="bbox 1418 1182 1458 1213; baseline 0.025 -1"><span class='ocrx_word' id='word_1_272' title='bbox 1418 1182 1458 1213; x_wconf 90' lang='lat'>15</span> 
     </span>
    </p>
   </div>
   <div class='ocr_carea' id='block_1_10' title="bbox 1417 1475 1460 1505">
    <p class='ocr_par' dir='ltr' id='par_1_10' title="bbox 1417 1475 1460 1505">
     <span class='ocr_line' id='line_1_37' title="bbox 1417 1475 1460 1505; baseline 0.023 -1"><span class='ocrx_word' id='word_1_273' title='bbox 1417 1475 1460 1505; x_wconf 80' lang='lat'>20</span> 
     </span>
    </p>
   </div>
   <div class='ocr_carea' id='block_1_11' title="bbox 1416 1766 1459 1797">
    <p class='ocr_par' dir='ltr' id='par_1_11' title="bbox 1416 1766 1459 1797">
     <span class='ocr_line' id='line_1_38' title="bbox 1416 1766 1459 1797; baseline 0.023 -1"><span class='ocrx_word' id='word_1_274' title='bbox 1416 1766 1459 1797; x_wconf 79' lang='lat'>25</span> 
     </span>
    </p>
   </div>
   <div class='ocr_carea' id='block_1_12' title="bbox 1416 2059 1460 2089">
    <p class='ocr_par' dir='ltr' id='par_1_12' title="bbox 1416 2059 1460 2089">
     <span class='ocr_line' id='line_1_39' title="bbox 1416 2059 1460 2089; baseline 0 0"><span class='ocrx_word' id='word_1_275' title='bbox 1416 2059 1460 2089; x_wconf 89' lang='lat'>30</span> 
     </span>
    </p>
   </div>
  </div>
 </body>
</html>
