1548 2562
404 148 455 172 DE
475 146 664 173 CIVITATE
683 147 752 171 DEI
771 147 805 172 L.
826 145 939 171 xvm.
959 144 988 170 c.
1008 145 1051 169 12.
1311 132 1393 172 271

65 237 110 275 ad
149 236 314 275 alterum
345 234 554 273 Herculem
590 236 781 286 pertinet,
817 236 856 273 111
889 233 985 272 Oeta
1024 237 1207 277 montea
1239 242 1280 269 se
1311 231 1396 280 ipso

64 297 268 333 incensum
293 293 465 344 produnt
491 294 572 331 suis
603 293 755 344 litteris,
788 304 877 330 cum
909 304 952 330 ea
984 292 1138 341 virtute,
1171 301 1245 339 qua
1277 288 1397 326 multa

1 402 8 408 ·
65 353 293 404 subegerat,
334 351 513 389 morbum
546 357 695 402 tamen,
727 363 803 400 quo
836 349 1061 400 languebat,
1093 349 1286 386 sustinere
1319 358 1396 383 non

64 416 207 463 posset.
269 409 336 448 Illo
370 415 544 460 tempore
582 409 641 447 vel
678 421 747 447 rex
779 408 837 446 vel
868 409 998 458 potius
1028 413 1216 458 tyrannus
1247 404 1397 442 Busiris

65 471 146 508 suis
178 469 250 507 diis
283 480 374 506 suos
407 468 579 518 hospites
611 466 850 517 immolabat,
891 478 1007 516 quem
1039 465 1159 503 filium
1190 462 1397 515 perhibent

67 529 185 566 fuisse
218 526 389 577 Neptuni
420 538 466 564 ex
499 531 621 564 matre
654 524 783 576 Libya,
816 524 890 562 filia
923 523 1082 575 Epaphi.
1143 521 1286 560 Verum
1319 532 1397 558 non

66 586 248 624 credatur
285 585 357 622 hoc
396 590 576 635 stuprum
612 589 859 635 perpetrasse
892 582 1116 633 Neptunus,
1160 593 1208 619 ne
1247 579 1299 617 dii
1337 590 1397 626 ac-

66 649 271 694 cusentur3
313 642 379 681 sed
419 643 545 693 poetis
586 648 625 681 et
668 642 830 680 theatris
870 642 944 679 ista
983 639 1228 689 tribuantur,
1264 643 1308 676 ut
1349 638 1399 675 sit

66 702 168 741 unde
213 701 426 752 placentur.
496 700 741 739 Erichthonii
784 701 887 749 regis
931 698 1246 748 Atheniensium,
1287 698 1398 734 cuius

66 761 286 799 novissimis
324 760 435 797 annis
466 758 575 797 Iesus
606 758 709 796 Nave
741 764 919 795 mortuus
951 758 1165 807 reperitur,
1204 754 1398 793 Vulcanus

67 824 106 858 et
130 818 301 856 Minerva
326 823 508 868 parentes
534 818 652 855 fuisse
686 816 880 855 dicuntur.
943 814 1019 853 Sed
1052 815 1233 864 quoniam
1259 813 1398 850 Miner-

66 889 152 915 vam
183 877 372 926 virginem
404 875 555 927 volunt,
592 877 631 913 in
671 874 873 913 amborum
905 875 1154 911 contentione
1186 871 1400 909 Vulcanum

68 940 305 974 commotum
350 933 532 972 effudisse
577 935 685 972 aiunt
725 944 857 971 semen
900 933 938 969 in
978 937 1122 970 terram
1164 935 1277 979 atque
1311 929 1399 966 inde

67 994 214 1032 homini
246 998 335 1031 nato
368 992 417 1029 ob
450 1004 533 1030 eam
566 1003 720 1030 causam
752 990 826 1029 tale
858 989 1024 1027 inditum
1058 1000 1210 1026 nomen.
1256 986 1400 1024 Graeca

69 1053 172 1090 enim
213 1051 344 1100 lingua
387 1049 464 1101 ἔρις
508 1051 725 1098 contentio,
768 1044 878 1099 χθὼν
919 1054 1022 1086 terra
1060 1053 1138 1098 est,
1180 1058 1226 1084 ex
1259 1044 1401 1095 quibus

69 1109 221 1148 duobus
253 1110 512 1159 compositum
543 1107 772 1146 vocabulum
806 1112 865 1144 est
895 1105 1185 1144 Erichthonius.
1246 1103 1402 1154 Verum,

70 1168 172 1218 quod
205 1166 404 1205 fatendum
436 1172 516 1218 est,
547 1166 731 1205 refellunt
764 1171 801 1203 et
833 1177 852 1202 a
885 1166 965 1202 suis
998 1164 1071 1202 diis
1103 1162 1298 1213 repellunt
1329 1163 1403 1200 ista

69 1227 284 1277 doctiores,
329 1227 395 1275 qui
439 1225 537 1263 hanc
578 1226 800 1275 opinionem
843 1223 1055 1260 fabulosam
1096 1221 1187 1259 hinc
1229 1226 1403 1258 exortam

70 1285 222 1335 ferunt,
260 1285 349 1333 quia
389 1285 429 1321 111
469 1283 611 1334 templo
644 1282 803 1320 Vulcani
836 1287 873 1319 et
904 1281 1117 1331 Minervae,
1155 1279 1257 1329 quod
1290 1277 1402 1317 ambo

70 1354 192 1381 unum
223 1341 415 1380 habebant
446 1341 620 1392 Athenis,
652 1342 851 1391 expositus
883 1341 1064 1377 inventus
1097 1343 1157 1376 est
1187 1349 1286 1388 puer
1318 1337 1402 1375 dra-

71 1413 167 1439 cone
199 1400 413 1451 involutus,
451 1402 517 1450 qui
555 1411 644 1437 eum
683 1399 912 1449 significavit
944 1409 1125 1447 magnum
1158 1396 1333 1434 futurum
1366 1400 1404 1432 et

71 1464 232 1510 propter
281 1470 485 1496 commune
531 1457 741 1509 templum,
786 1468 875 1495 cum
919 1460 1051 1494 essent
1093 1460 1275 1505 parentes
1320 1455 1404 1492 eius

71 1518 211 1568 ignoti,
251 1516 411 1555 Vulcani
443 1522 482 1554 et
512 1516 705 1554 Minervae
738 1516 885 1553 dictum
918 1526 1002 1552 esse
1036 1513 1167 1551 filium.
1229 1512 1404 1550 Nominis

72 1582 201 1614 tamen
233 1576 316 1613 eius
349 1576 539 1625 originem
564 1574 691 1613 sabula
723 1574 784 1612 illa
815 1574 945 1624 potius
979 1583 1093 1622 quam
1126 1573 1197 1609 ista
1230 1571 1406 1620 designat

74 1634 245 1672 historia.
308 1632 384 1671 Sed
435 1633 527 1683 quid
578 1633 623 1670 ad
668 1630 767 1670 nos?
828 1631 909 1669 Hoc
958 1632 998 1668 in
1048 1629 1251 1667 veracibus
1296 1628 1404 1666 libris

73 1692 251 1730 homines
270 1692 439 1729 instruat
460 1691 675 1742 religiosos,
707 1690 801 1728 illud
828 1691 867 1727 in
894 1687 1092 1726 fallacibus
1119 1687 1219 1725 ludis
1252 1687 1404 1724 daemo-

74 1762 143 1788 nes
184 1749 351 1787 delectet
390 1750 569 1800 inpuros,
611 1761 708 1799 quos
746 1754 874 1786 tamen
914 1747 967 1784 illi
1008 1746 1179 1796 religiosi
1210 1751 1405 1795 tamquam

75 1808 168 1846 deos
207 1807 359 1858 colunt,
400 1813 438 1845 et
477 1819 566 1845 cum
604 1807 651 1845 de
689 1807 763 1845 illis
796 1806 890 1843 haec
922 1810 1083 1855 negant,
1125 1803 1170 1841 ab
1203 1805 1308 1841 omni
1340 1814 1405 1840 eos

75 1867 237 1905 crimine
270 1877 437 1915 purgare
469 1878 546 1903 non
578 1871 758 1917 possunt,
799 1865 981 1915 quoniam
1014 1862 1124 1901 ludos
1157 1864 1212 1900 eis
1244 1873 1405 1912 poscen-

1428 761 1469 792 10

1430 1052 1471 1083 15

1431 1344 1474 1375 20

1432 1635 1474 1664 25

75 1924 180 1962 tibus
212 1923 412 1975 exhibent,
454 1923 519 1961 ubi
557 1925 726 1974 turpiter
765 1927 949 1973 aguntur,
990 1933 1087 1971 quae
1124 1920 1225 1958 velut
1257 1921 1405 1970 sapien·
1433 1927 1477 1958 30

77 1989 136 2021 ter
168 1987 376 2033 negantur,
414 1987 452 2020 et
482 1981 542 2020 his
574 1981 679 2020 salsis
711 1994 754 2019 ac
788 1980 968 2031 turprus
1000 1979 1052 2017 dii
1084 1979 1303 2030 placantur,
1340 1977 1407 2016 ubi

77 2041 152 2079 etsi
177 2040 304 2078 fabula
331 2046 459 2078 cantat
484 2042 632 2078 crimen
657 2041 861 2078 numinum
887 2038 1037 2090 falsum,
1069 2037 1254 2075 delectari
1280 2042 1407 2074 tamen

79 2098 173 2136 salso
206 2099 367 2136 erimine
400 2100 547 2136 crimen
581 2104 639 2137 est
670 2110 816 2137 verum.

173 2261 192 2291 2
219 2257 338 2290 multa
363 2256 492 2298 RAF‚-
519 2259 682 2291 monstra
707 2267 725 2290 v
745 2258 756 2299 ΙΙ
779 2259 819 2290 15
847 2256 957 2290 othon
984 2255 1077 2296 RA‚·
1103 2255 1139 2288 et
1165 2250 1268 2297 χθών
1295 2264 1312 2287 υ
