1495 2489
5 1606 48 1636 25

5 1898 51 1928 30

74 98 129 139 70
602 107 628 132 s.
654 105 873 133 AUGUSTINI

71 197 333 247 praedicentis
360 196 485 234 modo.
548 196 659 234 Tunc
692 197 797 233 enim
829 195 1091 234 dominabitur
1123 197 1289 246 quisque
1321 208 1409 247 pec-

72 260 175 305 cate,
215 256 246 292 si
279 255 314 293 id
349 254 422 293 sibi
461 266 538 292 non
577 253 821 292 defendendo
853 255 1140 305 praeposuerit,
1179 254 1246 292 sed
1280 255 1410 305 paeni-

72 313 188 352 tendo
235 312 468 363 subiecerit3
513 312 683 363 alioquin
728 317 767 350 et
816 311 870 350 illi
914 315 1058 350 serviet
1102 312 1335 365 dominanti,
1379 314 1411 351 si

72 373 332 422 patrocinium
360 370 581 409 adbibuerit
612 369 823 409 accedenti.
880 369 957 409 Sed
989 376 1033 409 ut
1063 376 1267 422 peccatum
1299 370 1410 410 intel-

73 430 223 481 legatur
250 431 567 480 concupiscentia
587 430 669 479 ipsa
696 428 873 480 carnalis,
898 429 945 467 de
972 441 1047 480 qua
1072 429 1167 467 dicit
1192 429 1412 480 apostolus:

77 489 182 527 Caro
232 490 482 537 concupiscit
530 489 724 526 adversus
772 489 980 536 spiritum,
1030 489 1070 525 in
1120 489 1232 526 cuius
1282 489 1412 526 carnis

72 545 267 585 fructibus
306 552 345 584 et
384 546 566 584 invidiam
605 551 901 598 commemorat,
942 557 1018 596 qua
1048 547 1184 596 utique
1218 545 1311 585 Cain
1345 548 1410 585 sti·

71 604 292 642 mulabatur
330 610 369 642 et
406 604 692 643 accendebatur
730 605 770 641 in
803 604 935 642 fratris
967 605 1147 643 exitium:
1189 604 1288 643 bene
1322 604 1411 644 sub-

72 663 229 701 auditur
260 658 395 714 „erit“,
427 663 464 701 id
493 668 569 702 est:
602 664 666 701 Ad
696 667 733 700 ie
764 664 867 700 enim
900 665 1106 701 conversio
1139 665 1223 701 eius
1255 665 1343 711 erit,
1376 668 1415 702 et

73 727 114 760 tu
160 722 433 760 dominaberis
472 724 587 760 illius.
660 720 756 759 Cum
795 722 898 758 enim
936 725 1127 758 commota
1167 722 1286 760 fuerit
1322 733 1412 773 pars

71 781 154 831 ipsa
188 779 371 831 carnalis,
409 791 524 830 quam
564 785 767 830 peccatum
806 778 972 830 appellat
1004 779 1219 830 apostolus,
1258 779 1325 818 ubi
1356 780 1410 819 di-

72 840 143 877 cit:
177 839 263 877 Non
296 850 368 886 eqo
401 850 547 887 operor
579 839 694 885 illud,
731 839 804 876 sed
833 839 941 885 quod
970 838 1127 875 habitat
1159 840 1200 876 in
1230 849 1291 878 me
1318 851 1411 888 pec-

72 901 206 936 calum
247 893 383 948 (quam
421 902 571 947 partem
604 897 721 934 animi
761 897 876 934 etiam
907 895 1127 946 philosophi
1159 895 1295 935 dicunt
1326 908 1412 936 esse

71 956 261 1006 vitiosam,
294 966 372 992 non
399 967 497 1005 quae
530 960 700 993 mentem
733 953 873 992 debeat
905 953 1073 1004 trahere,
1106 953 1174 992 sed
1207 956 1271 993 cui
1302 966 1412 994 mens

75 1013 213 1051 debeat
244 1015 437 1064 imperare
478 1025 639 1063 eamque
679 1012 724 1050 ab
757 1012 916 1050 inlicitis
949 1011 1134 1062 operibus
1166 1015 1315 1052 ratione
1349 1026 1411 1052 co-

72 1067 247 1124 hibere),
293 1093 352 1110 —--.
393 1084 481 1110 cum
529 1083 621 1121 ergo
666 1076 858 1109 commota
895 1071 1015 1109 fuerit
1052 1070 1098 1108 ad
1143 1070 1286 1122 aliquid
1324 1084 1411 1123 per-

72 1142 205 1181 peram
246 1129 586 1181 committendum,
625 1131 657 1167 si
695 1131 919 1179 quiescatur
958 1134 997 1167 et
1029 1128 1325 1180 obtemperetur
1357 1130 1411 1169 di-

74 1190 178 1227 centi
222 1188 412 1239 apostolo:
464 1189 546 1227 Nec
589 1189 854 1226 exhibueritis
898 1188 1074 1226 membra
1118 1193 1251 1226 vestra
1296 1200 1412 1228 arma

74 1249 298 1295 iniquilatis
324 1252 511 1295 peccato,
551 1247 596 1285 ad
638 1252 808 1284 mentem
840 1245 985 1284 domita
1017 1252 1056 1284 et
1087 1247 1186 1284 victa
1219 1249 1411 1285 converti·

74 1311 157 1357 tur,
201 1310 244 1344 ut
289 1305 465 1343 subditae
510 1306 608 1343 ratio
653 1304 885 1342 dominetur.
954 1303 1036 1343 Hoc
1074 1306 1272 1355 praecepit
1308 1304 1412 1344 Deus

72 1363 182 1415 huic,
221 1365 287 1413 qui
328 1363 477 1401 facibus
521 1362 686 1400 invidiae
728 1361 1039 1400 inflammabatur
1076 1364 1116 1400 in
1161 1363 1323 1401 fratrem
1362 1370 1413 1416 et,

74 1434 190 1473 quem
234 1421 422 1460 debuerat
466 1423 627 1473 imitari,
673 1420 853 1471 cupiebat
897 1421 1054 1459 auferri.
1123 1422 1310 1469 Quiesce,
1355 1424 1412 1460 in·

74 1482 176 1531 quit,
218 1492 355 1518 manus
387 1479 434 1518 ab
467 1479 614 1518 scelere
648 1481 820 1530 contine,
858 1490 936 1516 non
969 1484 1106 1529 regnet
1138 1485 1342 1530 peecatum
1372 1482 1440 1519 in'

73 1544 140 1577 tuo
174 1538 327 1576 mortali
364 1550 529 1589 corpore
562 1537 607 1576 ad
642 1536 929 1576 oboediendum
960 1536 1165 1575 desideriis
1197 1539 1302 1589 eius,
1340 1551 1412 1577 nec

75 1596 257 1635 exhibeas
301 1596 474 1634 membra
518 1602 584 1634 tna
628 1596 844 1646 iniquitatis
888 1607 993 1633 arma
1036 1601 1206 1646 peccam.
1268 1598 1334 1635 Ad
1376 1603 1414 1636 te

75 1658 177 1695 enim
210 1657 417 1694 conversio
455 1657 559 1701 eius,
603 1654 696 1693 dum
730 1666 805 1692 non
838 1653 1041 1692 adiuvatur
1073 1653 1301 1706 relaxando,
1345 1655 1413 1694 sed

75 1713 313 1764 quiescendo
357 1713 550 1764 frenatur3
592 1718 630 1751 et
669 1718 711 1751 tu
753 1713 1024 1751 dominaberis
1056 1714 1180 1759 illius,
1222 1718 1285 1764 ut,
1324 1725 1414 1752 cum

75 1773 295 1810 forinsecus
334 1783 411 1809 non
449 1772 689 1822 permittitur
731 1772 903 1822 operari,
942 1769 1014 1809 sub
1047 1776 1239 1821 potestate
1271 1773 1413 1811 mentis

74 1831 248 1880 regentis
286 1835 325 1868 et
362 1829 628 1867 benevolentis
667 1829 871 1867 adsuescat
909 1830 1024 1866 etiam
1065 1830 1302 1867 intrinsecus
1334 1842 1413 1868 non

77 1890 235 1926 moveri.
298 1887 453 1926 Dictum
479 1893 539 1925 est
565 1886 638 1925 tale
666 1886 809 1936 aliquid
841 1888 881 1924 in
914 1886 1051 1924 eodem
1083 1885 1211 1924 divino
1242 1887 1342 1925 libro
1375 1894 1414 1927 et

75 1946 122 1984 de
156 1946 330 1997 muliere,
364 1946 517 1996 quando
544 1950 632 1996 post
658 1950 861 1995 peccatum
887 1943 966 1982 Deo
999 1946 1263 1994 interrogante
1297 1953 1412 1996 atque

74 2004 270 2043 iudicante
310 2005 567 2043 damnationis
606 2004 818 2041 sententias
857 2008 1110 2054 acceperunt,
1148 2005 1188 2041 in
1231 2010 1412 2054 serpente

76 2062 250 2101 diabolus
282 2065 325 2100 et'
351 2064 392 2101 in
423 2075 464 2101 se
490 2064 585 2114 ipsis
610 2061 672 2100 illa
698 2067 737 2099 et
762 2062 935 2099 maritus.
998 2060 1094 2099 Cum
1121 2062 1224 2100 enim
1250 2061 1414 2102 dixisset

170 2165 204 2206 6)
231 2162 307 2198 Gal.
336 2166 368 2205 5,
395 2166 450 2198 17.
503 2165 560 2205 13)
586 2162 689 2198 Rom.
718 2166 750 2205 7,
778 2165 831 2196 17.
885 2163 941 2205 19)
968 2161 1069 2195 Rom.
1098 2165 1130 2205 6,
1160 2165 1211 2197 13.

169 2272 190 2302 4
217 2268 407 2302 accedenti
433 2267 528 2310 Rbf,·
555 2267 668 2301 accid.
705 2267 792 2301 VAv
811 2268 823 2310 ΙΙ
843 2270 861 2301 7
889 2266 1022 2301 instim.
1058 2266 1093 2299 V
