1548 2562
414 133 467 158 DE
486 133 673 158 CIVITATE
692 133 761 158 DEI
780 133 813 158 L.
833 133 912 158 XIV.
932 133 960 158 o.
980 134 1004 158 2.
1345 125 1371 164 5

52 223 163 269 Quod
202 223 374 273 apertius
411 222 524 272 paulo
556 227 643 272 post
675 223 742 260 ait:
780 223 829 260 In
860 224 944 269 leye
975 233 1086 260 nemo
1118 223 1370 269 tristificatur,

51 287 89 320 et
114 281 160 319 ad
187 280 356 318 Galatas:
388 280 566 319 Scientes
591 286 721 319 autem
753 283 846 328 quia
878 291 956 319 non
988 282 1229 327 iustificatur
1259 282 1371 319 homo

51 352 102 378 ex
140 340 324 388 operibus
361 340 468 386 leqis.
531 338 752 376 Secundum
791 338 864 376 hoc
895 338 1147 388 intellegitur:
1188 339 1239 376 Et
1279 339 1370 377 Ver-

52 399 141 436 bum
173 409 271 436 caro
305 396 459 445 factum
491 401 557 443 est,
589 396 627 434 id
660 402 718 434 est
749 397 886 448 hom03
931 396 1033 447 quod
1064 408 1141 435 non
1173 402 1278 434 recte
1311 408 1370 435 ac-

51 457 238 506 cipientes
282 455 436 505 quidam
482 459 716 505 putaverunt
762 454 915 493 Christo
958 455 1165 493 humanam
1208 456 1373 493 animam
1398 457 1418 488 5

51 515 230 552 defuisse.
294 513 402 551 Sicut
442 514 545 551 enim
583 524 603 550 a
640 518 721 551 toto
759 525 848 563 pars
886 515 1092 565 accipitur,
1129 513 1196 552 uhi
1232 513 1372 551 Mariae

39 572 292 623 ,Magdalenae
318 570 434 609 verba
459 572 499 609 in
530 570 726 621 evangelio
757 571 938 622 leguntur
970 571 1150 610 dicentis:
1186 571 1377 611 Tulerunt

51 632 259 669 Dominum
301 641 427 668 meum
470 634 508 668 et
542 632 676 668 neseio
713 630 784 668 ubi
812 635 1036 678 posuerunt
1071 641 1174 678 eam,
1208 642 1295 669 cum
1327 630 1373 668 de

52 689 130 727 sola
163 688 307 727 Christi
344 699 459 726 carne
496 687 741 739 loqueretur,
779 699 893 738 quam
933 688 1122 738 sepultam
1161 688 1206 726 de
1239 700 1374 727 monu-

51 752 181 785 mento
212 745 372 797 putabat
396 745 576 784 ablatam:
606 747 658 784 ita
690 751 728 784 et
759 758 779 783 a
810 751 918 796 parte
951 751 1073 784 totum
1106 759 1220 784 carne
1253 748 1372 785 nomi·
1402 758 1445 789 10

52 811 138 843 nata
174 802 585 855 intellegitur‘homQ
626 805 740 843 sicuti
778 816 821 842 ea
859 809 950 842 sunt
987 816 1084 854 quae
1124 817 1240 855 supra
1272 817 1373 843 com-

53 864 360 902 memoravimus.

170 920 265 959 Cum
302 922 420 971 igitur
458 920 590 959 multis
632 921 775 972 modis,
816 933 912 971 quos
950 922 1190 971 perscrutari
1231 926 1268 959 et
1300 921 1375 959 col-

51 980 171 1030 ligere
197 979 355 1029 longum
383 984 452 1031 est,
483 979 609 1017 divina
635 981 828 1030 scriptura
855 985 1054 1029 nuncupet
1080 991 1252 1017 carnem:
1285 979 1375 1029 quid

52 1039 102 1076 sit
142 1037 355 1076 secundum
394 1049 549 1075 carnem
586 1039 713 1075 vivere
752 1033 874 1090 (quod
912 1038 1087 1087 profecto
1126 1037 1266 1075 malum
1306 1043 1375 1089 est,
1403 1050 1444 1081 15

52 1108 141 1134 cum
166 1097 247 1146 ipsa
270 1096 396 1134 carnis
428 1101 564 1134 natura
590 1107 667 1133 non
700 1097 750 1133 sit
774 1092 936 1148 malum)
969 1100 1011 1133 ut
1042 1095 1221 1145 indagare
1254 1097 1374 1146 possi-

51 1166 153 1205 mus,
205 1155 454 1204 inspiciamus
493 1153 697 1204 diligenter
734 1154 842 1192 illum
879 1154 1005 1191 locum
1044 1154 1231 1204 epistulae
1269 1153 1377 1192 Pauli

52 1212 214 1263 apostoli
240 1224 354 1262 quam
381 1213 535 1263 scripsit
561 1212 606 1250 ad
628 1212 788 1264 Galatas,
814 1211 881 1250 ubi
907 1214 976 1250 ait:
1002 1211 1221 1260 Manifesta
1248 1217 1378 1250 autem

51 1275 144 1309 sunt
173 1282 296 1319 opera
328 1273 481 1319 earnis,
512 1282 615 1318 quae
644 1275 737 1309 sunt
762 1270 1072 1318 fornicationes,
1104 1272 1377 1318 inmunditiae,

53 1331 230 1376 luxuria,
263 1330 457 1367 idolorum
487 1331 666 1376 servitus,
698 1331 909 1376 veneficia,
943 1331 1185 1376 inimicitiae,
1218 1334 1376 1367 conten·
1404 1343 1447 1374 20

53 1389 194 1434 tiones,
226 1389 528 1434 aemulationes,
560 1390 846 1435 animositates,
877 1389 1148 1434 dissensiones,
1180 1388 1378 1435 haereses,

53 1447 247 1493 invidiae,
291 1447 521 1492 ebrietates,
572 1448 845 1484 comisationes
885 1450 923 1484 et
964 1447 1025 1483 his
1067 1448 1233 1490 similia;
1276 1458 1379 1493 qacce

50 1505 246 1552 praedico
277 1505 400 1550 vobis,
433 1498 538 1542 sieu't
562 1506 775 1553 praedixi,
808 1506 994 1551 quoniam
1025 1506 1096 1551 qui
1125 1506 1222 1542 talia
1255 1508 1381 1552 ayunt

52 1573 219 1610 regnum
245 1562 323 1600 Dei
346 1573 423 1600 non
450 1564 717 1611 possidebunt.
779 1562 855 1600 Iste
883 1567 986 1600 totus
1013 1561 1199 1612 epistulae
1227 1568 1377 1613 aposto-

53 1619 146 1658 licae
179 1619 309 1671 locus,
347 1626 532 1670 quantum
565 1620 610 1658 ad
642 1632 724 1658 rem
756 1626 1001 1671 praesentem
1034 1621 1126 1658 satis
1158 1632 1243 1658 esse
1275 1620 1376 1658 vide-
1404 1635 1447 1666 25

54 1677 180 1729 bitur,
218 1678 485 1716 consideratus
526 1680 669 1728 poterit
710 1678 807 1716 hanc
849 1678 1058 1716 dissolvere
1101 1679 1378 1729 quaestionem,

54 1736 147 1786 quid
185 1737 234 1774 sit
272 1736 486 1774 secundum
524 1748 679 1774 carnem
716 1738 856 1775 vivere.
917 1735 960 1774 In
998 1735 1181 1786 operibus
1214 1748 1379 1786 namque

54 1795 202 1846 carnis,
252 1806 349 1845 quae
399 1794 599 1832 manifesta
649 1806 734 1832 esse
778 1794 873 1833 dixit
917 1806 1036 1844 eaque
1082 1800 1380 1832 commemorata

149 1885 182 1926 1)
209 1882 287 1917 Gal.
315 1887 347 1925 3,
376 1887 428 1918 11.
479 1884 513 1926 3)
538 1883 590 1918 Π).
623 1886 663 1927 2,
691 1887 745 1917 16.
794 1886 830 1926 4)
856 1883 906 1918 10.
935 1887 971 1926 1,
998 1886 1055 1917 14.
1104 1885 1139 1926 8)
1167 1883 1215 1917 10.
1242 1887 1297 1926 20,
1325 1887 1379 1918 13.

54 1930 111 1973 24)
138 1928 215 1964 Gal.
244 1934 276 1973 5,
303 1933 344 1964 19
371 1941 446 1973 sqq.

148 2061 165 2091 1
183 2056 441 2092 iustificabitur
459 2057 536 2092 AF
551 2059 563 2102 ΙΙ
582 2062 601 2092 2
629 2058 748 2091 autem
777 2057 844 2091 VA
863 2068 926 2093 sec.
947 2057 1092 2099 Graee.;
1117 2068 1181 2092 om.
1207 2068 1227 2091 v
1246 2059 1258 2101 ΙΙ
1277 2057 1380 2102 quia]

52 2106 116 2147 qfii
136 2104 171 2138 A
195 2105 207 2147 ΙΙ
231 2104 448 2138 iustificatur
474 2105 542 2138 Veb
566 2115 629 2139 see.
651 2105 796 2145 (ἔτεισας
820 2103 1076 2138 iustificabitur
1100 2104 1194 2137 AFv
1214 2105 1225 2148 ΙΙ
1246 2108 1264 2138 7
1289 2104 1381 2138 tule-

51 2151 137 2186 runt
175 2150 283 2185 VAF
311 2151 409 2185 codd.
442 2151 577 2186 Amiat.
614 2151 745 2192 Fata,
777 2151 919 2186 Abstul.
953 2162 973 2185 υ
1004 2152 1016 2195 Η
1049 2154 1090 2185 19
1116 2150 1242 2185 fornic.
1276 2150 1385 2185 VAF

53 2198 102 2240 (6,
121 2198 181 2240 2);
206 2197 388 2232 adulteria,
401 2196 525 2233 fornic.
545 2209 565 2232 v
584 2199 596 2243 ΙΙ
615 2201 659 2232 20
684 2201 716 2232 et
741 2201 772 2240 6,
798 2201 818 2231 3
845 2197 987 2231 luxuria
1013 2197 1096 2240 Vef‚·
1114 2197 1277 2231 luxuriae
1295 2198 1351 2231 Av
1371 2196 1381 2242 Η

53 2248 96 2278 22
123 2243 377 2278 comisationes
410 2244 444 2278 V
473 2245 565 2288 (item
591 2248 626 2287 6,
651 2245 703 2289 3);
743 2254 891 2278 comess.
918 2255 939 2278 v
975 2245 987 2288 ΙΙ
1024 2248 1066 2278 23
1093 2243 1187 2278 sicut
1218 2244 1382 2285 VParr.,·

54 2290 148 2325 sicut,
172 2292 210 2325 et
232 2291 327 2325 AFv
