1548 2562
336 156 386 180 DE
406 155 592 180 cwrrATE
612 155 681 181 DEI
699 155 732 179 L.
751 155 830 179 XVI.
849 154 878 179 c.
898 155 921 179 2.
941 154 965 179 3.
1247 142 1327 182 125

15 243 106 294 quid
138 243 198 281 hic
231 242 389 292 dicitur,
421 241 466 279 ad
498 242 570 280 hoc
603 242 761 292 dicitur,
802 247 844 280 ut
874 241 935 279 illa
968 253 1013 279 ex
1045 241 1330 290 comparatione

16 302 206 340 contraria
233 300 290 338 vel
317 300 490 349 proficiat
516 299 573 337 vel
601 301 775 337 emineat.
824 299 907 336 Non
941 310 1030 336 sane
1063 299 1200 349 omnia,
1233 309 1329 347 quae

15 364 121 410 gesta
157 362 381 409 narrantur,
425 357 565 406 aliquid
605 358 717 394 etiam
762 357 976 407 significare
1013 355 1181 406 putanda
1224 360 1331 405 sunt;

16 416 82 455 sed
114 421 273 467 propter
305 414 384 466 illa,
422 426 518 464 quae
551 414 692 464 aliquid
725 415 958 465 significant,
997 415 1110 452 etiam
1142 425 1203 464 ea,
1234 424 1330 462 quae

18 474 111 512 nihil
152 473 391 523 significant,
435 473 679 510 adtexuntur.
754 472 842 509 Solo
886 473 987 509 enim
1031 482 1182 508 vomere
1227 476 1331 507 terra
1357 476 1376 507 5

15 531 293 582 proscinditur3
338 530 404 568 sed
443 536 484 567 ut
515 529 587 567 hoc
619 530 702 568 fieri
733 531 872 580 possit,
910 531 1024 567 etiam
1056 534 1184 566 cetera
1216 529 1332 565 aratri

16 589 186 629 membra
226 594 315 627 sunt
352 589 583 638 necessaria3
621 593 660 626 et
701 587 771 625 soli
808 589 915 625 nervi
952 588 991 624 in
1030 586 1185 624 citharis
1217 591 1331 635 atque

16 648 130 686 huius
173 646 274 684 modi
318 647 416 684 vasis
461 647 617 684 musicis
661 650 840 696 aptantur
884 644 928 681 ad
967 649 1138 694 cantum3
1183 643 1249 681 sed
1290 648 1333 681 ut

17 706 138 756 aptari
164 705 324 756 possint,
355 705 487 742 insunt
512 709 550 741 et
581 708 708 741 cetera
739 704 779 741 in
811 702 1058 752 compagibus
1090 712 1333 751 organorum,

17 775 113 813 quae
151 774 227 800 non
266 762 537 812 percutiuntur
575 772 595 799 a
632 760 877 811 canentum,
916 759 982 797 sed
1021 771 1080 809 ea,
1119 770 1214 808 quae
1246 770 1331 809 per·
1361 766 1401 797 10

18 832 129 859 cussa
155 825 348 869 resonant,
373 819 432 857 his
458 824 724 857 conectuntur.
774 818 828 856 ita
855 820 893 855 in
920 816 1144 868 prophetica
1176 816 1334 854 historia

18 879 200 917 dicuntur
233 884 270 915 et
300 877 440 927 aliqua,
479 889 575 927 quae
608 877 702 915 nihil
733 876 968 926 significant,
1000 874 1067 912 sed
1099 873 1239 923 quibus
1272 873 1333 911 ad-

18 936 202 974 haereant
233 947 328 985 quae
361 935 575 985 significant
607 941 645 973 et
677 934 840 985 quodam
874 933 985 971 modo
1018 931 1241 981 religentur.

549 1081 700 1123 CAPUT
726 1081 801 1122 III.

232 1167 290 1205 De
318 1167 642 1215 ⁸qeneratz'om'bus
673 1167 792 1203 trium
820 1167 995 1211 filiorum
1029 1166 1118 1203 Noe.
1366 1170 1406 1200 15

134 1246 410 1285 Generationes
448 1259 538 1297 ergo
576 1246 741 1284 filiorum
780 1246 859 1284 Noe
898 1245 1080 1295 deinceps
1118 1243 1337 1294 intuendae,

20 1311 57 1342 et
94 1305 195 1355 quod
234 1305 280 1343 de
318 1305 375 1342 his
413 1304 618 1349 dicendum
656 1304 824 1354 videtur,
863 1303 1118 1341 adtexendum
1159 1307 1217 1340 est
1248 1301 1337 1339 huic

19 1364 139 1413 operi,
172 1375 246 1412 quo
274 1364 436 1400 civitatis
463 1364 676 1412 utriusque,
709 1368 885 1399 terrenae
913 1361 1060 1399 scilicet
1087 1366 1124 1398 et
1150 1359 1338 1409 caelestis,

18 1432 88 1471 per
108 1425 279 1471 tempora
300 1432 511 1471 procursus
532 1419 759 1457 ostenditur.
810 1418 974 1469 Coeptae
996 1423 1086 1456 sunt
1107 1419 1208 1455 enim
1235 1428 1336 1454 com-

18 1480 224 1516 memorari
264 1491 282 1516 a
322 1479 477 1516 minimo
511 1477 604 1528 filio,
637 1479 703 1527 qui
734 1483 890 1515 vocatus
923 1482 981 1514 est
1013 1475 1188 1526 iapheth,
1228 1476 1338 1512 cuius
1366 1482 1408 1512 20

18 1536 85 1574 filii
116 1542 202 1575 octo
234 1537 419 1574 nominati
445 1541 545 1586 sunt,
578 1541 736 1585 nepotes
769 1540 896 1573 autem
930 1540 1077 1584 septem
1110 1534 1155 1570 de
1188 1532 1339 1570 duobus

19 1593 106 1632 filiis
139 1595 241 1646 eius,
279 1599 358 1632 tres
391 1606 436 1631 ex
469 1606 565 1644 une,
613 1598 795 1643 quattuor
827 1604 873 1630 ex
905 1592 1042 1642 alter0;
1081 1592 1178 1629 fiunt
1210 1591 1338 1639 itaque

19 1663 152 1690 omnes
185 1651 415 1702 quindecim.
477 1651 561 1688 Filii
594 1656 721 1688 autem
754 1650 889 1701 Cham,
931 1649 1003 1686 hoc
1036 1654 1094 1686 est
1126 1648 1241 1686 medii
1273 1647 1340 1685 filii

20 1709 118 1761 Noe,
151 1715 333 1760 quattuor
369 1715 407 1747 et
430 1715 589 1759 nepotes
623 1710 793 1758 quinque
826 1720 872 1745 ex
904 1719 981 1745 uno
1014 1708 1097 1744 eius
1130 1706 1218 1756 filio,
1250 1717 1336 1755 pro-

18 1774 180 1818 nepotes
212 1767 287 1805 duo
323 1780 369 1805 ex
401 1772 539 1817 nepote
572 1778 666 1817 uno3
705 1767 745 1804 fit
786 1777 920 1803 eorum
958 1776 1106 1802 summa
1148 1763 1338 1801 undecim.
1366 1769 1409 1800 25

19 1825 167 1870 Quibus
199 1827 435 1863 enumeratis
473 1824 621 1862 reditur
661 1829 854 1873 tamquam
887 1822 932 1860 ad
966 1828 1080 1872 caput
1113 1827 1150 1859 et
1182 1821 1340 1859 dicitur:

23 1883 125 1922 Chus
151 1888 280 1922 autem
303 1886 442 1931 §enuit
468 1883 662 1927 Nebroth,·
693 1884 757 1920 hic
783 1884 911 1929 eoepit
936 1893 1019 1919 esse
1047 1882 1191 1928 yiycms
1222 1891 1341 1927 super

18 1946 179 1979 terram.
240 1942 316 1979 Hic
342 1946 431 1979 erat
453 1943 598 1988 qiqans
623 1945 788 1978 venalor
814 1944 955 1978 contra
976 1939 1183 1976 Dommum
1204 1938 1340 1975 Deum.

20 2000 189 2048 Propter
214 2000 288 2038 hoc
315 2001 470 2037 dicunt:
502 1999 614 2037 Sicut
641 1999 814 2036 Nebroth
838 1999 983 2044 qiqans
1009 2000 1173 2034 venator
1199 1999 1340 2033 contra

18 2058 237 2096 Dominum.
299 2057 350 2095 Et
383 2057 536 2104 sactum
575 2061 632 2094 est
669 2058 823 2094 initium
868 2056 984 2102 reqnz'
1026 2056 1111 2092 eius
1149 2053 1340 2101 Babylon,
1367 2059 1410 2090 30

25 2115 163 2162 Orech,
196 2116 363 2153 Archad
386 2120 423 2154 et
452 2115 654 2153 chalanne
686 2116 726 2151 in
752 2118 864 2152 terra
891 2113 1087 2150 Sennaar.
1138 2111 1196 2149 De
1228 2116 1340 2149 terra

110 2254 130 2284 9
157 2250 418 2295 conpaginibus
444 2248 478 2283 R
503 2251 604 2290 (120,
629 2252 691 2291 10)
720 2249 731 2291 ΙΙ
766 2251 805 2281 19
832 2246 928 2281 enim
954 2256 1040 2286 mss;
1068 2246 1190 2280 autem
1214 2256 1234 2279 v
1260 2247 1271 2289 ΙΙ
1296 2248 1340 2279 28

16 2295 122 2340 gigas
147 2307 166 2330 v
186 2297 198 2340 Η
217 2300 260 2330 30
286 2296 394 2330 deum
427 2296 547 2339 V1131
577 2295 764 2330 chalemne
798 2293 832 2326 V
