1611 2465
72 851 111 882 10

73 1143 113 1173 15

71 1435 114 1465 20

73 1726 114 1756 25

73 2098 116 2128 30

135 101 220 141 488
677 109 704 134 s.
724 108 942 135 AUGUSTJNI

136 211 241 237 nunc
284 200 358 237 iste
403 198 516 250 ordo,
561 199 593 236 si
638 199 724 248 quis
768 199 965 249 inspiciat,
1009 199 1216 237 invenitur.
1281 198 1356 237 Sed
1403 211 1473 250 ego

136 258 254 296 istum
288 269 362 308 qua
395 268 511 295 causa
544 255 747 307 elegerim,
780 255 869 294 dixi.

689 380 840 423 CAPUT
872 380 925 422 II.

207 469 269 506 An
296 468 452 516 possint
482 477 657 515 corpora
689 467 730 504 in
762 468 917 504 ustione
950 468 1052 514 iynis
1084 478 1168 507 esse
1194 473 1404 516 perpetua.

256 548 357 594 Quid
395 550 514 598 igitur
552 547 771 599 ostendam,
810 547 911 586 uude
951 548 1232 587 convincantur
1271 549 1476 602 increduli,

136 619 251 659 posse
283 606 451 646 humana
484 618 648 657 corpora
686 607 851 644 animata
889 611 1003 656 atque
1042 607 1209 645 viventia
1240 618 1317 645 non
1351 606 1476 646 solum

137 677 349 716 numquam
370 671 495 703 morte
523 664 692 716 dissolvi,
719 664 786 702 sed
814 665 852 702 in
880 670 1130 702 aeternorum
1152 677 1306 716 quoque
1327 667 1476 716 ignium

137 724 278 764 durare
312 720 547 763 tormentis?
588 722 734 761 Nolunt
766 723 869 760 enim
900 722 974 760 hoc
1007 722 1053 760 ad
1087 721 1373 774 Omnipotentis
1406 736 1477 762 nos

137 784 286 821 referre
319 783 545 833 potentiam,
577 780 645 820 sed
678 780 804 831 aliquo
838 780 1013 832 exemplo
1045 781 1275 832 persuaderi
1307 781 1381 820 sibi
1411 782 1476 820 ssa-

139 843 272 892 gitant.
336 840 486 886 Quibus
525 841 558 878 si
595 838 920 890 respondebimus
958 851 1044 877 esse
1083 839 1261 878 animalia
1298 841 1476 891 profecto

139 899 420 950 corruptibilia,
453 900 543 949 quia
570 898 757 949 mortalia,
790 910 887 948 quae
920 903 1050 936 tamen
1082 900 1122 936 in
1153 898 1290 937 mediis
1322 898 1478 950 ignibus

139 960 283 1009 vivant3
310 957 542 995 nonnullum
576 958 691 995 etiam
723 969 846 1007 genus
879 957 1069 995 vermium
1101 958 1142 994 in
1174 969 1363 1007 aquarum
1390 957 1478 996 cali-

140 1017 277 1055 darum
316 1017 574 1066 scaturrigine
614 1016 799 1065 reperiri,
838 1026 1003 1065 quarum
1041 1015 1235 1053 fervorem
1273 1027 1388 1053 nemo
1421 1017 1478 1054 in·

139 1087 243 1126 punc
289 1079 523 1125 contrectat3
573 1073 659 1111 illos
703 1079 834 1111 autem
878 1085 956 1111 non
1000 1072 1125 1111 solum
1170 1075 1252 1112 sine
1297 1073 1374 1112 ulla
1418 1075 1479 1113 sui

140 1133 310 1172 laesione
349 1132 403 1170 ibi
443 1144 545 1183 esse,
585 1131 652 1170 sed
690 1137 799 1170 extra
838 1143 922 1169 esse
961 1143 1040 1169 non
1071 1143 1205 1182 posse:
1244 1137 1310 1170 aut
1341 1132 1480 1171 nolunt

141 1191 315 1242 credere,
349 1192 381 1229 si
407 1190 615 1229 ostendere
643 1202 721 1228 non
747 1189 935 1241 valemus3
969 1195 1046 1241 aut,
1079 1191 1111 1228 si
1136 1189 1372 1228 valuerimus
1398 1192 1478 1229 sive

140 1250 263 1288 oculis
296 1249 565 1287 demonstrare
598 1260 661 1286 res
693 1249 796 1299 ipsas
829 1249 908 1286 sive
940 1260 1011 1298 per
1043 1253 1164 1286 testes
1196 1248 1356 1286 idoneos
1389 1248 1477 1287 edo-

141 1320 242 1360 cere,
274 1320 353 1346 non
386 1309 479 1346 satis
513 1318 598 1345 esse
630 1306 704 1344 hoc
736 1306 783 1344 ad
816 1306 1037 1356 exemplum
1068 1307 1143 1358 rei,
1176 1306 1222 1344 de
1257 1318 1331 1357 qua
1363 1319 1478 1358 quae-

142 1368 215 1405 stio
249 1371 320 1417 est,
352 1365 487 1404 eadem
513 1364 739 1403 infidelitate
773 1364 1023 1415 contendent,
1055 1366 1144 1414 quia
1175 1364 1270 1403 haec
1303 1365 1480 1404 animalia

141 1437 213 1463 nec
252 1436 406 1474 semper
445 1425 578 1462 vivunt
620 1429 659 1461 et
696 1424 736 1461 in
775 1423 849 1461 illis
888 1422 1108 1461 fervoribus
1151 1424 1234 1461 sine
1279 1422 1480 1462 doloribus

140 1484 293 1534 vivunt3
345 1494 437 1520 suae
483 1483 625 1532 quippe
676 1487 837 1520 naturae
883 1480 1206 1520 convenientibus
1250 1487 1480 1532 vegetantur

141 1541 227 1592 illis,
260 1553 338 1579 non
371 1542 598 1579 cruciantur
625 1539 845 1591 elementis3
878 1540 988 1590 quasi
1020 1551 1097 1578 non
1129 1539 1397 1578 incredibilius
1430 1541 1481 1578 sit

143 1601 313 1650 vegetari
352 1611 466 1650 quam
506 1599 673 1637 cruciari
712 1597 853 1637 talibus
886 1597 1015 1636 rebus.
1077 1597 1251 1636 Mirabile
1285 1604 1344 1636 est
1376 1599 1480 1636 enim

142 1658 273 1696 dolere
312 1659 352 1695 in
390 1656 546 1708 ignibus
585 1662 624 1695 et
656 1662 785 1695 tamen
817 1658 965 1709 vivere,
1003 1655 1070 1694 sed
1102 1655 1317 1695 mirabilius
1352 1658 1478 1695 vivere

143 1717 181 1754 in
213 1715 369 1766 ignibus
409 1728 480 1753 nec
521 1715 664 1753 dolere.
729 1714 770 1754 Si
802 1720 931 1754 autem
963 1714 1037 1753 hoc
1069 1715 1262 1767 creditur,
1299 1726 1370 1753 cur
1402 1726 1480 1753 non

142 1780 180 1813 et
212 1771 335 1813 illud?

683 1873 836 1916 CAPUT
868 1874 943 1915 ΙΙΙ.

143 1951 204 1987 An
237 1960 482 1996 consequens
513 1950 580 1995 sit,
611 1953 654 1986 ut
687 1958 923 1995 corporeum
957 1949 1131 1985 dolorem
1162 1953 1356 1995 sequatur
1387 1959 1478 1986 car-

666 2007 727 2043 nis
761 2007 955 2044 interitus.

263 2088 339 2126 Sed
366 2087 515 2126 nullum
542 2092 612 2134 est,
643 2087 837 2138 inquiunt,
869 2098 1024 2137 corpuS,
1057 2085 1159 2136 quod
1193 2085 1324 2124 dolere
1357 2087 1480 2137 possit

145 2159 216 2185 nec
260 2148 383 2197 possit
424 2147 533 2184 mori.
595 2144 644 2184 Et
685 2145 756 2182 hoc
796 2144 898 2183 unde
938 2141 1115 2182 scimus?
1175 2143 1270 2182 Nam
1309 2143 1356 2182 de
1396 2155 1479 2182 cor-

144 2204 304 2256 poribus
337 2206 424 2255 quis
457 2209 588 2242 certus
621 2208 681 2241 est
712 2202 957 2254 daemonum,
989 2207 1122 2240 utrum
1154 2203 1193 2239 in
1227 2204 1281 2240 eis
1315 2201 1479 2253 doleant,

145 2262 297 2312 quando
338 2274 379 2300 se
418 2262 534 2312 asssigi
573 2262 722 2312 magnis
761 2260 998 2300 cruciatibus
1041 2257 1306 2298 confitentur?
1368 2259 1479 2305 Quod
