1548 2562
379 142 430 166 DE
450 141 637 167 CIVITATE
657 141 726 166 DEI
746 141 778 165 L.
798 141 895 166 xxn.
915 140 945 166 c.
968 142 1009 166 12.
1265 132 1347 172 589

14 230 180 270 multum
211 225 407 281 peribit?“
468 229 650 275 Quamvis
682 235 721 267 et
753 229 800 267 de
832 230 927 280 ipsis
959 228 1105 279 capillis
1136 230 1260 279 possit
1291 230 1347 266 in—

14 290 137 340 quiri,
174 293 307 327 utrum
345 288 478 326 redeat
516 287 703 338 quidquid
736 286 988 325 tondentibus
1021 286 1173 325 decidit.
1237 286 1346 332 Quod

15 348 48 386 si
80 347 298 385 rediturum
330 352 400 398 est,
434 348 520 396 quis
552 358 630 384 non
662 345 868 384 exhorreat
899 345 1003 383 illam
1034 343 1349 383 deformitatem?

14 405 110 444 Nam
151 405 224 444 hoc
266 410 304 443 et
343 405 388 443 de
426 403 624 455 unguibus
662 403 816 442 videtur
854 405 1075 442 necessario
1108 409 1349 455 secuturum,

15 469 58 503 ut
89 463 223 502 redeat
259 468 337 502 tam
378 463 544 501 multum
581 462 684 513 quod
727 463 902 513 corporis
941 468 1123 500 curatura
1162 462 1348 500 desecuit.
1375 469 1394 500 5

14 521 64 560 Et
100 521 167 560 ubi
205 523 279 560 erit
311 522 447 573 decus,
484 521 588 572 quod
620 526 725 559 certe
758 522 899 572 maius,
941 532 1055 571 quam
1087 522 1126 558 in
1158 522 1232 559 ista
1263 532 1348 559 esse

15 581 266 630 corruptione
297 581 437 631 potuit,
468 581 508 617 in
540 578 602 617 illa
633 579 908 617 inmortalitate
942 591 1027 617 esse
1061 576 1247 618 debebit?
1310 578 1350 616 Si

15 644 144 677 autem
181 650 260 676 non
297 637 456 689 redibit,
495 649 586 687 ergo
624 637 778 689 peribit.
840 637 924 682 Quo
967 637 1080 675 modo
1118 639 1255 689 igitur,
1293 639 1349 675 in-

15 698 175 748 quiunt,
223 695 384 747 capillus
432 697 568 746 capitis
611 708 689 734 non
736 693 908 746 peribit?
979 695 1033 734 De
1083 697 1204 734 macie
1256 708 1349 746 quo-

16 767 91 805 que
132 754 192 792 vel
229 754 465 805 pinguedine
505 753 683 792 similiter
726 754 934 804 disputant.
1005 753 1101 792 Nam
1140 755 1172 792 si
1210 766 1347 804 aequa·
1378 761 1419 791 10

14 813 71 851 les
98 825 232 851 omnes
259 818 385 863 erunt,
417 824 496 850 nou
522 814 656 862 utique
684 812 746 850 alii
772 814 904 864 macri,
937 812 1000 850 alii
1025 814 1190 863 pingues
1223 818 1349 852 erunt.

16 871 185 909 Accedet
210 883 302 921 ergo
330 870 412 908 aliis
439 870 594 922 aliquid,
627 870 710 908 aliis
737 872 952 922 minuetur3
985 882 1027 908 ac
1054 882 1124 920 per
1155 870 1227 908 hoc
1261 882 1351 922 non,

17 929 120 980 quod
159 934 258 981 erat,
295 928 581 979 recipiendum,
614 929 680 967 sed
713 928 853 967 alicubi
886 928 1105 966 addendum
1138 934 1214 979 est,
1247 928 1350 979 quod

17 1000 94 1026 non
127 988 211 1038 fuit,
244 993 282 1025 et
314 986 455 1025 alicubi
486 986 743 1038 perdendum,
780 987 882 1037 quod
916 987 998 1024 fuit.

132 1045 186 1093 De
225 1046 319 1096 ipsis
358 1047 472 1083 etiam
510 1044 828 1095 corruptionibus
868 1049 906 1082 et
946 1044 1225 1094 dilapsionibus
1267 1057 1350 1083 cor·
1380 1051 1419 1082 15

16 1116 157 1154 porum
198 1109 464 1154 mortuorum,
505 1115 593 1141 cum
632 1102 733 1141 aliud
772 1108 948 1140 vertatur
979 1104 1019 1140 in
1051 1102 1271 1155 pulverem,
1312 1105 1351 1140 in

17 1174 130 1201 auras
168 1161 270 1200 aliud
310 1161 528 1208 exhaletur,
568 1162 645 1199 sint
678 1173 774 1211 quos
807 1160 972 1212 hestiae,
1012 1162 1089 1199 sint
1121 1173 1219 1210 quos
1251 1162 1351 1211 ignis

17 1220 203 1272 absumit,
244 1220 444 1270 naufragio
489 1219 547 1257 vel
592 1219 903 1269 quibuscumque
949 1220 1058 1269 aquis
1102 1220 1154 1257 ita
1196 1219 1351 1269 qnidam

16 1283 194 1330 pereant,
231 1283 275 1316 ut
312 1289 448 1316 eorum
486 1289 622 1315 carnes
660 1279 700 1315 in
741 1288 917 1315 umorem
958 1276 1125 1327 putredo
1157 1276 1352 1329 dissolvat,

17 1349 95 1375 non
136 1336 386 1374 mediocriter
423 1340 702 1386 permoventur
743 1340 857 1385 atque
899 1336 1027 1372 omnia
1064 1336 1138 1373 ista
1178 1335 1351 1386 recolligi
1378 1344 1422 1374 20

17 1397 57 1433 in
90 1406 246 1433 carnem
273 1399 311 1432 et
337 1393 595 1444 redintegrari
620 1405 735 1444 posse
768 1405 845 1431 non
878 1393 1054 1431 credunt.
1117 1392 1350 1432 Consectan-

18 1459 82 1492 tur
114 1454 229 1491 etiam
267 1464 442 1503 quasque
482 1451 686 1490 foeditates
724 1457 762 1490 et
793 1453 901 1504 vitia,
939 1453 1017 1490 sive
1057 1451 1232 1490 accidant
1273 1454 1352 1490 sive

19 1517 245 1563 nascantur,
282 1510 350 1549 ubi
387 1516 425 1548 et
463 1516 703 1548 monstrosos
741 1516 876 1561 partus
914 1521 1002 1548 cum
1040 1509 1203 1548 horrore
1237 1515 1351 1561 atque

19 1570 204 1608 inrisione
245 1574 568 1620 commemorant,
607 1574 645 1606 et
677 1569 900 1620 requirunt,
940 1580 1129 1619 quaenam
1162 1570 1351 1619 cuiusque

19 1627 275 1666 deformitatis
301 1628 539 1666 resurrectio
567 1628 616 1665 sit
641 1627 784 1665 futura.
833 1626 872 1665 Si
899 1628 1001 1664 enim
1034 1626 1128 1664 nihil
1160 1626 1234 1665 tale
1266 1627 1352 1665 red·
1379 1635 1422 1666 25

19 1688 76 1724 ire
114 1687 154 1724 in
193 1697 335 1736 corpus
374 1685 541 1723 hominis
579 1684 810 1737 dixerimus,
853 1686 1148 1735 responsionem
1180 1691 1353 1723 nostram

20 1744 66 1782 de
98 1743 193 1782 locis
220 1743 438 1795 vulnerum,
470 1755 559 1782 cum
591 1743 732 1794 quibus
758 1743 964 1782 Dominum
992 1742 1189 1781 Christum
1222 1755 1352 1781 resur-

20 1803 168 1840 rexisse
212 1802 501 1853 praedicamus,
544 1813 584 1839 se
636 1802 905 1840 confutaturos
951 1814 1035 1840 esse
1086 1806 1352 1852 praesumunt.

21 1859 97 1898 Sed
129 1862 231 1898 inter
262 1860 356 1898 haec
389 1861 514 1898 omnia
555 1861 728 1909 quaestio
761 1859 983 1898 difficillima
1016 1859 1077 1897 illa
1109 1861 1353 1911 proponitur,

20 1920 60 1956 in
104 1919 215 1957 cuius
253 1929 410 1956 carnem
448 1918 621 1956 reditura
660 1919 709 1956 sit
747 1930 853 1970 caro,
897 1930 972 1968 qua
1012 1930 1154 1968 corpus
1194 1917 1353 1956 alterius
1380 1926 1424 1958 30

20 1977 213 2015 vescentis
250 1976 418 2014 humana
454 1977 603 2014 viscera
644 1976 742 2014 fame
776 1976 1031 2027 compellente
1065 1977 1248 2014 nutritur.
1310 1976 1353 2014 In

21 2046 178 2073 carnem
208 2035 350 2085 quippe
377 2046 563 2073 conversa
589 2040 648 2073 est
674 2036 769 2086 eius,
802 2036 868 2085 qui
900 2034 1041 2072 talibus
1072 2035 1166 2072 vixit
1197 2034 1353 2072 alimen·

117 2207 136 2238 7
162 2207 202 2238 ut
226 2204 343 2239 editur
368 2204 424 2246 A,·
453 2204 492 2237 in
517 2204 582 2239 illa
608 2206 712 2239 mort.
739 2204 793 2246 R;
826 2204 861 2238 in
887 2204 953 2238 illa
979 2204 1053 2238 iam
1078 2204 1236 2239 immort.
1263 2215 1283 2239 v
1302 2206 1314 2249 ΙΙ
1333 2209 1353 2239 8

22 2261 109 2294 ergo
133 2261 153 2285 v
173 2252 185 2295 ΙΙ
205 2255 247 2285 18
274 2250 435 2285 absumit
459 2251 570 2293 RAe;
596 2251 802 2295 absumpsit
828 2251 933 2296 abf9;
959 2251 1128 2286 absumat
1154 2262 1174 2286 v
1193 2253 1204 2295 ΙΙ
1224 2255 1266 2286 22
1295 2262 1353 2286 ac-

23 2297 147 2332 cidant
170 2297 318 2332 AParr.
344 2299 445 2340 (600,
473 2300 531 2342 3);
556 2297 733 2333 accedant
757 2297 814 2332 Rv
