1495 2489
28 721 69 751 10

29 1013 70 1043 15

29 1306 73 1337 20

32 1727 75 1758 25

91 88 116 128 6
621 95 646 119 s.
666 93 880 120 AUGUSTINI

92 187 296 236 damnavit,
328 196 405 223 non
437 183 499 222 illa
532 188 680 222 tantum
711 183 946 233 invenimus,
978 194 1076 232 quae
1108 182 1154 220 ad
1186 181 1421 232 voluptatem

92 246 290 296 pertinent
335 244 480 294 carnis,
525 243 639 280 sicuti
680 246 772 279 sunt
817 240 1112 287 fornicationes,
1156 240 1422 293 inmunditiae,

92 304 255 353 luxuria,
287 302 506 352 ebrietates,
539 301 827 350 comisationes;
859 311 995 337 verum
1027 301 1141 337 etiam
1173 298 1247 350 illa,
1279 299 1421 349 quibus

93 363 209 400 animi
241 363 329 399 vitia
356 361 671 398 demonstrantur
703 370 722 395 a
754 357 947 408 voluptate
980 359 1107 396 carnis
1139 358 1272 396 aliena.
1325 358 1420 403 Quis

95 422 198 458 enim
231 421 469 469 servitutem,
502 429 599 468 quae
632 416 744 454 idolis
777 415 999 467 exhibetur,
1031 417 1226 468 veneficia,
1257 418 1422 455 inimici-

95 480 178 530 tias,
210 479 493 528 contentiones,
519 475 809 527 aemulationes,
841 476 1116 526 animositates,
1147 475 1424 527 dissensiones,

93 537 293 588 haereses,
335 535 496 573 invidias
534 546 610 573 non
650 535 779 585 potius
817 533 1015 582 intellegat
1052 535 1169 572 animi
1208 535 1297 572 vitia
1338 545 1423 572 esse

94 608 231 646 quam,
261 592 416 633 carnis?
483 592 644 639 Quando
687 592 842 643 quidem
874 593 957 630 fieri
990 597 1138 643 potest,
1179 599 1222 630 ut
1265 598 1425 643 propter

94 654 348 692 idololatriam
386 652 445 690 vel
483 652 655 690 haeresis
693 651 855 689 alicuius
894 662 1069 688 errorem
1106 662 1126 688 a
1165 650 1425 702 voluptatibus

97 713 272 763 corporis
299 717 558 762 temperetur,
591 716 629 748 et
660 711 787 748 tamen
821 710 935 747 etiam
967 714 1061 747 tunc
1092 709 1219 761 homo,
1252 711 1425 759 quamvis

96 772 222 809 carnis
254 770 434 808 libidines
466 771 665 807 continere
697 774 812 818 atque
846 766 1028 805 cohibere
1060 767 1256 819 videatur,
1289 780 1425 806 secun-

95 830 186 868 dum
219 841 375 867 carnem
402 830 529 866 vivere
563 827 634 865 hac
666 826 875 877 apostolica
908 827 1138 864 auctoritate
1171 827 1426 877 convincitur,

96 894 134 927 et
164 889 205 926 in
237 900 300 939 e0,
333 887 436 937 quod
468 886 635 924 abstinet
668 898 687 923 a
719 884 982 935 voluptatibus
1014 886 1158 936 carnis,
1198 884 1427 923 damnabilia

97 958 214 998 opera
241 948 368 984 carnis
395 957 509 996 agere
536 945 834 983 demonstratur.
898 943 992 988 Quis
1024 944 1245 981 inimicitias
1278 955 1356 981 non
1387 944 1427 981 in

97 1007 223 1043 animo
256 1002 423 1043 habeat?
460 1009 525 1042 aut
566 1004 653 1053 quis
685 1004 736 1041 ita
767 1002 966 1053 loquatur,
1003 1007 1047 1040 ut
1077 1003 1233 1039 inimico
1266 1013 1336 1040 suo
1368 1000 1428 1039 vel

97 1076 212 1114 quem
244 1069 354 1114 putat
380 1064 580 1100 inimicum
612 1061 730 1099 dicat:
761 1060 921 1112 „Malam
953 1056 1146 1111 carnem,“
1176 1071 1220 1098 ae
1252 1072 1330 1098 non
1361 1071 1427 1111 po-

97 1124 192 1161 tius:
235 1121 409 1173 „Malum
448 1122 617 1159 animum
659 1118 777 1157 habes
815 1118 1000 1157 adversus
1040 1115 1154 1156 me“?
1225 1118 1428 1157 Postremo

98 1183 200 1219 sicut
225 1180 481 1231 carnalitates,
514 1185 557 1217 ut
582 1180 633 1217 ita
659 1178 794 1229 dicam,
827 1178 859 1215 si
886 1178 972 1227 quis
999 1177 1181 1228 audisset,
1214 1189 1290 1215 non
1318 1176 1427 1215 dubi-

97 1244 198 1278 taret
224 1241 331 1277 carni
356 1238 541 1289 tribuere,
573 1239 625 1275 ita
651 1249 764 1274 nemo
796 1235 946 1274 dubitat
977 1236 1239 1274 animositates
1271 1235 1316 1273 ad
1350 1236 1428 1273 ani-

99 1309 205 1336 mum
248 1299 459 1348 pertinere.
527 1295 605 1334 Cui·
656 1307 748 1345 ergo
793 1294 886 1332 llaec
935 1295 1061 1332 onmia
1105 1300 1144 1332 et
1187 1293 1246 1332 his
1291 1293 1429 1332 similia

98 1357 234 1395 doctor
272 1357 446 1406 gentium
483 1356 522 1393 in
562 1353 635 1392 fide
669 1359 706 1391 et
743 1354 904 1391 veritate
945 1364 1062 1403 opera
1094 1354 1221 1390 carnis
1253 1351 1429 1404 appellat,

99 1416 173 1453 nisi
217 1416 306 1465 quia
351 1426 395 1451 eo
439 1413 645 1451 locutionis
683 1411 817 1462 modo,
857 1423 933 1461 quo
971 1416 1097 1467 totum
1139 1411 1378 1461 significatur
1410 1422 1430 1448 a

98 1478 220 1525 parte,
251 1474 379 1524 ipsum
410 1471 607 1510 hominem
638 1470 718 1509 vult
750 1471 904 1508 nomine
938 1471 1065 1507 carnis
1097 1467 1296 1519 intellegi?

632 1618 788 1661 CAPUT
820 1618 898 1660 III.

139 1721 304 1758 Peccatz·
334 1728 498 1756 causam
529 1728 581 1755 ex
613 1718 758 1762 anima,
791 1727 868 1754 non
900 1727 952 1754 ex
983 1726 1108 1753 carne
1135 1715 1329 1764 prodisse,
1360 1719 1398 1753 et

197 1779 495 1826 corruptionem
526 1787 578 1813 ex
603 1779 774 1824 peccato
806 1778 1056 1812 contractam
1087 1784 1165 1812 non
1192 1784 1337 1822 pecca-

512 1838 593 1871 tum
624 1845 718 1879 esse,
750 1833 821 1870 sed
846 1843 1025 1881 poenam.

222 1928 334 1973 Quod
361 1929 393 1966 si
419 1927 622 1977 quisquam
649 1925 742 1963 dicit
768 1936 923 1963 carnem
950 1936 1104 1962 causam
1137 1935 1223 1962 esse
1253 1925 1294 1962 in
1326 1923 1434 1962 malis

107 1986 280 2026 moribus
318 1996 653 2036 quorumcumque
692 1984 891 2034 vitiorum,
928 1994 974 2020 eo
1014 1981 1116 2032 quod
1153 1983 1277 2020 anima
1319 1994 1434 2020 earne

37 2054 80 2085 30
107 2046 242 2084 affecta
274 2046 330 2082 sic
356 2046 458 2095 vivit,
489 2043 664 2093 profecto
697 2053 774 2079 non
806 2042 1025 2079 universam
1058 2040 1225 2078 hominis
1257 2046 1435 2083 naturam

108 2104 311 2154 diligenter
337 2102 511 2140 advertit.
572 2100 667 2139 Nam
693 2111 862 2149 „corpus
889 2098 1044 2149 quidem
1071 2100 1334 2148 corruptibile
1365 2100 1435 2138 ad-

205 2264 246 2294 10
272 2260 434 2304 corporis
468 2259 592 2301 VAF‚-
619 2258 734 2294 carnis
760 2269 779 2292 v
799 2259 810 2302 ΙΙ
832 2262 872 2293 18
899 2257 1103 2292 dubitasset
1127 2268 1148 2292 v
