1548 2562
430 134 482 158 DE
502 133 690 159 01vrrA'rE
708 134 777 160 DEI
795 134 828 159 L.
848 134 929 159 xix.
949 134 977 160 c.
999 136 1039 160 12.
1318 125 1402 166 373

70 227 304 274 ceterorum,
336 234 471 274 pacem
497 222 631 261 volunt
658 222 801 262 habere
829 225 1034 262 sociorum.
1098 223 1174 262 Sed
1200 225 1275 262 etsi
1300 236 1401 262 unus

69 282 119 319 sit
162 286 240 319 tam
282 280 528 332 praepollens
571 280 719 320 viribus
763 287 802 320 et
845 283 1022 320 conscios
1066 283 1118 320 ita
1157 294 1315 334 cavens,
1358 288 1402 321 ut

68 338 163 377 nulli
195 340 300 377 socio
333 351 374 377 se
415 340 631 377 committat
669 339 853 390 solusque
886 340 1073 379 insidians
1105 345 1144 379 et
1171 340 1401 392 piaevalens

68 396 209 447 quibus
240 398 414 448 potuerit
445 399 642 448 oppressis
681 403 719 436 et
756 400 938 437 extinctis
970 399 1111 449 praeda
1144 404 1270 450 sag,at
1312 410 1401 437 cum
1442 439 1446 442 ,

67 457 122 493 eis
161 460 286 507 certe,
324 467 422 506 quos
458 455 637 493 occideie
677 468 754 494 non
791 462 920 507 potest
956 463 995 496 et
1033 469 1129 508 quos
1169 457 1248 496 vult
1280 457 1399 495 latere
1427 465 1446 495 5

66 513 170 563 quod
197 514 300 566 facit,
333 514 656 564 qualemcumque
682 514 860 553 umbram
892 516 998 566 pacis
1029 520 1147 554 tenet.
1210 515 1252 553 In
1285 516 1399 554 domo

66 577 195 610 autem
226 584 295 610 sua
327 584 416 610 cum
448 584 570 610 uxore
601 578 641 611 et
672 585 761 611 cum
792 573 901 625 filiis,
933 579 972 612 et
1003 575 1035 612 si
1067 586 1165 624 quos
1197 574 1291 612 alios
1323 573 1400 612 illic

65 629 192 681 habet,
224 631 354 669 studet
379 631 556 682 profecto
588 642 674 669 esse
706 636 884 682 pacatus3
917 632 973 670 eis
1007 633 1149 683 quippe
1183 632 1228 670 ad
1261 638 1400 671 nutum
1492 665 1498 670 .

65 687 425 739 obtemperantibus
467 690 549 727 sine
582 689 700 727 dubio
732 690 959 728 delectatur.
1021 690 1117 728 Nam
1149 692 1181 728 si
1215 702 1291 729 non
1324 691 1399 742 liat,
1459 687 1464 692 “

64 746 287 797 indignatur
319 748 481 798 corripit
521 747 690 786 vindicat
728 753 767 787 et
798 748 936 791 domus
968 760 1060 787 suae
1093 761 1245 800 pacem,
1283 750 1315 787 si
1346 750 1399 787 ita
1427 757 1470 788 10

64 817 224 843 necesse
264 807 331 857 sit,
369 807 485 844 etiam
517 806 723 844 saeviendo
762 808 976 858 componit,
1015 819 1129 857 quam
1162 808 1281 845 sentit
1312 819 1397 845 esse

64 875 142 901 non
173 876 301 916 posse,
332 865 407 902 nisi
439 864 591 902 cuidam
622 866 827 915 principio,
860 865 962 915 quod
996 866 1078 915 ipse
1111 867 1150 903 in
1183 865 1296 904 domo
1330 877 1398 904 sua

64 927 143 973 est,
187 927 317 960 cetera
360 924 399 960 in
443 922 576 960 eadem
615 923 827 960 domestica
869 924 1053 961 societate
1093 922 1267 962 subiecta
1309 925 1397 962 sint.

64 979 233 1031 Ideoque
267 981 299 1018 si
326 976 534 1019 offerretur
566 982 602 1018 ei
633 982 800 1019 servitus
832 980 1016 1032 plurium,
1048 981 1107 1019 vel
1139 982 1305 1020 civitatis
1338 981 1397 1020 vel

46 1040 202 1090 gentis,
232 1039 284 1076 ita
311 1044 354 1077 ut
378 1040 434 1076 sic
466 1040 502 1076 ei
534 1034 738 1091 servirent,
771 1051 886 1089 quem
920 1039 965 1077 ad
998 1039 1155 1078 modum
1189 1039 1262 1078 sibi
1294 1040 1397 1078 domi
1427 1049 1467 1079 15
1496 1083 1501 1088 ,

63 1108 154 1135 suae
193 1097 332 1135 serviri
368 1096 537 1135 volebat:
576 1109 653 1135 non
692 1109 732 1135 se
772 1098 846 1135 iam
886 1097 1075 1136 latronem
1115 1097 1273 1136 latebris
1307 1111 1396 1137 con-

62 1154 192 1207 deret,
232 1154 299 1193 sed
332 1167 464 1205 regem
497 1156 751 1206 conspicuum
785 1155 1032 1207 sublimaret,
1071 1149 1159 1195 cum
1193 1157 1326 1195 eadem
1358 1158 1397 1195 in

60 1212 125 1250 illo
165 1213 356 1264 cupiditas
395 1218 434 1251 et
470 1213 614 1251 malitia
652 1220 910 1264 permaneret.
971 1214 1112 1253 Pacem
1144 1216 1275 1265 itaque
1308 1228 1397 1254 cum

62 1273 143 1309 suis
192 1283 328 1309 omnes
377 1271 520 1309 habeie
571 1273 752 1324 cupiunt,
802 1284 900 1322 quos
944 1272 990 1310 ad
1032 1272 1238 1312 aibitrium
1282 1286 1397 1312 suum

62 1329 194 1368 volunt
235 1331 373 1368 vivele.
434 1329 530 1367 Nam
563 1335 601 1368 et
632 1342 721 1368 cum
753 1330 895 1380 quibus
927 1330 1071 1369 bellum
1103 1337 1263 1384 gerunt,
1304 1344 1395 1371 suos
1422 1340 1466 1371 20

61 1388 201 1439 facere,
233 1389 266 1426 si
290 1389 452 1439 possint,
484 1388 617 1426 volunt
643 1390 776 1439 eisque
810 1389 996 1428 subiectis
1028 1360 1133 1439 legens
1166 1402 1258 1428 suae
1290 1392 1396 1441 pacis

59 1447 260 1497 inponere.

180 1504 255 1542 Sed
288 1504 473 1543 faciamus
500 1504 679 1557 aliquem,
712 1506 865 1558 qualem
898 1507 1002 1544 canit
1033 1508 1183 1556 poetica
1216 1512 1256 1545 et
1288 1507 1393 1546 fabu-

59 1562 139 1601 losa
177 1564 366 1610 narratio,
407 1575 522 1619 quem
563 1564 728 1602 fortasse
766 1569 927 1614 propter
964 1565 1087 1614 ipsam
1127 1565 1393 1604 insociabilem

59 1622 254 1660 feritatem
286 1621 581 1660 semihominem
615 1634 730 1672 quam
768 1622 964 1660 hominem
997 1622 1127 1660 dicere
1160 1623 1392 1663 maluerunt.
1420 1632 1463 1663 ‘25

59 1679 242 1724 Quamvis
281 1691 373 1730 ergo
411 1679 528 1718 huius
565 1692 729 1730 regnum
768 1680 874 1718 dirae
903 1680 1121 1731 ·speluncae
1154 1681 1274 1720 fuerit
1304 1682 1391 1721 soli·
1434 1693 1438 1697 ’
1480 1695 1486 1699 ·

59 1737 153 1776 tudo
180 1742 336 1788 tamque
363 1737 507 1776 malitia
533 1738 754 1789 singularis,
785 1744 828 1776 ut
854 1751 900 1777 ex
926 1738 996 1776 hac
1024 1740 1059 1777 ei
1085 1751 1227 1778 nomen
1260 1741 1391 1779 inven-

60 1801 141 1834 tum
182 1797 233 1834 sit
272 1795 437 1848 (Graece
479 1808 645 1847 namque
685 1796 808 1835 malus
839 1793 957 1844 κακὸς
988 1796 1152 1849 dicitur,
1180 1796 1296 1848 vquod
1328 1798 1391 1838 ille

59 1850 309 1906 vocabatur),
353 1854 457 1893 nulla
497 1856 639 1893 coniux
680 1857 715 1893 ei
756 1854 939 1893 blandum
981 1856 1102 1894 ferret
1145 1857 1390 1908 referretque

53 1923 290 1965 sermonem,
321 1912 438 1951 nullis
472 1913 560 1951 filiis
592 1913 650 1951 vel
683 1913 885 1952 adluderet
915 1913 1086 1965 parvulis
1119 1914 1178 1952 vel
1210 1915 1389 1965 grandiu-
1416 1924 1462 1957 30

57 1970 176 2009 sculis
220 1972 453 2023 imperaret,
497 1971 602 2010 nullo
647 1973 759 2010 amIci
803 1971 1009 2023 conloquio
1055 1973 1277 2024 frueretur,
1319 1986 1390 2013 nec

54 2028 217 2084 ⁸Vulcani
255 2031 395 2081 patris,
433 2042 510 2080 quo
549 2029 608 2068 vel
645 2030 736 2069 hinc
774 2026 924 2069 tantum
962 2042 1039 2068 non
1072 2043 1209 2081 parum
1241 2032 1390 2070 felicior

153 2203 172 2233 1
200 2199 271 2234 Sed
296 2210 360 2235 om.
388 2200 439 2234 R¹
467 2202 480 2244 Η
511 2204 530 2234 2
558 2201 724 2236 conscios
749 2201 865 2243 RA0,·
890 2201 1057 2236 conscius
1082 2201 1175 2246 Lf9‚·
1201 2204 1388 2238 consocios

55 2247 136 2335 ἵξῃ·
145 2249 295 2335 3g2nag1
314 2246 432 2281 malus
454 2246 591 2283 Graece
610 2259 630 2283 v
649 2250 662 2292 ΙΙ
681 2252 723 2283 32
745 2249 1118 2293 pa1·um=-pcmlum‚
1138 2250 1182 2291 cf.
1196 2250 1260 2284 vol.
1277 2250 1314 2293 I,
1327 2254 1389 2294 85,
1439 2282 1443 2285 ,
