1548 2562
385 145 437 169 DE
456 144 645 170 crvrrATE
664 145 733 169 DEI
754 145 786 169 L.
805 145 886 169 XVI.
906 143 935 169 c.
954 144 1014 168 XL.
1285 134 1365 175 189

568 276 720 318 CAPUT
753 277 839 318 XL.

49 363 130 409 Quo
173 363 285 400 modo
331 362 450 399 Iacob
496 373 584 399 eum
632 363 886 409 septuaginta
936 363 1108 409 quinque
1158 361 1367 399 animabus

43 421 261 470 Aeqyptum
293 424 487 458 narretur
519 422 738 467 inqressus,
776 431 865 457 eum
892 422 1074 468 plerique
1106 431 1157 458 ex
1187 421 1265 467 his,
1298 421 1368 466 qui

157 482 523 525 commemorantur,
556 483 729 526 tempore
757 480 979 526 posteriore
1010 479 1090 516 sint
1116 480 1253 526 geniti.

157 560 325 610 Ingressi
361 561 490 609 itaque
528 559 754 597 referuntur
794 560 834 596 in
872 560 1085 609 Aegyptum
1124 558 1239 597 simul
1278 570 1366 596 cum

42 620 124 669 ipso
156 618 268 656 Iacob
301 619 542 668 septuaginta
574 619 745 667 quinque
778 616 965 668 homines,
998 617 1249 655 adnumerato
1281 618 1365 667 ipso

41 677 128 715 filiis
159 679 250 715 suis.
311 676 354 714 In
386 688 462 726 quo
494 687 657 714 numero
689 675 785 713 duae
818 681 968 713 tantum
1002 676 1165 713 feminae
1198 687 1364 713 comme-

42 741 254 786 morantur,
285 747 361 773 una
392 734 484 785 filia,
515 735 642 784 neptis
669 734 798 772 altera.
850 734 926 771 Sed
953 746 1015 771 res
1043 734 1249 783 diligenter
1276 746 1365 771 con-

43 793 207 832 siderata
239 806 315 831 non
347 793 507 843 indicat,
540 792 641 843 quod
674 798 804 830 tantus
836 804 1022 830 numerus
1055 793 1172 830 fuerit
1204 793 1243 829 in
1275 804 1362 842 pro-

43 853 153 903 genie
192 851 304 890 Iacob
345 851 405 889 die
447 851 506 889 vel
543 863 642 888 anno
683 863 759 901 quo
799 852 1000 900 ingressus
1041 856 1100 888 est
1137 851 1363 900 Aegyptum.

43 909 342 948 Commemorati
374 915 465 948 sunt
496 911 638 959 quippe
670 911 709 947 in
736 910 792 946 eis
818 910 933 946 etiam
959 914 1195 959 pronepotes
1216 908 1366 959 Ioseph,

42 970 109 1018 qui
141 968 245 1007 nullo
278 968 390 1006 modo
428 969 501 1005 iam
540 974 631 1005 tunc
665 979 749 1005 esse
782 973 1012 1019 potuerunt,
1054 968 1235 1017 quoniam
1273 973 1366 1004 tunc

43 1032 198 1065 centum
229 1028 387 1076 triginta
419 1037 607 1063 annorum
641 1031 723 1063 erat
754 1025 884 1077 Iacob,
922 1026 1022 1063 filius
1062 1037 1153 1062 vero
1193 1026 1276 1062 eius
1308 1024 1364 1062 Io-

43 1085 138 1136 seph
168 1086 325 1135 triginta
351 1096 504 1135 novem3
537 1096 652 1134 quem
679 1096 767 1121 cum
792 1086 986 1135 accepisse
1013 1085 1239 1122 tricensimo
1266 1095 1365 1120 anno

43 1155 112 1181 suo
154 1143 213 1180 vel
250 1143 413 1193 amplius
451 1148 604 1180 constet
640 1154 819 1193 uxorem,
864 1155 939 1192 quo
983 1142 1095 1180 modo
1133 1143 1259 1192 potuit
1296 1154 1366 1191 per

43 1213 180 1240 novem
211 1214 331 1239 annos
362 1200 504 1239 habere
535 1207 770 1251 pronepotes
802 1201 847 1238 de
882 1201 987 1253 filiis,
1024 1212 1122 1251 quos
1155 1212 1200 1238 ex
1233 1200 1366 1237 eadem

43 1272 162 1298 uxore
195 1257 393 1310 suscepit?
443 1258 538 1297 Cum
571 1261 689 1309 igitur
722 1271 792 1297 nec
825 1259 921 1297 filios
953 1258 1143 1297 haherent
1174 1258 1367 1308 Ephraem

44 1324 82 1357 et
113 1318 324 1365 Manasses‚
362 1318 429 1355 filii
460 1317 616 1369 Ioseph,
650 1317 716 1355 sed
750 1330 814 1355 eos
847 1330 989 1369 pueros
1022 1318 1121 1355 infra
1154 1328 1267 1367 quam
1300 1328 1365 1354 no-

43 1389 186 1415 vennes
230 1376 341 1414 Iacob
386 1376 599 1427 Aegyptum
643 1377 843 1426 ingressus
887 1378 1095 1427 invenerit,
1139 1387 1215 1425 quo
1254 1380 1365 1425 pacto

44 1447 179 1473 eorum
211 1447 288 1472 non
320 1434 444 1472 solum
475 1434 564 1483 filii,
596 1433 662 1472 sed
696 1436 809 1472 etiam
842 1441 1003 1485 nepotes
1035 1436 1074 1471 in
1106 1433 1180 1471 illis
1214 1439 1365 1483 septua-

43 1495 147 1544 ginta
186 1495 356 1543 quinque
398 1499 671 1544 numerantur,
714 1495 780 1543 qui
817 1499 910 1531 tunc
948 1494 1163 1543 Aegyptum
1201 1493 1367 1542 ingressi

44 1557 134 1590 sunt
172 1564 259 1590 cum
291 1549 432 1589 Iacob‘?
492 1551 588 1589 Nam
625 1557 950 1589 commemoratur
982 1551 1034 1589 ibi
1066 1550 1229 1601 Machir,
1266 1550 1367 1588 filius

44 1609 234 1662 Manasse‚
272 1622 392 1660 nepos
423 1609 578 1660 Ioseph,
617 1615 655 1647 et
692 1610 865 1647 eiusdem
902 1609 1048 1647 Machir
1080 1608 1198 1655 filius,
1237 1607 1274 1645 id
1309 1613 1368 1646 est

44 1668 194 1719 Galaad,
225 1680 346 1718 nepos
372 1667 557 1719 Manasse,
588 1679 783 1718 pronepos
816 1667 973 1718 Ioseph3
1005 1667 1059 1705 ibi
1090 1672 1150 1704 est
1181 1671 1220 1704 et
1251 1678 1366 1716 quem

43 1728 177 1777 genuit
202 1726 405 1777 Ephraem,
436 1726 531 1763 alter
562 1725 663 1764 filius
689 1725 839 1776 Ioseph,
871 1725 907 1763 id
941 1731 1000 1763 est
1031 1724 1214 1775 Utalaam‚
1246 1736 1366 1775 nepos

43 1784 198 1835 Ioseph,
242 1790 281 1822 et
318 1784 418 1822 filius
461 1785 583 1834 ipsius
620 1783 773 1822 Utalaae
817 1783 956 1835 Edem,
1000 1795 1120 1834 nepos
1162 1782 1367 1834 Ephraem,

43 1854 237 1893 pronepos
268 1842 423 1893 Ioseph3
462 1844 528 1892 qui
559 1841 664 1880 nullo
696 1842 809 1879 modo
842 1855 926 1880 esse
958 1847 1182 1893 potuerunt,
1214 1841 1367 1891 quando

44 1900 154 1939 Iacob
192 1902 231 1939 in
269 1901 483 1951 Aegyptum
521 1902 625 1938 venit
664 1906 702 1938 et
739 1900 837 1938 filios
869 1900 1025 1951 Ioseph,
1063 1905 1225 1950 nepotes
1264 1912 1367 1950 suos,

44 1970 132 1997 avos
164 1961 345 2010 istorum,
385 1960 554 1996 minores
592 1970 705 2008 quam
743 1971 880 1996 novem
912 1971 1101 1997 annorum
1133 1969 1276 2008 pueros
1308 1959 1364 1995 in-

1395 858 1436 888 10

1396 1151 1436 1180 15

1394 1442 1437 1472 20

1394 1733 1437 1763 25

44 2018 158 2056 venit.
220 2017 295 2055 Sed
321 2018 504 2055 nimirum
534 2018 717 2055 introitus
743 2016 855 2055 Iacob
887 2019 925 2055 in
952 2018 1178 2068 Aegyptum,
1211 2015 1363 2066 quando
1391 2025 1435 2056 30

138 2120 172 2161 τ)
198 2117 284 2151 Gen.
311 2121 366 2160 46,
392 2121 447 2152 27.

138 2262 157 2291 6
177 2257 256 2301 ipso
277 2260 358 2291 ante
378 2257 485 2291 Iacob
506 2267 571 2291 om.
592 2256 628 2290 R
647 2258 659 2301 ΙΙ
679 2261 696 2291 7
718 2256 802 2290 filiis
832 2267 924 2298 mss;
952 2267 1032 2290 cum
1058 2256 1107 2289 fil.
1128 2269 1149 2289 v
1169 2257 1180 2299 ΙΙ
1200 2259 1242 2289 22
1271 2266 1365 2290 com-

45 2305 290 2338 memorantur
314 2303 349 2337 R
