1495 2489
43 438 62 468 5

19 730 60 759 10

18 1079 60 1109 15

19 1394 61 1424 20

22 1684 62 1714 25

22 1976 66 2006 30

92 99 173 139 132
622 108 647 133 s.
668 107 887 134 AUGUSTINI

88 205 126 236 et
157 199 305 235 labium
342 209 462 235 unum
501 199 688 243 omnium,
729 202 767 235 et
799 202 947 248 cetera,
985 209 1028 234 ac
1061 197 1201 235 deinde
1234 197 1425 237 additum:

97 256 233 294 Venite
265 261 302 294 et
335 257 616 294 (sescentienles
655 254 948 303 confundamus
981 256 1037 293 ibi
1067 258 1244 304 linquam
1277 268 1425 305 eorum,

87 314 355 364 recapitulatio
383 316 444 364 sit,
476 314 748 351 demonstrans
775 325 891 362 quem
918 312 963 351 ad
996 313 1153 351 modum
1188 315 1330 352 sactum
1364 317 1424 366 sit,

89 372 191 422 qnod
230 372 377 410 dictum
416 372 559 410 fuerat:
604 372 820 410 Descendit
857 372 1059 410 Dominus.
1130 371 1169 409 Si
1208 374 1311 410 enim
1350 375 1426 412 iarn

91 430 367 481 descenderat,
402 430 493 479 qnid
526 429 599 467 sibi
633 429 729 468 vnlt:
782 429 918 468 Venite
949 435 987 468 et
1018 431 1301 469 descendentes
1333 443 1424 470 con-

84 489 306 536 fundamus
351 485 473 540 (quod
515 487 754 537 intellegitur
796 487 942 538 angelis
984 485 1176 540 dictum)7
1221 490 1294 526 nisi
1335 491 1425 539 qnia

88 559 158 597 per
196 546 353 596 angelos
398 545 676 597 descendebat,
720 548 786 595 qui
828 548 865 583 in
909 545 1054 595 angelis
1096 546 1425 586 descendentibus

88 603 198 643 erat‘?
248 604 297 642 Et
328 604 426 642 bene
460 616 537 642 non
571 606 638 642 ait:
676 603 841 654 „Venite
876 609 914 641 et
946 603 1230 642 descendentes
1263 606 1424 643 confun-

88 659 208 713 dite“,
247 662 331 701 sed:
376 662 674 710 Consundamus
713 663 769 700 ibi
805 664 984 709 linquam
1016 673 1175 707 eorum;
1213 663 1424 701 ostendens

87 723 139 759 ita
171 733 211 759 se
244 722 398 771 operari
440 732 510 771 per
542 722 741 758 ministros
775 732 884 770 SuOS,
923 726 965 758 nt
998 721 1076 758 sint
1107 722 1222 758 etiam
1255 722 1329 771 ipsi
1361 733 1423 759 co-

87 785 314 830 operatores
341 778 421 830 Dei‚
454 780 555 816 sicut
580 778 777 829 apostolus
811 778 920 816 dicit:
953 778 1030 816 Dei
1059 780 1162 816 enim
1193 791 1328 817 sumus
1359 791 1422 818 co-

86 840 277 886 operarii.

633 925 785 967 CAPUT
812 926 884 967 VI.

125 1014 260 1060 Qualis
295 1013 560 1059 inlelleqenda
593 1013 644 1048 sit
675 1022 758 1049 esse
790 1013 947 1057 locutio,
980 1022 1060 1058 qua
1093 1011 1200 1049 Deus
1233 1014 1386 1059 anqelis

663 1071 849 1115 loquitur.

205 1152 363 1190 Poterat
395 1158 433 1189 et
466 1150 572 1201 illud,
604 1149 757 1200 quando
790 1150 915 1188 factus
948 1155 1007 1187 est
1039 1149 1166 1200 homo,
1198 1149 1245 1188 de
1278 1150 1424 1201 angelis

87 1210 259 1260 intellegi
292 1209 395 1259 quod
434 1208 582 1246 dictum
614 1214 691 1246 est:
729 1209 943 1246 Faciamus
974 1209 1186 1255 hominem,
1225 1209 1314 1258 qnia
1348 1221 1425 1246 non

88 1270 200 1307 dixit:
232 1264 450 1319 „Faciam“;
485 1267 553 1304 sed
579 1268 669 1316 qnia
695 1267 873 1315 seqnitur
906 1267 962 1304 ad
991 1268 1204 1313 imayz'nem
1235 1271 1424 1317 nostram,

90 1339 161 1365 nec
207 1327 262 1364 fas
307 1332 366 1364 est
409 1325 570 1363 credere
616 1324 661 1362 ad
708 1325 915 1373 imaginem
959 1324 1185 1374 angelorum
1228 1324 1423 1362 hominem

91 1387 256 1435 factum,
300 1390 366 1422 aut
407 1383 569 1421 eandem
611 1394 695 1420 esse
740 1383 947 1432 imaginem
989 1382 1216 1432 angelorum
1260 1388 1298 1420 et
1338 1381 1425 1421 Dei:

88 1449 195 1482 recte
240 1443 318 1480 illic
362 1441 603 1491 intellegitur
647 1440 847 1490 pluralitas
886 1441 1083 1478 trinitatis.
1147 1440 1254 1485 Quae
1295 1446 1424 1479 tamen

87 1503 241 1540 trinitas
275 1502 363 1550 qnia
396 1512 497 1538 unns
531 1498 634 1537 Dens
668 1503 743 1549 est,
776 1499 891 1535 etiam
925 1510 1013 1535 cum
1046 1498 1224 1536 dixisset:
1255 1500 1424 1545 „Facia-

88 1560 215 1598 mus“:
245 1560 321 1606 „Ec
343 1558 454 1607 fecit,
479 1559 618 1607 inquit,
650 1557 757 1594 Deus
782 1557 976 1594 hominem
1003 1558 1058 1594 ad
1082 1559 1294 1604 imaqinem
1315 1553 1426 1608 Be2'“‚

89 1630 166 1656 non
217 1616 314 1655 dixit
359 1617 570 1668 „fecerunt
611 1611 694 1652 dii“
743 1620 809 1652 ant
857 1615 933 1665 „ad
977 1615 1183 1664 imaginem
1228 1611 1425 1653 deorum“.

91 1677 249 1714 Poterat
292 1681 332 1713 et
372 1675 434 1712 hic
480 1673 613 1712 eadem
652 1672 824 1722 intellegi
863 1674 1036 1723 trinitas,
1077 1678 1273 1722 tamquam
1313 1672 1426 1711 Pater

92 1735 233 1772 dixerit
259 1733 305 1771 ad
332 1732 472 1770 Filium
500 1738 539 1769 et
565 1732 755 1781 Spiritum
782 1736 977 1768 sanctum:
1020 1730 1164 1778 Venite,
1197 1736 1234 1769 et
1266 1732 1424 1770 descen-

91 1795 226 1831 dentes
258 1790 552 1838 confundamus
585 1791 641 1827 ibi
670 1791 847 1836 linquam
880 1800 1036 1835 eorum,
1070 1789 1103 1826 si
1134 1788 1278 1838 aliquid
1310 1795 1425 1839 esset,

91 1850 194 1901 qnod
227 1849 383 1900 angelos
422 1847 650 1898 prohiberet
681 1846 870 1897 intellegi,
909 1846 1051 1896 quibus
1082 1848 1212 1896 potius
1245 1848 1426 1884 convenit

91 1911 223 1947 venire
263 1908 307 1945 ad
347 1906 469 1944 Deum
509 1904 678 1942 motibus
717 1906 878 1955 sanctis,
916 1904 990 1941 hoc
1028 1910 1087 1941 est
1127 1904 1426 1953 cogitationibus

91 1968 178 2017 piis,
211 1965 352 2016 quibus
380 1964 425 2002 ab
453 1965 508 2001 eis
541 1962 758 2001 consulitur
784 1961 1110 1999 incommutabilis
1137 1961 1298 2013 Veritas,
1331 1969 1424 2000 tam-

93 2036 207 2075 quam
246 2024 306 2062 lex
344 2029 501 2061 aeterna
538 2023 578 2059 in
621 2020 682 2058 illa
728 2031 863 2057 eorum
902 2021 1009 2057 curia
1050 2031 1229 2070 superna.
1291 2019 1426 2071 Neque

187 2127 222 2166 2)
248 2124 335 2158 Gen.
367 2126 419 2166 11,
447 2126 466 2156 6
493 2133 544 2165 sq.
598 2122 653 2163 12)
682 2124 711 2154 1.
740 2119 819 2154 Cor.
847 2124 878 2162 3,
906 2124 936 2154 9.
988 2122 1046 2163 23)
1073 2119 1160 2154 Gen.
1190 2124 1221 2164 1,
1247 2124 1291 2154 26
1317 2132 1368 2164 sq.

190 2267 230 2296 21
259 2262 341 2296 ideo
369 2262 467 2296 recte
493 2271 512 2294 v
532 2262 543 2304 ΙΙ
563 2264 606 2294 30
632 2259 759 2294 inmut.
788 2258 864 2292 AF
