1611 2465
131 781 174 811 10

132 1074 174 1103 15

130 1659 173 1688 25

132 1950 176 1980 30

199 146 285 187 540
740 154 767 179 S.
793 154 1012 181 AUGUsmnss

200 247 317 292 quccsc'
342 257 418 293 per
452 241 610 292 iqnem‘?
667 243 789 281 Simul
823 244 909 294 quis
941 245 1014 282 iste
1048 246 1109 294 sit,
1141 246 1402 297 inquiramus3
1434 246 1538 286 hune

202 309 329 341 tamen
362 315 440 341 uon
473 314 558 340 esse
592 303 857 340 certissimum
890 307 960 355 est,
992 315 1040 340 ne
1074 302 1241 342 duorum
1274 305 1539 355 apostolorum

201 363 413 400 sententias
440 362 639 399 mittamus
665 362 705 399 in
732 362 866 412 rixam,
899 362 931 399 si
958 373 1060 399 unus
1087 361 1198 401 dicit:
1228 362 1416 414 „Etiamsi
1442 364 1539 402 mala

200 432 318 471 opera
350 421 438 470 quis
470 419 663 471 habuerit,
695 419 855 457 salvabit
887 432 977 458 eum
1008 432 1079 470 per
1110 421 1239 470 iguem
1272 419 1410 473 fides“;
1443 422 1539 461 alius

201 484 348 517 autem:
381 479 427 517 Sz'
457 490 580 528 opera
612 489 692 516 non
723 479 886 530 habeat,
929 480 1125 526 numquid
1148 482 1301 528 poterit
1327 482 1430 527 fides
1460 484 1538 520 sal-

200 549 298 576 vare
330 536 446 576 eum?

318 595 566 634 Inveniemus
612 607 703 645 ergo
749 597 836 645 quis
878 597 1002 646 possit
1033 595 1171 634 salvari
1205 609 1275 647 per
1316 598 1464 648 ignem,
1508 599 1541 636 si

200 656 309 706 prius
350 655 616 693 invenerimus
655 653 747 704 quid
788 655 836 692 sit
876 653 1019 692 habere.
1058 656 1097 692 in
1136 655 1387 694 fundamento
1430 655 1539 694 Chri-

201 719 315 752 stum.
380 713 491 758 Quod
530 718 573 751 ut
610 712 656 750 de
695 713 778 763 ipsa
817 712 1070 751 similitudine
1103 716 1335 763 quantocius
1367 714 1540 753 adverta-

201 784 305 810 mus:
345 771 438 809 nihil
477 772 517 809 in
558 771 732 809 aedificio
774 773 1029 821 praeponitur
1060 771 1331 824 fundament03
1364 774 1541 824 quisquis

200 832 331 880 itaque
364 831 420 868 sic
446 829 563 868 habet
588 831 627 867 in
655 829 772 868 corde
800 829 1011 882 Christum,
1043 835 1087 868 ut
1119 832 1154 868 ei
1186 836 1343 869 terrena
1375 837 1413 870 et
1445 837 1540 870 tem-

199 889 347 940 poralia
390 901 463 927 nec
508 900 552 926 ea
603 900 700 938 quae
747 888 851 926 licita
902 894 993 927 sunt
1041 894 1158 939 atque
1202 901 1387 928 concessa
1430 902 1540 941 prae-

200 953 330 999 ponat,
363 947 659 985 fundamentum
691 946 808 984 habet
841 946 1057 1000 Christum3
1097 949 1129 986 si
1160 953 1290 986 autem
1322 951 1541 1001 praeponit,

201 1007 274 1044 etsi
314 1006 489 1044 videatur
526 1004 670 1043 hahere
709 1005 824 1043 tidem
857 1004 1018 1057 Christi,
1062 1018 1139 1044 non
1171 1012 1231 1044 est
1262 1012 1391 1045 tamen
1423 1009 1463 1045 in
1495 1019 1541 1045 eo

202 1064 499 1102 fundamentum
544 1063 748 1114 Christus,
798 1065 861 1101 cui
905 1064 993 1101 talia
1038 1071 1352 1117 praeponuntur;
1396 1071 1541 1116 quanto

202 1124 334 1174 magis,
360 1124 393 1160 si
419 1122 600 1160 salutaria
627 1127 835 1172 praecepta
862 1128 1116 1160 contemnens
1143 1125 1359 1162 committat
1384 1124 1541 1176 inlicita,

201 1193 278 1219 non
310 1182 584 1231 praeposuisse
618 1179 833 1231 Christum,
875 1180 942 1218 sed
980 1183 1248 1231 postposuisse
1283 1183 1541 1235 convincitur,

201 1251 317 1290 quem
344 1238 569 1289 posthabuit
595 1240 852 1288 imperantem
884 1240 963 1277 sive
999 1240 1291 1291 concedentem,
1324 1240 1416 1278 dum
1449 1253 1538 1279 cou-

202 1304 259 1336 tra
301 1299 386 1335 eius
427 1299 616 1347 imperata
658 1298 737 1334 sive
777 1309 963 1335 concessa
1000 1309 1110 1335 suam
1151 1310 1221 1348 per
1258 1298 1400 1347 flagitia
1439 1299 1540 1338 dele-

200 1358 256 1407 git
293 1355 449 1406 explere
493 1354 711 1393 libidinem!
757 1355 797 1393 Si
841 1357 928 1405 quis
967 1357 1096 1406 itaque
1139 1356 1381 1395 Christianus
1420 1358 1543 1408 diligit

200 1416 449 1453 meretricem
489 1415 603 1464 eique
642 1413 857 1452 adhaerens
896 1426 1017 1452 unum
1056 1426 1199 1465 corpus
1237 1416 1423 1467 eflicitur,
1466 1418 1542 1454 iam

200 1475 239 1511 in
278 1472 532 1510 fundamento
571 1484 649 1510 non
687 1472 803 1510 habet
841 1471 1050 1511 Christum.
1114 1473 1154 1510 Si
1193 1475 1279 1524 quis
1319 1479 1448 1513 autem
1487 1475 1540 1513 di-

200 1532 284 1581 ligit
320 1543 483 1569 uxorem
525 1543 655 1582 suam,
694 1532 726 1568 si
765 1531 980 1569 secundum
1020 1530 1240 1583 Christum,
1279 1534 1366 1582 quis
1400 1534 1435 1571 ei
1473 1533 1541 1571 du-

200 1590 299 1628 bitet
334 1591 374 1627 in
413 1589 666 1628 fundamento
711 1601 797 1627 esse
842 1587 1068 1628 Christum?
1113 1591 1145 1628 si
1190 1602 1281 1628 vero
1326 1591 1543 1630 secundum

200 1648 274 1686 hoc
313 1648 529 1699 saeculum,
568 1649 600 1686 si
632 1647 856 1699 carnaliter,
899 1649 930 1685 si
968 1650 1008 1686 in
1040 1648 1176 1686 morbo
1209 1651 1541 1699 concupiscentia-

201 1719 307 1758 rum,
354 1708 456 1745 sicut
502 1711 541 1744 et
587 1711 723 1756 gentes
769 1718 865 1756 quae
909 1708 1090 1757 ignorant
1127 1706 1268 1759 Deum,
1310 1709 1425 1746 etiam
1469 1708 1542 1746 hoc

202 1765 417 1803 secundum
460 1766 611 1802 veniam
653 1765 832 1802 concedit
869 1764 1085 1816 apostolus,
1128 1766 1246 1803 immo
1286 1778 1358 1816 per
1390 1771 1542 1817 aposto-

201 1823 281 1861 lum
318 1822 508 1861 Christus.
561 1822 696 1861 Potest
730 1835 822 1872 ergo
859 1828 897 1861 et
931 1824 1004 1861 iste
1043 1825 1082 1861 in
1115 1823 1367 1862 fundamento
1399 1824 1542 1863 habere

203 1881 413 1919 Christum.
478 1880 517 1919 Si
561 1882 662 1919 enim
696 1881 791 1918 nihil
824 1883 859 1919 ei
891 1881 976 1919 talis
1009 1882 1223 1920 affectionis
1257 1882 1542 1933 voluptatisque

203 1945 434 1991 praeponat,
473 1940 648 1989 quamvis
680 1940 979 1989 superaedificet
1010 1939 1130 1991 ligna,
1163 1940 1316 1991 senum,
1349 1941 1542 1994 stipulam,

203 1998 382 2036 Christus
423 2003 483 2036 est
520 1997 837 2049 fundamentum,
875 2003 1036 2048 propter
1075 1997 1147 2035 hoc
1194 1998 1320 2037 salvus
1361 2001 1435 2038 erit
1472 2012 1543 2051 per

299 2088 331 2130 1)
360 2090 389 2120 1.
417 2086 495 2120 Cor.
523 2090 555 2129 3,
584 2090 636 2120 15.
688 2088 747 2129 21)
775 2089 803 2120 1.
833 2085 911 2120 Cor.
940 2090 978 2129 6,
1009 2090 1060 2120 16.
1113 2088 1172 2131 23)
1198 2087 1290 2131 Eph.
1318 2090 1349 2130 5,
1377 2092 1430 2123 25.
1483 2090 1542 2132 26)

204 2137 234 2167 1.
262 2134 388 2167 Thess,
418 2136 451 2176 4,
478 2137 507 2167 5.

226 2320 241 2353 t
298 2276 317 2305 9
346 2272 392 2352 dl}
416 2283 481 2306 om.
508 2272 543 2306 R
562 2273 574 2316 ΙΙ
596 2276 635 2305 11
664 2273 704 2306 ut
728 2283 801 2306 non
829 2271 862 2306 ei
881 2272 915 2305 A
935 2273 946 2315 ΙΙ
969 2275 1010 2306 18
1037 2273 1120 2316 post
1144 2273 1235 2308 haee
1260 2274 1390 2308 habuit
1416 2276 1448 2308 A
1469 2276 1480 2319 Η
1500 2279 1543 2310 26

204 2330 222 2353 e
266 2329 329 2353 om.
