<?xml version="1.0" encoding="UTF-8"?>
<!DOCTYPE html PUBLIC "-//W3C//DTD XHTML 1.0 Transitional//EN"
    "http://www.w3.org/TR/xhtml1/DTD/xhtml1-transitional.dtd">
<html xmlns="http://www.w3.org/1999/xhtml" xml:lang="en" lang="en">
 <head>
  <title>
</title>
<meta http-equiv="Content-Type" content="text/html;charset=utf-8" />
  <meta name='ocr-system' content='tesseract 3.04.00' />
  <meta name='ocr-capabilities' content='ocr_page ocr_carea ocr_par ocr_line ocrx_word'/>
</head>
<body>
  <div class='ocr_page' id='page_1' title='image "./sanctiaureliiaug02auguuoft_0289.png"; bbox 0 0 1548 2562; ppageno 0'>
   <div class='ocr_carea' id='block_1_1' title="bbox 438 149 1422 190">
    <p class='ocr_par' dir='ltr' id='par_1_1' title="bbox 438 149 1422 190">
     <span class='ocr_line' id='line_1_1' title="bbox 438 149 1422 190; baseline -0.001 -6"><span class='ocrx_word' id='word_1_1' title='bbox 438 160 489 184; x_wconf 82' lang='lat' dir='ltr'>DE</span> <span class='ocrx_word' id='word_1_2' title='bbox 510 158 695 184; x_wconf 79' lang='lat' dir='ltr'>CIVITATE</span> <span class='ocrx_word' id='word_1_3' title='bbox 714 159 782 184; x_wconf 82' lang='lat' dir='ltr'>DEI</span> <span class='ocrx_word' id='word_1_4' title='bbox 801 159 834 184; x_wconf 81' lang='lat' dir='ltr'>L.</span> <span class='ocrx_word' id='word_1_5' title='bbox 854 159 968 184; x_wconf 83' lang='lat' dir='ltr'>xvm.</span> <span class='ocrx_word' id='word_1_6' title='bbox 991 159 1018 184; x_wconf 88' lang='lat' dir='ltr'>c.</span> <span class='ocrx_word' id='word_1_7' title='bbox 1040 160 1081 183; x_wconf 83' lang='lat'>21.</span> <span class='ocrx_word' id='word_1_8' title='bbox 1337 149 1422 190; x_wconf 77' lang='grc'>283</span> 
     </span>
    </p>
   </div>
   <div class='ocr_carea' id='block_1_2' title="bbox 96 246 1422 355">
    <p class='ocr_par' dir='ltr' id='par_1_2' title="bbox 96 246 1422 355">
     <span class='ocr_line' id='line_1_2' title="bbox 96 246 1422 298; baseline -0.002 -12"><span class='ocrx_word' id='word_1_9' title='bbox 96 249 212 286; x_wconf 84' lang='lat' dir='ltr'>istum</span> <span class='ocrx_word' id='word_1_10' title='bbox 239 252 366 285; x_wconf 89' lang='lat' dir='ltr'>autem</span> <span class='ocrx_word' id='word_1_11' title='bbox 393 252 431 284; x_wconf 92' lang='lat' dir='ltr'>et</span> <span class='ocrx_word' id='word_1_12' title='bbox 459 246 567 284; x_wconf 92' lang='lat' dir='ltr'>illum</span> <span class='ocrx_word' id='word_1_13' title='bbox 598 258 710 296; x_wconf 83' lang='lat' dir='ltr'>reges</span> <span class='ocrx_word' id='word_1_14' title='bbox 742 248 993 297; x_wconf 86' lang='lat' dir='ltr'>reperiuntur</span> <span class='ocrx_word' id='word_1_15' title='bbox 1025 246 1113 298; x_wconf 84' lang='lat' dir='ltr'>duo,</span> <span class='ocrx_word' id='word_1_16' title='bbox 1145 257 1312 295; x_wconf 91' lang='lat' dir='ltr'>quorum</span> <span class='ocrx_word' id='word_1_17' title='bbox 1344 248 1422 296; x_wconf 86' lang='lat' dir='ltr'>pri-</span> 
     </span>
     <span class='ocr_line' id='line_1_3' title="bbox 96 303 1088 355; baseline -0.001 -12"><span class='ocrx_word' id='word_1_18' title='bbox 96 317 181 343; x_wconf 87' lang='lat' dir='ltr'>mus</span> <span class='ocrx_word' id='word_1_19' title='bbox 214 309 288 355; x_wconf 91' lang='lat' dir='ltr'>est,</span> <span class='ocrx_word' id='word_1_20' title='bbox 321 309 365 342; x_wconf 88' lang='lat' dir='ltr'>ut</span> <span class='ocrx_word' id='word_1_21' title='bbox 396 316 484 343; x_wconf 90' lang='lat' dir='ltr'>eum</span> <span class='ocrx_word' id='word_1_22' title='bbox 516 303 733 353; x_wconf 84' lang='lat' dir='ltr'>Vergiliano</span> <span class='ocrx_word' id='word_1_23' title='bbox 765 316 889 346; x_wconf 85' lang='lat' dir='ltr'>versu</span> <span class='ocrx_word' id='word_1_24' title='bbox 913 304 1088 354; x_wconf 84' lang='lat' dir='ltr'>eloquar:</span> 
     </span>
    </p>
   </div>
   <div class='ocr_carea' id='block_1_3' title="bbox 211 384 1262 434">
    <p class='ocr_par' dir='ltr' id='par_1_3' title="bbox 211 384 1262 434">
     <span class='ocr_line' id='line_1_4' title="bbox 211 384 1262 434; baseline -0.001 -11"><span class='ocrx_word' id='word_1_25' title='bbox 211 386 417 424; x_wconf 81' lang='lat' dir='ltr'><strong>Proximus</strong></span> <span class='ocrx_word' id='word_1_26' title='bbox 449 386 516 422; x_wconf 86' lang='lat' dir='ltr'>ille</span> <span class='ocrx_word' id='word_1_27' title='bbox 548 385 702 432; x_wconf 79' lang='lat' dir='ltr'>Procas,</span> <span class='ocrx_word' id='word_1_28' title='bbox 737 385 928 423; x_wconf 83' lang='lat' dir='ltr'>Troianae</span> <span class='ocrx_word' id='word_1_29' title='bbox 960 386 1088 434; x_wconf 80' lang='lat' dir='ltr'>gloria</span> <span class='ocrx_word' id='word_1_30' title='bbox 1119 384 1262 434; x_wconf 74' lang='lat' dir='ltr'>gentis.</span> 
     </span>
    </p>
   </div>
   <div class='ocr_carea' id='block_1_4' title="bbox 94 464 1425 2075">
    <p class='ocr_par' dir='ltr' id='par_1_4' title="bbox 94 464 1425 2075">
     <span class='ocr_line' id='line_1_5' title="bbox 95 464 1421 516; baseline -0.002 -12"><span class='ocrx_word' id='word_1_31' title='bbox 95 466 214 504; x_wconf 87' lang='lat' dir='ltr'>Cuius</span> <span class='ocrx_word' id='word_1_32' title='bbox 246 471 421 516; x_wconf 86' lang='lat' dir='ltr'>tempore</span> <span class='ocrx_word' id='word_1_33' title='bbox 459 466 548 515; x_wconf 88' lang='lat' dir='ltr'>quia</span> <span class='ocrx_word' id='word_1_34' title='bbox 580 466 655 503; x_wconf 89' lang='lat' dir='ltr'>iam</span> <span class='ocrx_word' id='word_1_35' title='bbox 687 465 852 515; x_wconf 86' lang='lat' dir='ltr'>quodam</span> <span class='ocrx_word' id='word_1_36' title='bbox 885 465 998 504; x_wconf 83' lang='lat' dir='ltr'>modo</span> <span class='ocrx_word' id='word_1_37' title='bbox 1031 465 1151 503; x_wconf 88' lang='lat' dir='ltr'>Roma</span> <span class='ocrx_word' id='word_1_38' title='bbox 1182 464 1421 516; x_wconf 86' lang='lat' dir='ltr'>parturieba-</span> 
     </span>
     <span class='ocr_line' id='line_1_6' title="bbox 96 522 1422 574; baseline -0.001 -13"><span class='ocrx_word' id='word_1_39' title='bbox 96 530 179 574; x_wconf 85' lang='lat' dir='ltr'>tur,</span> <span class='ocrx_word' id='word_1_40' title='bbox 222 522 315 562; x_wconf 92' lang='lat' dir='ltr'>illud</span> <span class='ocrx_word' id='word_1_41' title='bbox 358 524 530 561; x_wconf 89' lang='lat' dir='ltr'>omnium</span> <span class='ocrx_word' id='word_1_42' title='bbox 568 534 779 573; x_wconf 84' lang='lat' dir='ltr'>regnorum</span> <span class='ocrx_word' id='word_1_43' title='bbox 817 525 1023 561; x_wconf 81' lang='lat' dir='ltr'>maximum</span> <span class='ocrx_word' id='word_1_44' title='bbox 1062 523 1262 573; x_wconf 81' lang='lat' dir='ltr'>Assyrium</span> <span class='ocrx_word' id='word_1_45' title='bbox 1305 523 1422 560; x_wconf 83' lang='lat' dir='ltr'>finem</span> 
     </span>
     <span class='ocr_line' id='line_1_7' title="bbox 96 580 1421 632; baseline -0.001 -13"><span class='ocrx_word' id='word_1_46' title='bbox 96 586 223 620; x_wconf 87' lang='lat' dir='ltr'>tantae</span> <span class='ocrx_word' id='word_1_47' title='bbox 250 581 516 619; x_wconf 79' lang='lat' dir='ltr'>diuturnitatis</span> <span class='ocrx_word' id='word_1_48' title='bbox 548 582 708 632; x_wconf 85' lang='lat' dir='ltr'>accepit.</span> <span class='ocrx_word' id='word_1_49' title='bbox 770 581 825 619; x_wconf 93' lang='lat' dir='ltr'>Ad</span> <span class='ocrx_word' id='word_1_50' title='bbox 852 581 984 619; x_wconf 87' lang='lat' dir='ltr'>Medos</span> <span class='ocrx_word' id='word_1_51' title='bbox 1017 582 1159 631; x_wconf 87' lang='lat' dir='ltr'>quippe</span> <span class='ocrx_word' id='word_1_52' title='bbox 1192 580 1421 619; x_wconf 86' lang='lat' dir='ltr'>translatum</span> 
     </span>
     <span class='ocr_line' id='line_1_8' title="bbox 95 639 1421 689; baseline -0.001 -12"><span class='ocrx_word' id='word_1_53' title='bbox 95 644 154 677; x_wconf 88' lang='lat' dir='ltr'>est</span> <span class='ocrx_word' id='word_1_54' title='bbox 185 643 272 689; x_wconf 89' lang='lat' dir='ltr'>post</span> <span class='ocrx_word' id='word_1_55' title='bbox 309 650 430 677; x_wconf 87' lang='lat' dir='ltr'>annos</span> <span class='ocrx_word' id='word_1_56' title='bbox 468 639 590 677; x_wconf 87' lang='lat' dir='ltr'>ferme</span> <span class='ocrx_word' id='word_1_57' title='bbox 628 639 731 677; x_wconf 87' lang='lat' dir='ltr'>mille</span> <span class='ocrx_word' id='word_1_58' title='bbox 769 644 967 677; x_wconf 85' lang='lat' dir='ltr'>trecentos</span> <span class='ocrx_word' id='word_1_59' title='bbox 1005 640 1194 689; x_wconf 86' lang='lat' dir='ltr'>quinque,</span> <span class='ocrx_word' id='word_1_60' title='bbox 1232 643 1275 676; x_wconf 92' lang='lat' dir='ltr'>ut</span> <span class='ocrx_word' id='word_1_61' title='bbox 1307 639 1421 676; x_wconf 86' lang='lat' dir='ltr'>etiarn</span> 
     </span>
     <span class='ocr_line' id='line_1_9' title="bbox 94 696 1421 748; baseline -0.001 -14"><span class='ocrx_word' id='word_1_62' title='bbox 94 696 193 748; x_wconf 88' lang='lat' dir='ltr'>Beli,</span> <span class='ocrx_word' id='word_1_63' title='bbox 231 697 297 746; x_wconf 89' lang='lat' dir='ltr'>qui</span> <span class='ocrx_word' id='word_1_64' title='bbox 327 696 470 735; x_wconf 87' lang='lat' dir='ltr'>Ninum</span> <span class='ocrx_word' id='word_1_65' title='bbox 509 698 643 747; x_wconf 84' lang='lat' dir='ltr'>genuit</span> <span class='ocrx_word' id='word_1_66' title='bbox 681 702 720 734; x_wconf 91' lang='lat' dir='ltr'>et</span> <span class='ocrx_word' id='word_1_67' title='bbox 759 696 837 735; x_wconf 89' lang='lat' dir='ltr'>illic</span> <span class='ocrx_word' id='word_1_68' title='bbox 868 708 986 747; x_wconf 88' lang='lat' dir='ltr'>parvo</span> <span class='ocrx_word' id='word_1_69' title='bbox 1019 702 1225 735; x_wconf 87' lang='lat' dir='ltr'>contentus</span> <span class='ocrx_word' id='word_1_70' title='bbox 1257 697 1421 746; x_wconf 87' lang='lat' dir='ltr'>imperio</span> 
     </span>
     <span class='ocr_line' id='line_1_10' title="bbox 94 754 1422 805; baseline -0.001 -13"><span class='ocrx_word' id='word_1_71' title='bbox 94 756 243 805; x_wconf 90' lang='lat' dir='ltr'>primus</span> <span class='ocrx_word' id='word_1_72' title='bbox 284 766 352 792; x_wconf 87' lang='lat' dir='ltr'>rex</span> <span class='ocrx_word' id='word_1_73' title='bbox 393 754 486 805; x_wconf 81' lang='lat' dir='ltr'>suit,</span> <span class='ocrx_word' id='word_1_74' title='bbox 529 759 704 805; x_wconf 87' lang='lat' dir='ltr'>tempora</span> <span class='ocrx_word' id='word_1_75' title='bbox 749 760 1034 805; x_wconf 86' lang='lat' dir='ltr'>computentur.</span> <span class='ocrx_word' id='word_1_76' title='bbox 1104 754 1246 793; x_wconf 89' lang='lat' dir='ltr'>Procas</span> <span class='ocrx_word' id='word_1_77' title='bbox 1293 759 1422 792; x_wconf 89' lang='lat' dir='ltr'>autem</span> 
     </span>
     <span class='ocr_line' id='line_1_11' title="bbox 94 811 1420 862; baseline -0.001 -12"><span class='ocrx_word' id='word_1_78' title='bbox 94 813 269 862; x_wconf 85' lang='lat' dir='ltr'>regnavit</span> <span class='ocrx_word' id='word_1_79' title='bbox 300 818 388 851; x_wconf 88' lang='lat' dir='ltr'>ante</span> <span class='ocrx_word' id='word_1_80' title='bbox 416 812 621 851; x_wconf 86' lang='lat' dir='ltr'>Amulium.</span> <span class='ocrx_word' id='word_1_81' title='bbox 682 812 804 850; x_wconf 87' lang='lat' dir='ltr'>Porro</span> <span class='ocrx_word' id='word_1_82' title='bbox 832 812 1006 851; x_wconf 85' lang='lat' dir='ltr'>Amulius</span> <span class='ocrx_word' id='word_1_83' title='bbox 1039 813 1170 850; x_wconf 85' lang='lat' dir='ltr'>fratris</span> <span class='ocrx_word' id='word_1_84' title='bbox 1202 813 1263 850; x_wconf 71' lang='lat' dir='ltr'>s&#39;ci</span> <span class='ocrx_word' id='word_1_85' title='bbox 1289 811 1420 849; x_wconf 90' lang='lat' dir='ltr'>Numi-</span> 
     </span>
     <span class='ocr_line' id='line_1_12' title="bbox 94 869 1422 920; baseline -0.002 -12"><span class='ocrx_word' id='word_1_86' title='bbox 94 871 190 909; x_wconf 87' lang='lat' dir='ltr'>toris</span> <span class='ocrx_word' id='word_1_87' title='bbox 234 869 349 908; x_wconf 87' lang='lat' dir='ltr'>filiam</span> <span class='ocrx_word' id='word_1_88' title='bbox 390 869 536 908; x_wconf 87' lang='lat' dir='ltr'>Rheam</span> <span class='ocrx_word' id='word_1_89' title='bbox 580 871 752 920; x_wconf 89' lang='lat' dir='ltr'>nomine,</span> <span class='ocrx_word' id='word_1_90' title='bbox 797 882 894 920; x_wconf 85' lang='lat' dir='ltr'>quae</span> <span class='ocrx_word' id='word_1_91' title='bbox 938 872 1052 908; x_wconf 83' lang='lat' dir='ltr'>etiam</span> <span class='ocrx_word' id='word_1_92' title='bbox 1093 869 1160 907; x_wconf 84' lang='lat' dir='ltr'>Ilia</span> <span class='ocrx_word' id='word_1_93' title='bbox 1203 875 1422 920; x_wconf 80' lang='lat' dir='ltr'>vocaoatur,</span> 
     </span>
     <span class='ocr_line' id='line_1_13' title="bbox 95 926 1423 978; baseline -0.001 -13"><span class='ocrx_word' id='word_1_94' title='bbox 95 927 249 966; x_wconf 86' lang='lat' dir='ltr'>Romuli</span> <span class='ocrx_word' id='word_1_95' title='bbox 280 933 460 974; x_wconf 88' lang='lat' dir='ltr'>matrem,</span> <span class='ocrx_word' id='word_1_96' title='bbox 499 926 691 966; x_wconf 80' lang='lat' dir='ltr'>Vestalem</span> <span class='ocrx_word' id='word_1_97' title='bbox 722 929 910 977; x_wconf 83' lang='lat' dir='ltr'>virginem</span> <span class='ocrx_word' id='word_1_98' title='bbox 942 928 1105 978; x_wconf 78' lang='lat' dir='ltr'>fecerat,</span> <span class='ocrx_word' id='word_1_99' title='bbox 1143 939 1258 977; x_wconf 89' lang='lat' dir='ltr'>quam</span> <span class='ocrx_word' id='word_1_100' title='bbox 1290 926 1423 965; x_wconf 91' lang='lat' dir='ltr'>volunt</span> 
     </span>
     <span class='ocr_line' id='line_1_14' title="bbox 95 984 1422 1036; baseline -0.001 -13"><span class='ocrx_word' id='word_1_101' title='bbox 95 985 142 1023; x_wconf 90' lang='lat' dir='ltr'>de</span> <span class='ocrx_word' id='word_1_102' title='bbox 182 985 302 1023; x_wconf 83' lang='lat' dir='ltr'>Marte</span> <span class='ocrx_word' id='word_1_103' title='bbox 344 987 518 1035; x_wconf 84' lang='lat' dir='ltr'>geminos</span> <span class='ocrx_word' id='word_1_104' title='bbox 559 987 806 1036; x_wconf 83' lang='lat' dir='ltr'>concepisse,</span> <span class='ocrx_word' id='word_1_105' title='bbox 849 987 923 1023; x_wconf 91' lang='lat' dir='ltr'>isto</span> <span class='ocrx_word' id='word_1_106' title='bbox 965 984 1078 1024; x_wconf 86' lang='lat' dir='ltr'>modo</span> <span class='ocrx_word' id='word_1_107' title='bbox 1121 990 1300 1034; x_wconf 79' lang='lat' dir='ltr'>stuprum</span> <span class='ocrx_word' id='word_1_108' title='bbox 1339 985 1422 1022; x_wconf 89' lang='lat' dir='ltr'>eius</span> 
     </span>
     <span class='ocr_line' id='line_1_15' title="bbox 95 1042 1423 1094; baseline -0.002 -13"><span class='ocrx_word' id='word_1_109' title='bbox 95 1043 330 1081; x_wconf 83' lang='lat' dir='ltr'>honorantes</span> <span class='ocrx_word' id='word_1_110' title='bbox 374 1042 432 1080; x_wconf 90' lang='lat' dir='ltr'>vel</span> <span class='ocrx_word' id='word_1_111' title='bbox 485 1049 737 1094; x_wconf 85' lang='lat' dir='ltr'>excusantes,</span> <span class='ocrx_word' id='word_1_112' title='bbox 787 1048 826 1081; x_wconf 87' lang='lat' dir='ltr'>et</span> <span class='ocrx_word' id='word_1_113' title='bbox 869 1042 1096 1081; x_wconf 82' lang='lat' dir='ltr'>adhibentes</span> <span class='ocrx_word' id='word_1_114' title='bbox 1140 1046 1423 1092; x_wconf 84' lang='lat' dir='ltr'>argumentum,</span> 
     </span>
     <span class='ocr_line' id='line_1_16' title="bbox 96 1099 1423 1151; baseline -0.001 -13"><span class='ocrx_word' id='word_1_115' title='bbox 96 1100 197 1150; x_wconf 87' lang='lat' dir='ltr'>quod</span> <span class='ocrx_word' id='word_1_116' title='bbox 230 1101 397 1139; x_wconf 90' lang='lat' dir='ltr'>infantes</span> <span class='ocrx_word' id='word_1_117' title='bbox 424 1102 620 1151; x_wconf 87' lang='lat' dir='ltr'>expositos</span> <span class='ocrx_word' id='word_1_118' title='bbox 651 1101 741 1151; x_wconf 87' lang='lat' dir='ltr'>lupa</span> <span class='ocrx_word' id='word_1_119' title='bbox 773 1102 990 1139; x_wconf 88' lang='lat' dir='ltr'>nutriverit.</span> <span class='ocrx_word' id='word_1_120' title='bbox 1050 1099 1132 1138; x_wconf 86' lang='lat' dir='ltr'>Hoc</span> <span class='ocrx_word' id='word_1_121' title='bbox 1166 1101 1267 1138; x_wconf 88' lang='lat' dir='ltr'>enim</span> <span class='ocrx_word' id='word_1_122' title='bbox 1300 1111 1423 1150; x_wconf 85' lang='lat' dir='ltr'>genus</span> 
     </span>
     <span class='ocr_line' id='line_1_17' title="bbox 96 1157 1422 1209; baseline -0.002 -13"><span class='ocrx_word' id='word_1_123' title='bbox 96 1158 241 1197; x_wconf 84' lang='lat' dir='ltr'>bestiae</span> <span class='ocrx_word' id='word_1_124' title='bbox 274 1157 319 1196; x_wconf 89' lang='lat' dir='ltr'>ad</span> <span class='ocrx_word' id='word_1_125' title='bbox 352 1158 513 1197; x_wconf 87' lang='lat' dir='ltr'>Martem</span> <span class='ocrx_word' id='word_1_126' title='bbox 553 1160 773 1197; x_wconf 88' lang='lat' dir='ltr'>existimant</span> <span class='ocrx_word' id='word_1_127' title='bbox 803 1160 1018 1209; x_wconf 86' lang='lat' dir='ltr'>pertinere,</span> <span class='ocrx_word' id='word_1_128' title='bbox 1052 1163 1094 1196; x_wconf 85' lang='lat' dir='ltr'>ut</span> <span class='ocrx_word' id='word_1_129' title='bbox 1126 1157 1305 1196; x_wconf 90' lang='lat' dir='ltr'>videlicet</span> <span class='ocrx_word' id='word_1_130' title='bbox 1335 1157 1422 1195; x_wconf 88' lang='lat' dir='ltr'>idco</span> 
     </span>
     <span class='ocr_line' id='line_1_18' title="bbox 95 1215 1423 1267; baseline -0.002 -13"><span class='ocrx_word' id='word_1_131' title='bbox 95 1216 183 1266; x_wconf 91' lang='lat' dir='ltr'>lupa</span> <span class='ocrx_word' id='word_1_132' title='bbox 210 1216 391 1255; x_wconf 87' lang='lat' dir='ltr'>credatur</span> <span class='ocrx_word' id='word_1_133' title='bbox 417 1216 631 1255; x_wconf 86' lang='lat' dir='ltr'>admovisse</span> <span class='ocrx_word' id='word_1_134' title='bbox 662 1216 781 1254; x_wconf 86' lang='lat' dir='ltr'>ubera</span> <span class='ocrx_word' id='word_1_135' title='bbox 813 1216 995 1267; x_wconf 88' lang='lat' dir='ltr'>parvulis,</span> <span class='ocrx_word' id='word_1_136' title='bbox 1027 1217 1116 1266; x_wconf 90' lang='lat' dir='ltr'>quia</span> <span class='ocrx_word' id='word_1_137' title='bbox 1147 1215 1246 1253; x_wconf 83' lang='lat' dir='ltr'>filios</span> <span class='ocrx_word' id='word_1_138' title='bbox 1278 1215 1423 1254; x_wconf 87' lang='lat' dir='ltr'>domini</span> 
     </span>
     <span class='ocr_line' id='line_1_19' title="bbox 96 1268 1423 1325; baseline -0.001 -14"><span class='ocrx_word' id='word_1_139' title='bbox 96 1275 156 1312; x_wconf 92' lang='lat' dir='ltr'>sui</span> <span class='ocrx_word' id='word_1_140' title='bbox 187 1273 320 1313; x_wconf 86' lang='lat' dir='ltr'>Martis</span> <span class='ocrx_word' id='word_1_141' title='bbox 361 1268 745 1325; x_wconf 73' lang='lat' dir='ltr'>agnovit3squan1vis</span> <span class='ocrx_word' id='word_1_142' title='bbox 777 1286 854 1312; x_wconf 91' lang='lat' dir='ltr'>non</span> <span class='ocrx_word' id='word_1_143' title='bbox 886 1274 1013 1312; x_wconf 87' lang='lat' dir='ltr'>desint</span> <span class='ocrx_word' id='word_1_144' title='bbox 1045 1275 1112 1324; x_wconf 85' lang='lat' dir='ltr'>qui</span> <span class='ocrx_word' id='word_1_145' title='bbox 1144 1273 1293 1324; x_wconf 86' lang='lat' dir='ltr'>dicant,</span> <span class='ocrx_word' id='word_1_146' title='bbox 1334 1284 1423 1311; x_wconf 88' lang='lat' dir='ltr'>cum</span> 
     </span>
     <span class='ocr_line' id='line_1_20' title="bbox 97 1332 1422 1383; baseline -0.002 -14"><span class='ocrx_word' id='word_1_147' title='bbox 97 1333 260 1382; x_wconf 87' lang='lat' dir='ltr'>expositi</span> <span class='ocrx_word' id='word_1_148' title='bbox 297 1333 493 1382; x_wconf 83' lang='lat' dir='ltr'>vagientes</span> <span class='ocrx_word' id='word_1_149' title='bbox 530 1333 720 1383; x_wconf 89' lang='lat' dir='ltr'>iacerent,</span> <span class='ocrx_word' id='word_1_150' title='bbox 759 1344 779 1370; x_wconf 88' lang='lat' dir='ltr'>a</span> <span class='ocrx_word' id='word_1_151' title='bbox 817 1334 948 1370; x_wconf 90' lang='lat' dir='ltr'>nescio</span> <span class='ocrx_word' id='word_1_152' title='bbox 991 1343 1066 1381; x_wconf 89' lang='lat' dir='ltr'>qua</span> <span class='ocrx_word' id='word_1_153' title='bbox 1098 1332 1267 1381; x_wconf 90' lang='lat' dir='ltr'>primum</span> <span class='ocrx_word' id='word_1_154' title='bbox 1299 1342 1422 1368; x_wconf 89' lang='lat' dir='ltr'>mere-</span> 
     </span>
     <span class='ocr_line' id='line_1_21' title="bbox 97 1387 1424 1441; baseline -0.001 -14"><span class='ocrx_word' id='word_1_155' title='bbox 97 1391 192 1427; x_wconf 88' lang='lat' dir='ltr'>trice</span> <span class='ocrx_word' id='word_1_156' title='bbox 237 1390 356 1428; x_wconf 88' lang='lat' dir='ltr'>suisse</span> <span class='ocrx_word' id='word_1_157' title='bbox 407 1389 589 1428; x_wconf 87' lang='lat' dir='ltr'>collectos</span> <span class='ocrx_word' id='word_1_158' title='bbox 640 1395 678 1428; x_wconf 84' lang='lat' dir='ltr'>et</span> <span class='ocrx_word' id='word_1_159' title='bbox 726 1392 870 1441; x_wconf 87' lang='lat' dir='ltr'>primas</span> <span class='ocrx_word' id='word_1_160' title='bbox 914 1391 998 1427; x_wconf 91' lang='lat' dir='ltr'>eius</span> <span class='ocrx_word' id='word_1_161' title='bbox 1041 1391 1193 1427; x_wconf 89' lang='lat' dir='ltr'>suxisse</span> <span class='ocrx_word' id='word_1_162' title='bbox 1238 1387 1424 1427; x_wconf 83' lang='lat' dir='ltr'>mamillas</span> 
     </span>
     <span class='ocr_line' id='line_1_22' title="bbox 98 1445 1423 1498; baseline -0.002 -12"><span class='ocrx_word' id='word_1_163' title='bbox 98 1445 345 1498; x_wconf 87' lang='lat' dir='ltr'>(meretrices</span> <span class='ocrx_word' id='word_1_164' title='bbox 377 1452 505 1486; x_wconf 85' lang='lat' dir='ltr'>autem</span> <span class='ocrx_word' id='word_1_165' title='bbox 537 1447 646 1498; x_wconf 91' lang='lat' dir='ltr'>lupas</span> <span class='ocrx_word' id='word_1_166' title='bbox 678 1448 885 1498; x_wconf 87' lang='lat' dir='ltr'>vocabant,</span> <span class='ocrx_word' id='word_1_167' title='bbox 924 1447 1025 1486; x_wconf 89' lang='lat' dir='ltr'>unde</span> <span class='ocrx_word' id='word_1_168' title='bbox 1058 1448 1174 1485; x_wconf 88' lang='lat' dir='ltr'>etiam</span> <span class='ocrx_word' id='word_1_169' title='bbox 1206 1458 1310 1485; x_wconf 88' lang='lat' dir='ltr'>nunc</span> <span class='ocrx_word' id='word_1_170' title='bbox 1343 1451 1423 1484; x_wconf 91' lang='lat' dir='ltr'>tur-</span> 
     </span>
     <span class='ocr_line' id='line_1_23' title="bbox 96 1501 1424 1557; baseline -0.002 -14"><span class='ocrx_word' id='word_1_171' title='bbox 96 1506 157 1555; x_wconf 89' lang='lat' dir='ltr'>pia</span> <span class='ocrx_word' id='word_1_172' title='bbox 188 1505 270 1543; x_wconf 87' lang='lat' dir='ltr'>loca</span> <span class='ocrx_word' id='word_1_173' title='bbox 303 1517 435 1543; x_wconf 87' lang='lat' dir='ltr'>earum</span> <span class='ocrx_word' id='word_1_174' title='bbox 468 1505 666 1556; x_wconf 85' lang='lat' dir='ltr'>lupanaria</span> <span class='ocrx_word' id='word_1_175' title='bbox 698 1501 1012 1557; x_wconf 85' lang='lat' dir='ltr'>nuncupantur),</span> <span class='ocrx_word' id='word_1_176' title='bbox 1044 1510 1083 1543; x_wconf 88' lang='lat' dir='ltr'>et</span> <span class='ocrx_word' id='word_1_177' title='bbox 1114 1516 1181 1543; x_wconf 90' lang='lat' dir='ltr'>eos</span> <span class='ocrx_word' id='word_1_178' title='bbox 1212 1509 1346 1554; x_wconf 89' lang='lat' dir='ltr'>postea</span> <span class='ocrx_word' id='word_1_179' title='bbox 1377 1503 1424 1541; x_wconf 87' lang='lat' dir='ltr'>ad</span> 
     </span>
     <span class='ocr_line' id='line_1_24' title="bbox 96 1562 1424 1613; baseline -0.002 -13"><span class='ocrx_word' id='word_1_180' title='bbox 96 1562 322 1602; x_wconf 87' lang='lat' dir='ltr'>Faustulum</span> <span class='ocrx_word' id='word_1_181' title='bbox 353 1564 576 1613; x_wconf 88' lang='lat' dir='ltr'>pervenisse</span> <span class='ocrx_word' id='word_1_182' title='bbox 609 1569 803 1613; x_wconf 87' lang='lat' dir='ltr'>pastorem</span> <span class='ocrx_word' id='word_1_183' title='bbox 835 1569 950 1613; x_wconf 86' lang='lat' dir='ltr'>atque</span> <span class='ocrx_word' id='word_1_184' title='bbox 982 1562 1028 1601; x_wconf 82' lang='lat' dir='ltr'>ab</span> <span class='ocrx_word' id='word_1_185' title='bbox 1061 1564 1144 1600; x_wconf 88' lang='lat' dir='ltr'>eius</span> <span class='ocrx_word' id='word_1_186' title='bbox 1171 1562 1269 1600; x_wconf 87' lang='lat' dir='ltr'>Acca</span> <span class='ocrx_word' id='word_1_187' title='bbox 1302 1572 1424 1599; x_wconf 88' lang='lat' dir='ltr'>uxore</span> 
     </span>
     <span class='ocr_line' id='line_1_25' title="bbox 97 1619 1424 1670; baseline -0.002 -11"><span class='ocrx_word' id='word_1_188' title='bbox 97 1622 276 1659; x_wconf 88' lang='lat' dir='ltr'>nutritos.</span> <span class='ocrx_word' id='word_1_189' title='bbox 339 1620 578 1670; x_wconf 85' lang='lat' dir='ltr'>Quamquam</span> <span class='ocrx_word' id='word_1_190' title='bbox 617 1622 650 1659; x_wconf 91' lang='lat' dir='ltr'>si</span> <span class='ocrx_word' id='word_1_191' title='bbox 687 1621 732 1659; x_wconf 92' lang='lat' dir='ltr'>ad</span> <span class='ocrx_word' id='word_1_192' title='bbox 770 1620 1010 1670; x_wconf 86' lang='lat' dir='ltr'>arguendum</span> <span class='ocrx_word' id='word_1_193' title='bbox 1052 1619 1248 1657; x_wconf 88' lang='lat' dir='ltr'>hominem</span> <span class='ocrx_word' id='word_1_194' title='bbox 1280 1630 1424 1670; x_wconf 80' lang='lat' dir='ltr'>regem,</span> 
     </span>
     <span class='ocr_line' id='line_1_26' title="bbox 96 1676 1425 1728; baseline -0.002 -12"><span class='ocrx_word' id='word_1_195' title='bbox 96 1679 163 1728; x_wconf 89' lang='lat' dir='ltr'>qui</span> <span class='ocrx_word' id='word_1_196' title='bbox 189 1690 256 1716; x_wconf 88' lang='lat' dir='ltr'>eos</span> <span class='ocrx_word' id='word_1_197' title='bbox 281 1679 320 1715; x_wconf 92' lang='lat' dir='ltr'>in</span> <span class='ocrx_word' id='word_1_198' title='bbox 347 1690 485 1727; x_wconf 88' lang='lat' dir='ltr'>aquam</span> <span class='ocrx_word' id='word_1_199' title='bbox 510 1679 633 1728; x_wconf 83' lang='lat' dir='ltr'>proici</span> <span class='ocrx_word' id='word_1_200' title='bbox 660 1678 870 1717; x_wconf 87' lang='lat' dir='ltr'>crudeliter</span> <span class='ocrx_word' id='word_1_201' title='bbox 901 1679 1080 1725; x_wconf 89' lang='lat' dir='ltr'>iusserat,</span> <span class='ocrx_word' id='word_1_202' title='bbox 1113 1678 1168 1715; x_wconf 84' lang='lat' dir='ltr'>eis</span> <span class='ocrx_word' id='word_1_203' title='bbox 1200 1676 1425 1728; x_wconf 80' lang='lat' dir='ltr'>infantibus,</span> 
     </span>
     <span class='ocr_line' id='line_1_27' title="bbox 96 1734 1425 1786; baseline -0.002 -12"><span class='ocrx_word' id='word_1_204' title='bbox 96 1748 166 1786; x_wconf 84' lang='lat' dir='ltr'>per</span> <span class='ocrx_word' id='word_1_205' title='bbox 200 1747 296 1785; x_wconf 89' lang='lat' dir='ltr'>quos</span> <span class='ocrx_word' id='word_1_206' title='bbox 328 1741 433 1773; x_wconf 88' lang='lat' dir='ltr'>tanta</span> <span class='ocrx_word' id='word_1_207' title='bbox 465 1737 598 1774; x_wconf 88' lang='lat' dir='ltr'>civitas</span> <span class='ocrx_word' id='word_1_208' title='bbox 631 1735 830 1774; x_wconf 87' lang='lat' dir='ltr'>condenda</span> <span class='ocrx_word' id='word_1_209' title='bbox 862 1736 999 1786; x_wconf 85' lang='lat' dir='ltr'>suerat,</span> <span class='ocrx_word' id='word_1_210' title='bbox 1031 1735 1077 1773; x_wconf 94' lang='lat' dir='ltr'>de</span> <span class='ocrx_word' id='word_1_211' title='bbox 1110 1746 1208 1784; x_wconf 86' lang='lat' dir='ltr'>aqua</span> <span class='ocrx_word' id='word_1_212' title='bbox 1241 1734 1425 1772; x_wconf 89' lang='lat' dir='ltr'>divinitus</span> 
     </span>
     <span class='ocr_line' id='line_1_28' title="bbox 97 1791 1424 1844; baseline -0.001 -14"><span class='ocrx_word' id='word_1_213' title='bbox 97 1792 269 1832; x_wconf 87' lang='lat' dir='ltr'>liberatis</span> <span class='ocrx_word' id='word_1_214' title='bbox 302 1805 371 1844; x_wconf 88' lang='lat' dir='ltr'>per</span> <span class='ocrx_word' id='word_1_215' title='bbox 403 1792 607 1831; x_wconf 87' lang='lat' dir='ltr'>lactantem</span> <span class='ocrx_word' id='word_1_216' title='bbox 640 1793 760 1831; x_wconf 85' lang='lat' dir='ltr'>seram</span> <span class='ocrx_word' id='word_1_217' title='bbox 793 1792 897 1832; x_wconf 90' lang='lat' dir='ltr'>Deus</span> <span class='ocrx_word' id='word_1_218' title='bbox 928 1792 1049 1831; x_wconf 91' lang='lat' dir='ltr'>voluit</span> <span class='ocrx_word' id='word_1_219' title='bbox 1080 1791 1300 1842; x_wconf 88' lang='lat' dir='ltr'>subvenire,</span> <span class='ocrx_word' id='word_1_220' title='bbox 1333 1791 1424 1841; x_wconf 89' lang='lat' dir='ltr'>quid</span> 
     </span>
     <span class='ocr_line' id='line_1_29' title="bbox 97 1848 1425 1900; baseline -0.002 -12"><span class='ocrx_word' id='word_1_221' title='bbox 97 1852 237 1890; x_wconf 86' lang='lat' dir='ltr'>mirum</span> <span class='ocrx_word' id='word_1_222' title='bbox 281 1848 369 1889; x_wconf 76' lang='lat' dir='ltr'>est?</span> <span class='ocrx_word' id='word_1_223' title='bbox 429 1850 580 1889; x_wconf 85' lang='lat' dir='ltr'>Amulio</span> <span class='ocrx_word' id='word_1_224' title='bbox 618 1852 807 1889; x_wconf 84' lang='lat' dir='ltr'>successit</span> <span class='ocrx_word' id='word_1_225' title='bbox 844 1852 883 1889; x_wconf 92' lang='lat' dir='ltr'>in</span> <span class='ocrx_word' id='word_1_226' title='bbox 925 1862 1088 1900; x_wconf 85' lang='lat' dir='ltr'>regnum</span> <span class='ocrx_word' id='word_1_227' title='bbox 1121 1849 1272 1888; x_wconf 84' lang='lat' dir='ltr'>Latiare</span> <span class='ocrx_word' id='word_1_228' title='bbox 1305 1850 1425 1887; x_wconf 83' lang='lat' dir='ltr'>frater</span> 
     </span>
     <span class='ocr_line' id='line_1_30' title="bbox 97 1907 1424 1960; baseline -0.002 -14"><span class='ocrx_word' id='word_1_229' title='bbox 97 1910 182 1946; x_wconf 88' lang='lat' dir='ltr'>eius</span> <span class='ocrx_word' id='word_1_230' title='bbox 213 1908 409 1959; x_wconf 87' lang='lat' dir='ltr'>Numitor,</span> <span class='ocrx_word' id='word_1_231' title='bbox 441 1920 533 1948; x_wconf 91' lang='lat' dir='ltr'>avus</span> <span class='ocrx_word' id='word_1_232' title='bbox 564 1907 738 1960; x_wconf 89' lang='lat' dir='ltr'>Romuli,</span> <span class='ocrx_word' id='word_1_233' title='bbox 777 1910 888 1947; x_wconf 88' lang='lat' dir='ltr'>cuius</span> <span class='ocrx_word' id='word_1_234' title='bbox 920 1907 1134 1946; x_wconf 88' lang='lat' dir='ltr'>Numitoris</span> <span class='ocrx_word' id='word_1_235' title='bbox 1167 1909 1291 1957; x_wconf 89' lang='lat' dir='ltr'>primo</span> <span class='ocrx_word' id='word_1_236' title='bbox 1324 1919 1424 1945; x_wconf 88' lang='lat' dir='ltr'>anno</span> 
     </span>
     <span class='ocr_line' id='line_1_31' title="bbox 96 1964 1425 2017; baseline -0.001 -13"><span class='ocrx_word' id='word_1_237' title='bbox 96 1966 249 2005; x_wconf 87' lang='lat' dir='ltr'>condita</span> <span class='ocrx_word' id='word_1_238' title='bbox 281 1972 340 2005; x_wconf 86' lang='lat' dir='ltr'>est</span> <span class='ocrx_word' id='word_1_239' title='bbox 372 1966 508 2017; x_wconf 80' lang='lat' dir='ltr'>Roma3</span> <span class='ocrx_word' id='word_1_240' title='bbox 546 1978 589 2004; x_wconf 86' lang='lat' dir='ltr'>ac</span> <span class='ocrx_word' id='word_1_241' title='bbox 626 1978 696 2017; x_wconf 88' lang='lat' dir='ltr'>per</span> <span class='ocrx_word' id='word_1_242' title='bbox 728 1966 800 2005; x_wconf 90' lang='lat' dir='ltr'>hoc</span> <span class='ocrx_word' id='word_1_243' title='bbox 833 1978 922 2006; x_wconf 86' lang='lat' dir='ltr'>cum</span> <span class='ocrx_word' id='word_1_244' title='bbox 953 1978 1023 2005; x_wconf 91' lang='lat' dir='ltr'>suo</span> <span class='ocrx_word' id='word_1_245' title='bbox 1056 1965 1258 2016; x_wconf 84' lang='lat' dir='ltr'>deinceps,</span> <span class='ocrx_word' id='word_1_246' title='bbox 1295 1964 1333 2003; x_wconf 91' lang='lat' dir='ltr'>id</span> <span class='ocrx_word' id='word_1_247' title='bbox 1366 1969 1425 2003; x_wconf 88' lang='lat' dir='ltr'>est</span> 
     </span>
     <span class='ocr_line' id='line_1_32' title="bbox 97 2023 664 2075; baseline 0.002 -14"><span class='ocrx_word' id='word_1_248' title='bbox 97 2023 273 2075; x_wconf 80' lang='lat' dir='ltr'>Romulo,</span> <span class='ocrx_word' id='word_1_249' title='bbox 305 2029 446 2074; x_wconf 89' lang='lat' dir='ltr'>nepote</span> <span class='ocrx_word' id='word_1_250' title='bbox 479 2025 664 2074; x_wconf 84' lang='lat' dir='ltr'>regnavit.</span> 
     </span>
    </p>
   </div>
   <div class='ocr_carea' id='block_1_5' title="bbox 191 2123 502 2166">
    <p class='ocr_par' dir='ltr' id='par_1_5' title="bbox 191 2123 502 2166">
     <span class='ocr_line' id='line_1_33' title="bbox 191 2123 502 2166; baseline 0 -9"><span class='ocrx_word' id='word_1_251' title='bbox 191 2124 225 2166; x_wconf 85' lang='lat'>3)</span> <span class='ocrx_word' id='word_1_252' title='bbox 251 2123 340 2157; x_wconf 89' lang='lat' dir='ltr'>Aen.</span> <span class='ocrx_word' id='word_1_253' title='bbox 368 2127 399 2166; x_wconf 83' lang='lat'>6,</span> <span class='ocrx_word' id='word_1_254' title='bbox 426 2127 502 2158; x_wconf 85' lang='grc'><strong>767.</strong></span> 
     </span>
    </p>
   </div>
   <div class='ocr_carea' id='block_1_6' title="bbox 97 2206 330 2210">
    <p class='ocr_par' dir='ltr' id='par_1_6' title="bbox 97 2206 330 2210">
     <span class='ocr_line' id='line_1_34' title="bbox 97 2206 330 2210; baseline 0 0"><span class='ocrx_word' id='word_1_255' title='bbox 97 2206 330 2210; x_wconf 95' lang='lat' dir='ltr'> </span> 
     </span>
    </p>
   </div>
   <div class='ocr_carea' id='block_1_7' title="bbox 96 2249 1425 2339">
    <p class='ocr_par' dir='ltr' id='par_1_7' title="bbox 96 2249 1425 2339">
     <span class='ocr_line' id='line_1_35' title="bbox 190 2249 1425 2295; baseline 0 -11"><span class='ocrx_word' id='word_1_256' title='bbox 190 2254 210 2284; x_wconf 88' lang='grc'>5</span> <span class='ocrx_word' id='word_1_257' title='bbox 237 2250 417 2294; x_wconf 82' lang='lat' dir='ltr'>assyrium</span> <span class='ocrx_word' id='word_1_258' title='bbox 441 2250 477 2284; x_wconf 82' lang='lat' dir='ltr'><strong><em>R</em></strong></span> <span class='ocrx_word' id='word_1_259' title='bbox 500 2252 603 2292; x_wconf 82' lang='lat'>(275,</span> <span class='ocrx_word' id='word_1_260' title='bbox 629 2253 687 2293; x_wconf 88' lang='lat'>6),·</span> <span class='ocrx_word' id='word_1_261' title='bbox 711 2250 944 2295; x_wconf 81' lang='lat' dir='ltr'>Assyriorum</span> <span class='ocrx_word' id='word_1_262' title='bbox 969 2261 988 2286; x_wconf 83' lang='grc' dir='ltr'>υ</span> <span class='ocrx_word' id='word_1_263' title='bbox 1021 2253 1033 2295; x_wconf 83' lang='grc' dir='ltr'>ΙΙ</span> <span class='ocrx_word' id='word_1_264' title='bbox 1062 2254 1080 2286; x_wconf 85' lang='grc'><strong>7</strong></span> <span class='ocrx_word' id='word_1_265' title='bbox 1108 2251 1163 2286; x_wconf 77' lang='lat' dir='ltr'>esi:</span> <span class='ocrx_word' id='word_1_266' title='bbox 1187 2260 1251 2285; x_wconf 89' lang='lat' dir='ltr'>om.</span> <span class='ocrx_word' id='word_1_267' title='bbox 1279 2249 1314 2284; x_wconf 87' lang='lat' dir='ltr'><em>R</em></span> <span class='ocrx_word' id='word_1_268' title='bbox 1341 2252 1353 2294; x_wconf 79' lang='grc' dir='ltr'><strong>Η</strong></span> <span class='ocrx_word' id='word_1_269' title='bbox 1382 2253 1425 2285; x_wconf 80' lang='lat'>28</span> 
     </span>
     <span class='ocr_line' id='line_1_36' title="bbox 96 2296 767 2339; baseline 0.001 -9"><span class='ocrx_word' id='word_1_270' title='bbox 96 2296 224 2330; x_wconf 74' lang='lat' dir='ltr'>latiare</span> <span class='ocrx_word' id='word_1_271' title='bbox 251 2296 339 2339; x_wconf 69' lang='lat' dir='ltr'>RF3</span> <span class='ocrx_word' id='word_1_272' title='bbox 366 2296 476 2331; x_wconf 75' lang='lat' dir='ltr'>latiar</span> <span class='ocrx_word' id='word_1_273' title='bbox 500 2297 555 2338; x_wconf 86' lang='lat' dir='ltr'>A‚·</span> <span class='ocrx_word' id='word_1_274' title='bbox 580 2296 721 2331; x_wconf 81' lang='lat' dir='ltr'>Latiale</span> <span class='ocrx_word' id='word_1_275' title='bbox 747 2307 767 2331; x_wconf 83' lang='lat' dir='ltr'><em>v</em></span> 
     </span>
    </p>
   </div>
   <div class='ocr_carea' id='block_1_8' title="bbox 1450 821 1493 851">
    <p class='ocr_par' dir='ltr' id='par_1_8' title="bbox 1450 821 1493 851">
     <span class='ocr_line' id='line_1_37' title="bbox 1450 821 1493 851; baseline 0.023 -1"><span class='ocrx_word' id='word_1_276' title='bbox 1450 821 1493 851; x_wconf 92' lang='lat'>10</span> 
     </span>
    </p>
   </div>
   <div class='ocr_carea' id='block_1_9' title="bbox 1451 1109 1492 1139">
    <p class='ocr_par' dir='ltr' id='par_1_9' title="bbox 1451 1109 1492 1139">
     <span class='ocr_line' id='line_1_38' title="bbox 1451 1109 1492 1139; baseline 0.024 -1"><span class='ocrx_word' id='word_1_277' title='bbox 1451 1109 1492 1139; x_wconf 86' lang='lat'>15</span> 
     </span>
    </p>
   </div>
   <div class='ocr_carea' id='block_1_10' title="bbox 1451 1397 1494 1428">
    <p class='ocr_par' dir='ltr' id='par_1_10' title="bbox 1451 1397 1494 1428">
     <span class='ocr_line' id='line_1_39' title="bbox 1451 1397 1494 1428; baseline 0.023 -1"><span class='ocrx_word' id='word_1_278' title='bbox 1451 1397 1494 1428; x_wconf 80' lang='lat'>20</span> 
     </span>
    </p>
   </div>
   <div class='ocr_carea' id='block_1_11' title="bbox 1451 1974 1496 2004">
    <p class='ocr_par' dir='ltr' id='par_1_11' title="bbox 1451 1974 1496 2004">
     <span class='ocr_line' id='line_1_40' title="bbox 1451 1974 1496 2004; baseline 0 0"><span class='ocrx_word' id='word_1_279' title='bbox 1451 1974 1496 2004; x_wconf 89' lang='lat'>30</span> 
     </span>
    </p>
   </div>
  </div>
 </body>
</html>
