1548 2562
432 169 484 194 DE
505 170 692 195 CivrrATE
712 170 781 195 DEI
800 170 832 195 L.
852 170 934 195 XXI.
954 169 984 196 c.
1004 171 1045 196 13.
1312 161 1398 201 515

579 289 735 331 CAPUT
766 289 882 331 XIIL

70 374 218 412 Contra
244 375 466 422 opinionem
492 384 639 420 eorum,
672 375 742 421 qui
765 378 914 422 putant
944 376 1168 413 criminosis
1199 377 1398 424 supplicia

253 435 343 479 post
373 436 536 470 mortem
569 443 695 470 causa
723 433 979 480 purqociom‘s
1011 434 1206 472 adhiberi.

181 512 369 550 Platonici
402 511 577 564 quidem,
609 513 783 562 quamvis
815 514 991 563 inpunita
1024 513 1127 552 nulla
1159 514 1278 553 velint
1310 527 1396 554 esse

63 575 232 622 peccata,
264 576 393 608 tamen
419 581 554 607 omnes
579 581 724 620 poenas
751 571 1011 609 emendationi
1042 571 1217 610 adhiberi
1247 578 1396 623 putant,
1423 578 1443 610 5

65 628 125 666 vel
158 628 337 666 humanis
368 628 534 666 inflictas
571 627 722 678 legibus
754 628 813 666 vel
845 628 1003 681 divinis,
1035 631 1115 669 sive
1147 632 1187 669 in
1219 630 1290 669 hac
1322 633 1397 670 vita

65 688 142 724 sive
169 692 258 737 post
284 691 462 737 mortem,
495 687 526 724 si
559 691 625 724 aut
655 691 837 736 parcatur
864 687 925 725 hic
961 689 1101 738 cuique
1135 694 1201 727 aut
1235 691 1287 727 ita
1318 688 1397 740 ple-

65 749 192 782 ctatur
225 749 268 782 ut
298 743 361 782 hic
395 755 472 782 non
505 746 734 795 corrigatur.
796 744 894 783 Hinc
927 751 986 784 est
1012 746 1182 784 Maronis
1216 747 1279 784 illa
1311 759 1396 785 sen-

65 804 195 854 tentia,
227 801 305 853 ubi,
338 813 427 840 cum
460 802 620 840 dixisset
653 802 698 840 de
731 804 899 841 terrenis
932 803 1164 854 corporibus
1197 804 1395 843 moribun-

64 861 200 910 disque
234 859 437 907 membris,
470 859 572 910 quod
606 862 753 898 animae
1428 870 1468 900 10

180 942 282 980 Hinc
312 944 496 980 metuunt
527 942 778 991 cupiuntque,
811 943 944 980 dolent
974 945 1238 993 gaudentque,

945 1013 1015 1039 nec
1047 1014 1163 1040 auras

182 1057 418 1107 Suspiciunt,
451 1059 607 1096 clausae
638 1059 813 1097 tenebris
846 1061 886 1096 et
917 1072 1071 1097 carcere
1103 1072 1227 1108 ouem,

65 1144 223 1177 secutus
255 1139 430 1177 adiunxit
461 1144 576 1188 atque
609 1140 677 1177 ait:

182 1221 284 1266 Quin
315 1223 354 1258 et
385 1233 566 1269 supremo
599 1233 683 1258 cum
718 1221 864 1258 lumine
896 1222 978 1259 vita
1008 1223 1170 1271 reliquit
1428 1229 1469 1259 15

66 1298 122 1354 (id
155 1307 214 1340 est
246 1313 334 1340 cum
367 1301 428 1339 die
460 1302 669 1339 novissimo
702 1301 861 1351 reliquit
893 1313 957 1339 eas
989 1303 1063 1340 ista
1094 1299 1208 1356 vita),

181 1383 270 1421 Non
301 1385 434 1420 tamen
467 1377 632 1434 (inquit)
665 1396 778 1421 omne
808 1384 959 1420 malum
989 1384 1160 1431 miseris,
1192 1397 1263 1422 nee

905 1442 1084 1479 funditus
1116 1455 1250 1480 omnes

182 1498 402 1548 Corporeae
433 1499 619 1536 excedent
649 1501 797 1548 pestes,
828 1500 1065 1548 penitusque
1094 1512 1252 1538 necesse
1285 1503 1345 1538 est

181 1558 310 1594 Multa
340 1557 407 1594 diu
439 1558 620 1594 concreta
650 1557 775 1594 modis
806 1558 1021 1595 inolescere
1051 1558 1174 1595 miris.
1425 1565 1468 1595 20

181 1616 287 1664 Ergo
319 1618 544 1652 exercentm
579 1615 714 1663 poenis
746 1617 1002 1663 veterumque
1032 1616 1227 1653 malorum

182 1673 383 1721 Supplicia
414 1673 654 1722 expendunt3
686 1673 786 1710 aliae
816 1674 1045 1722 panduntur
1074 1674 1209 1711 inanes

182 1731 402 1779 Suspensae
435 1731 484 1768 ad
516 1734 671 1777 ventos,
704 1731 791 1769 aliis
825 1732 896 1769 sub
928 1732 1089 1780 gurgite
1119 1734 1232 1770 vasto

181 1789 376 1827 Infectum
408 1789 554 1826 eluitur
586 1789 712 1827 scelus
745 1791 814 1826 aut
846 1789 1024 1827 exuritur
1054 1790 1148 1838 igni.

66 1870 140 1916 Qui
170 1869 244 1908 hoc
276 1870 503 1921 opinantur,
545 1869 669 1908 nullas
705 1881 850 1920 poenas
882 1871 957 1908 nisi
988 1871 1233 1921 purgatorias
1264 1870 1398 1909 volunt
1424 1876 1466 1908 25

66 1940 150 1967 esse
183 1932 272 1978 post
302 1933 480 1979 mortem,
513 1932 567 1978 ut,
601 1929 782 1978 quoniam
814 1929 930 1966 terris
963 1929 1166 1978 superiora
1199 1933 1290 1966 sunt
1321 1928 1396 1966 ele-

65 1991 194 2024 menta
231 1998 346 2037 aqua,
379 1997 460 2033 aer,
494 1987 612 2038 ignis,
649 1998 696 2024 ex
728 1985 855 2036 aliquo
887 1987 1052 2024 istorum
1084 1985 1296 2024 mundetur
1326 1998 1398 2037 per

66 2045 297 2095 expiatorias
337 2055 499 2095 poenaS,
544 2043 646 2094 quod
687 2049 842 2082 terrena
884 2045 1113 2094 contagione
1153 2048 1397 2082 contractum

65 2108 135 2140 est.
197 2102 273 2140 Aer
299 2103 441 2152 quippe
468 2103 657 2152 accipitur
688 2103 728 2140 in
760 2114 804 2139 eo
838 2102 940 2152 quod
973 2103 1042 2140 ait:
1072 2101 1317 2153 „Suspensae
1350 2102 1396 2140 ad

65 2156 243 2211 vent0s“;
275 2171 372 2209 aqua
404 2161 444 2197 in
477 2171 522 2197 eo
555 2160 658 2209 quod
690 2161 760 2198 ait:
792 2159 899 2211 „Sub
932 2161 1084 2210 gurgite
1117 2156 1264 2211 vasto“;
1296 2161 1396 2210 ignis
1422 2167 1466 2198 30

65 2223 195 2256 autem
227 2229 298 2256 suo
330 2218 485 2255 nomine
518 2229 727 2268 expressus
760 2223 836 2269 est,
868 2229 956 2256 cum
988 2217 1100 2256 dixit:
1130 2217 1236 2270 „Aut
1268 2219 1395 2256 exuri-

161 2320 218 2361 24)
244 2317 331 2353 Aen.
359 2322 390 2360 6,
419 2321 484 2352 733
510 2329 587 2362 sqq.

1041 2375 1114 2409 33*
