1611 2465
93 734 130 764 to

91 1026 130 1056 15

157 101 242 142 478
690 108 717 134 s.
737 108 955 135 Acensnm

157 201 411 238 novissimum
431 199 709 250 praenuntiare
729 197 928 250 iudicium,
954 197 1021 236 ubi
1040 199 1129 238 mali
1149 212 1220 238 nec
1242 200 1378 239 saltem
1398 201 1493 240 falso

159 259 236 296 sint
279 258 400 309 beati,
441 257 509 295 sed
551 257 795 307 apertissime
827 257 1037 295 miserrimi
1069 266 1296 309 appareant,
1330 266 1368 298 et
1400 259 1493 299 boni

158 316 261 355 nulla
287 315 491 366 temporali
518 314 655 353 saltem
680 315 836 352 miseria
862 314 1050 368 laborent,
1083 315 1151 355 sed
1183 317 1284 356 clara
1317 329 1360 356 ac
1393 330 1493 357 sem-

157 376 310 426 piterna
348 372 588 412 beatitudine
627 373 891 423 perfruantur.
954 372 1110 413 Dixerat
1152 377 1295 427 quippe
1328 378 1493 415 istorum

158 434 246 471 talia
286 432 473 483 quaedam
514 431 632 469 verba
676 432 792 470 etiam
838 433 1019 482 superius
1068 433 1298 473 dicentium:
1349 436 1493 483 Omnis,

157 494 228 540 qai
252 490 359 539 sac-it
382 493 541 538 malum,
574 491 698 528 bonas
724 494 783 529 est
812 492 853 528 in
884 496 1098 539 conspectu
1125 493 1294 540 Domini,
1327 499 1365 532 et
1396 496 1494 532 tales

158 552 196 589 ei
232 552 406 599 placent.
468 549 524 587 Ad
568 548 684 600 haec,
728 549 906 599 inquam,
950 555 1085 588 contra
1126 550 1249 589 Deum
1293 563 1494 591 murmura

157 614 423 659 pervenerunt
455 607 580 657 legem
612 606 734 657 Moysi
775 607 999 657 accipiendo
1033 608 1250 647 carnaliter.
1314 609 1422 648 Unde
1455 616 1494 648 et

158 666 220 705 ille
261 668 300 704 in
342 666 491 716 psalmo
536 666 850 716 septuagensimo
896 665 1067 704 secundo
1110 679 1234 718 paene
1279 674 1494 707 commotos

159 725 253 763 dicit
284 725 404 762 fuisse
437 724 557 775 pedes
590 736 682 762 suos
714 729 753 761 et
785 724 928 761 effusos
959 736 1118 774 gressus
1151 738 1254 777 suos,
1288 728 1422 777 utique
1453 728 1493 764 in

158 783 329 835 lapsum,
374 784 464 833 quia
502 781 637 821 zelavit
674 783 714 820 in
745 781 1038 834 peccatoribus,
1076 795 1213 834 pacem
1243 790 1495 835 peccatorum

157 843 331 893 intuens3
376 842 429 880 ita
474 847 516 879 ut
563 842 666 879 inter
710 845 839 879 cetera
880 840 1046 879 diceret:
1097 843 1180 888 Quo
1223 844 1336 882 modo
1379 846 1496 882 scivit

157 901 276 948 Deus,
309 905 348 939 et
371 902 408 938 εἰ
432 904 490 938 est
514 901 684 938 scientia
710 901 750 937 z'n
777 900 1002 938 Altissimo?
1034 899 1183 939 diceret
1209 903 1342 940 etiam:
1375 902 1493 940 Nam-

157 960 256 1006 que'd
285 970 387 996 vano
426 959 644 1005 iustificam
679 968 751 996 cor
788 968 916 995 meam
948 962 987 996 et
1017 960 1099 996 lavi
1130 961 1233 998 2'nler
1266 962 1494 999 innocentes

157 1028 298 1055 manus
329 1014 466 1055 meas?
515 1015 565 1054 Ut
591 1021 720 1053 autem
752 1014 920 1054 solveret
951 1015 1050 1054 hanc
1083 1016 1346 1056 difficillimam
1380 1030 1493 1069 quae-

158 1077 343 1126 stionem,
377 1086 473 1124 quae
507 1075 565 1126 fit,
598 1085 687 1112 cum
718 1073 899 1111 videntur
931 1073 1024 1112 boni
1056 1086 1142 1113 esse
1175 1077 1308 1114 miseri
1341 1083 1379 1115 et
1411 1077 1492 1115 feli-

158 1146 223 1172 ces
250 1132 355 1171 mali:
388 1133 485 1184 Hoc,
517 1133 655 1183 inquit,
687 1133 801 1170 labor
827 1137 884 1170 est
913 1138 1006 1172 ante
1036 1145 1107 1182 me,
1141 1135 1267 1173 donec
1299 1137 1494 1174 introeam

158 1194 199 1230 in
230 1193 510 1230 sanctuarium
544 1192 619 1230 ‚Dei
657 1195 695 1229 et
734 1192 959 1238 intelleqam
991 1193 1031 1229 in
1063 1194 1284 1231 novissima.
1347 1192 1494 1231 Iudicio

159 1251 303 1300 quippe
345 1250 554 1287 novissimo
594 1260 672 1287 non
712 1249 767 1286 sic
806 1249 896 1299 erit3
936 1248 1003 1286 sed
1034 1250 1074 1287 in
1107 1256 1239 1300 aperta
1269 1252 1495 1301 iniquorum

160 1309 315 1346 miseria
361 1312 400 1345 et
443 1313 576 1358 aperta
620 1306 803 1344 felicitate
848 1307 1041 1345 iustorum
1082 1307 1196 1358 longe
1234 1320 1349 1359 quam
1390 1322 1494 1349 nunc

159 1372 218 1404 est
250 1365 352 1404 aliud
385 1365 597 1416 apparebit.

656 1490 812 1533 CAPUT
838 1491 992 1532 XXIX.

189 1576 247 1615 De
279 1577 452 1614 adventa
484 1576 625 1614 Heliae
657 1580 750 1614 ante
781 1578 986 1627 iudicium,
1018 1578 1132 1614 cuius
1159 1578 1466 1625 praedicatione

275 1636 575 1683 scripturaram
606 1638 765 1673 secreta
795 1640 1004 1673 reserante
1036 1635 1183 1673 Iudaei
1212 1647 1373 1675 conver-

597 1697 731 1731 tentur
762 1694 818 1731 ad
853 1693 1060 1731 Christum.

276 1772 373 1811 Cum
405 1779 535 1811 autem
562 1773 838 1825 admonuisset,
871 1779 914 1812 ut
945 1775 1215 1812 meminissent
1245 1774 1340 1825 legis
1372 1774 1494 1826 Moys1

159 1828 361 1884 (quoniam
393 1830 643 1882 praevidebat
681 1844 748 1869 eos
782 1831 901 1870 multo
935 1831 1059 1870 adhuc
1092 1838 1266 1883 tempore
1300 1845 1377 1871 non
1409 1846 1494 1872 eam

160 1890 407 1942 spiritaliter,
449 1890 551 1927 sicut
590 1895 833 1942 oportuerat,
873 1885 1141 1942 accepturos),
1180 1892 1364 1929 continuo
1404 1891 1493 1930 sub-

159 1950 266 1986 iecit:
310 1949 362 1986 Et
392 1959 487 1986 eece
518 1959 589 1995 eqo
621 1949 772 1985 mittam
804 1949 911 1986 vobis
943 1949 1088 1986 Helian
1123 1948 1352 1995 Thesbiten,
1384 1955 1493 1989 ante-

255 2051 287 2091 7>
314 2048 400 2082 Mal.
428 2052 460 2091 2,
490 2052 541 2082 17.
596 2049 650 2091 18)
676 2047 733 2081 Ps.
762 2051 816 2090 72,
845 2052 885 2081 11
914 2059 990 2091 sqq.

256 2180 298 2209 14
323 2186 418 2210 uano
443 2175 575 2220 RAefy
599 2175 778 2216 (Roensch
804 2176 912 2210 Ιίαῑ.2
931 2187 970 2220 p.
998 2179 1102 2220 5144),-
1127 2177 1165 2211 in
1190 2189 1285 2212 uano
1312 2179 1377 2220 ab;
1402 2190 1494 2213 vane

161 2234 178 2256 υ
203 2225 304 2264 (230,
331 2226 376 2257 19
402 2226 491 2266 sqq.)
509 2223 521 2265 ΙΙ
539 2222 635 2256 inter
659 2221 870 2257 innocentes
896 2222 932 2256 R
938 2236 951 2265 ;
976 2223 1072 2258 inter
1096 2223 1350 2259 innocentibus
1376 2226 1432 2267 A;
1457 2225 1495 2259 in

158 2269 416 2304 innocentibus
442 2280 461 2303 v
481 2270 492 2312 ΙΙ
512 2272 555 2303 29
582 2268 706 2303 helian
731 2268 786 2310 Β,-
811 2269 948 2304 heliam
973 2270 1028 2312 A;
1059 2269 1180 2304 Eliam
1207 2282 1224 2305 v
