1495 2489
45 729 87 760 10

45 1022 86 1054 15

43 1433 87 1464 20

43 1748 86 1779 25

44 2041 87 2071 30

116 99 135 137 1
146 97 196 137 16
658 106 685 131 S.
707 105 924 131 Auovs'nm

113 208 197 246 cos3
230 197 516 234 tricameratam
550 206 639 232 vero
672 206 738 245 eo,
771 194 875 244 quod
907 206 1042 232 omnes
1073 200 1208 245 gentes
1241 194 1287 233 de
1321 193 1446 233 tribus

113 254 200 292 filiis
239 254 319 291 Noe
359 259 448 304 post
488 252 674 291 diluvium
712 257 912 303 reparatae
952 258 1062 303 sunt3
1101 253 1168 291 sed
1210 253 1312 291 aliud
1345 253 1448 292 dicat

113 312 275 364 aliquid,
317 312 420 363 quod
453 324 472 349 a
506 311 595 349 fidei
627 310 759 361 regula
791 322 869 348 non
902 312 952 349 sit
983 310 1161 349 alienum.
1224 311 1319 350 Nam
1352 323 1446 362 quo-

114 373 215 409 niam
255 382 331 409 non
370 369 470 408 solas
510 371 549 407 in
587 368 838 407 inferioribus
878 370 1097 407 mansiones
1137 369 1279 408 habere
1319 382 1447 408 arcam

115 429 250 480 voluit,
292 441 427 467 verum
466 429 582 466 etiam
621 429 660 465 in
698 427 967 477 superioribus
1000 423 1059 480 (et
1091 428 1184 466 haec
1218 428 1314 467 dixit
1345 427 1447 467 bica-

115 483 279 540 merata)
309 493 347 525 et
378 489 417 524 in
444 485 714 537 superioribus
747 488 994 536 superiorum
1028 482 1086 538 (et
1117 486 1212 524 haec
1245 486 1448 537 appellavit

114 541 394 597 tricamerata),
427 551 470 583 ut
501 544 547 583 ab
579 546 656 583 imo
689 556 845 583 sursum
878 557 1012 583 versus
1046 546 1160 583 tertia
1192 551 1449 596 consurgeret

113 604 317 642 habitatio:
349 610 514 654 possunt
544 603 607 642 hic
639 603 809 653 intellegi
842 609 880 641 et
911 605 984 641 tria
1016 603 1089 655 1113,
1121 616 1219 654 quae
1253 615 1447 642 commen-

113 663 177 701 dat
215 662 430 713 apostohm,
475 662 587 712 fides,
631 673 738 713 spes,
782 663 939 712 caritas3
984 667 1148 712 possunt
1180 663 1295 701 etiam
1327 662 1448 701 multo

114 722 408 759 convenientius
430 726 509 759 tres
536 720 621 758 illae
648 719 848 758 ubertates
874 720 1128 771 evangelicae,
1156 722 1315 772 tricena,
1342 733 1447 759 sexa-

112 791 221 830 gena,
260 784 441 831 centena,
486 785 528 818 ut
565 780 604 818 111
643 779 774 817 infimo
813 777 960 816 habitet
997 778 1182 829 pudicitia
1224 779 1449 831 coniugalis,

113 850 230 889 supra
273 837 434 876 vidualis
475 843 590 888 atque
630 837 700 875 hac
741 838 921 888 superior
961 837 1177 888 virginalis,
1221 843 1260 876 et
1292 839 1324 876 si
1356 838 1448 889 quid

113 896 252 935 melius
296 895 511 935 secundum
557 896 671 934 fidem
717 897 882 934 civitatis
924 895 1039 934 liuius
1081 895 1252 946 intellegi
1294 902 1333 935 et
1372 896 1449 935 dici

113 960 252 1006 potest.
314 954 395 993 Hoc
435 956 549 993 etiam
582 954 629 992 de
662 955 822 1005 ceteris,
862 966 959 1004 quae
992 954 1053 992 hic
1087 954 1314 1005 exponenda
1347 961 1449 1007 sunt,

114 1013 294 1065 dixerim,
332 1015 439 1065 quia,
477 1015 550 1052 etsi
583 1025 660 1051 non
693 1024 770 1051 uno
803 1012 1051 1051 disseruntur
1083 1012 1215 1065 inodo,
1253 1013 1299 1051 ad
1332 1025 1450 1052 unam

115 1078 243 1111 tamen
277 1071 487 1110 catholicae
521 1071 607 1110 fidei
642 1070 890 1109 concordiam
924 1071 1138 1110 revocanda
1171 1076 1273 1111 sunt.

598 1221 754 1264 CAPUT
781 1222 955 1264 XXVII.

115 1308 175 1347 De
207 1319 309 1347 arca
342 1312 461 1356 atque
493 1309 640 1346 diluvio
672 1319 746 1346 nec
778 1310 854 1346 illis
886 1320 970 1346 esse
1002 1309 1343 1355 consentiendum,
1383 1310 1452 1356 qui

131 1369 254 1405 solam
285 1368 494 1405 hislorz'am
526 1367 728 1414 recipiunt
757 1368 843 1404 sine
875 1368 1095 1414 alleqorica
1127 1368 1431 1414 siqnificatione,

225 1436 299 1463 nec
333 1426 419 1475 illes,
451 1426 521 1472 qui
549 1426 654 1462 solas
681 1426 840 1472 [ἤμυνας
872 1424 1092 1472 defendunt
1122 1426 1338 1473 repudiata

576 1484 768 1521 historica
801 1485 979 1521 veritate.

230 1564 315 1602 Non
350 1570 477 1602 tamen
517 1565 720 1614 quisquam
760 1570 896 1614 putare
929 1564 1045 1602 debet
1076 1570 1141 1603 aut
1174 1564 1319 1602 frustra
1352 1563 1448 1603 haec

113 1635 199 1662 esse
233 1624 477 1674 conscripta,
521 1628 586 1660 aut
618 1623 884 1661 tantummodo
917 1635 1051 1661 rerum
1082 1628 1279 1673 gestarum
1311 1624 1448 1661 verita-

113 1688 191 1721 tem
230 1683 313 1720 sine
353 1681 441 1720 ullis
480 1681 696 1731 allegoricis
734 1680 1082 1731 significationibus
1120 1681 1183 1720 hic
1215 1692 1300 1719 esse
1333 1692 1447 1732 quae—

114 1740 286 1791 rendam,
318 1746 383 1778 aut
410 1752 429 1777 e
457 1741 652 1778 contrario
685 1738 779 1778 haec
812 1741 969 1778 omnino
1001 1746 1108 1790 gesta
1140 1751 1218 1778 non
1250 1751 1348 1787 esse,
1381 1739 1449 1778 sed

113 1799 213 1837 solas
240 1810 326 1836 esse
352 1797 560 1836 verborum
588 1798 741 1849 liguraS,
774 1804 839 1836 aut
866 1797 1052 1848 quidquid
1086 1798 1178 1836 illud
1213 1803 1272 1836 est
1304 1809 1447 1848 nequa-

113 1869 228 1907 quam
260 1856 305 1895 ad
338 1856 580 1907 prophetiam
621 1855 806 1894 ecelesiae
839 1858 1047 1907 pertinere.
1111 1856 1206 1901 Quis
1238 1857 1340 1894 enim
1374 1857 1449 1894 nisi

113 1921 241 1953 mente
281 1926 491 1966 perversus
531 1915 698 1952 inaniter
739 1916 906 1965 scriptos
950 1926 1035 1952 esse
1078 1913 1288 1952 contendat
1327 1913 1448 1952 libros

112 1986 182 2024 per
215 1985 406 2011 annorum
445 1973 547 2011 milia
586 1978 691 2010 tanta
729 1972 916 2023 religione
949 1978 987 2011 et
1019 1979 1097 2011 tam
1129 1972 1327 2011 ordinatae
1361 1984 1447 2011 suc-

114 2033 301 2070 cessionis
334 2031 578 2069 ohservantia
611 2030 842 2082 custoditos,
884 2037 949 2069 aut
981 2031 1081 2069 solas
1114 2043 1177 2070 res
1209 2035 1338 2082 gestas
1370 2030 1448 2069 illic

210 2135 240 2176 1)
267 2133 368 2167 Rom.
398 2136 429 2173 3,
457 2136 487 2166 9.
538 2135 573 2174 9)
604 2136 630 2166 1.
659 2131 737 2166 Cor.
767 2136 820 2174 13,
850 2136 901 2166 13.
956 2134 1010 2175 11)
1036 2132 1100 2167 Mt.
1130 2136 1182 2175 13,
1210 2135 1240 2167 8.

207 2276 226 2306 2
255 2274 327 2307 sint
352 2273 433 2316 13¹1}
455 2277 495 2307 13
523 2272 653 2307 melius
687 2272 758 2314 γυ,-
784 2272 885 2307 aliud
911 2272 1024 2306 RAF
