1548 2562
431 147 484 172 DE
505 147 690 172 CIVITATE
709 147 778 172 DEI
796 147 829 172 L.
850 147 932 172 XXI.
953 147 981 172 c.
1002 148 1044 172 26.
1310 137 1393 177 543

65 248 141 274 non
179 237 345 274 moritur
382 241 421 274 et
461 237 561 286 ignis
592 247 669 273 non
702 237 962 287 extinguitur,
1006 247 1082 286 quo
1115 234 1395 272 cruciabuntur

64 294 125 332 die
157 306 200 332 ac
232 299 345 332 noete
377 295 417 331 in
450 294 602 332 saecula
634 294 890 332 saeculorum.

180 352 274 391 Post
313 353 426 390 istius
468 364 559 390 sane
601 353 776 402 corporis
814 357 1000 403 mortem,
1040 351 1162 389 donec
1201 350 1246 389 ad
1287 350 1395 389 illum

64 411 259 462 veniatur,
297 411 363 460 qui
399 416 489 461 post
526 411 856 448 resurrectionem
895 421 1104 460 corporum
1142 410 1297 448 futurus
1336 415 1396 446 est

65 468 323 507 damnationis
362 473 401 506 et
438 469 764 506 remunerationis
798 467 956 506 ultimus
989 467 1089 518 dies,
1128 469 1160 505 si
1190 467 1264 505 hoc
1296 473 1391 505 tem-
1419 475 1439 505 5

64 528 172 577 poris
204 526 405 565 intervallo
432 528 592 577 spiritus
624 526 898 565 defunctorum
930 527 1014 564 eius
1046 526 1150 564 modi
1180 527 1310 576 ignem
1341 525 1395 564 di-

67 590 210 624 cuntur
236 586 400 636 perpeti,
432 596 547 634 quem
574 596 651 622 non
677 586 846 622 sentiant
871 584 936 635 illi,
968 585 1035 634 qui
1067 596 1143 621 non
1175 583 1397 622 habuerunt

64 643 160 681 tales
192 655 322 681 mores
360 649 398 681 et
435 655 586 680 amores
626 644 665 680 in
697 643 813 680 huius
846 644 1022 692 corporis
1053 644 1147 693 vita,
1185 649 1228 680 ut
1260 654 1396 680 eorum

64 701 184 753 ligna,
222 702 375 752 fenum,
414 701 554 752 stipula
592 707 861 752 consumatur3
893 701 956 738 alii
988 712 1079 738 vero
1112 702 1297 751 sentiant,
1329 701 1396 751 qui

65 761 149 797 eius
186 759 291 797 modi
328 771 462 798 secum
501 759 673 797 aedificia
710 764 983 810 portaverunt,
1033 760 1112 796 sive
1152 758 1206 797 ibi
1244 764 1394 797 tantum
1424 766 1465 797 10

65 819 144 856 sive
183 823 222 856 et
258 817 320 855 hic
358 823 398 856 et
433 817 486 856 ibi
529 819 608 856 sive
647 818 734 855 ideo
772 817 835 855 hic
872 823 916 855 ut
961 829 1038 855 non
1076 816 1129 854 ibi
1174 817 1397 868 saecularia,

67 877 240 926 quamvis
267 888 287 913 a
313 875 558 914 damnatione
588 876 760 927 venialia,
792 880 1106 913 concremantem
1138 877 1267 925 ignem
1293 883 1395 913 tran-

67 935 223 972 sitoriae
263 934 526 973 tribulationis
557 936 771 972 inveniant:
810 946 886 971 non
919 933 1131 984 redargue,
1164 935 1252 983 quia
1285 934 1396 971 sorsi-

66 997 132 1030 tan
176 1004 313 1031 verum
356 999 425 1031 est.
496 992 630 1031 Potest
673 994 816 1042 quippe
861 992 907 1029 ad
949 993 1062 1030 istam
1107 991 1397 1029 tribulationem

66 1052 266 1101 pertinere
309 1052 423 1089 etiam
454 1052 538 1101 ipsa
568 1063 674 1089 mors
706 1052 851 1100 carnis,
893 1062 990 1100 quae
1023 1050 1070 1087 de
1102 1051 1217 1100 primi
1248 1052 1398 1100 peccati
1427 1059 1466 1088 15

66 1110 357 1159 perpetratione
396 1114 582 1160 concepta
622 1115 700 1159 est,
741 1113 783 1146 ut
821 1108 1036 1146 secundum
1075 1109 1264 1158 cuiusque
1297 1107 1397 1146 aedi-

66 1168 199 1205 ficium
224 1172 378 1218 tempus
405 1167 507 1217 quod
535 1179 618 1205 eam
644 1168 822 1217 sequitur
851 1166 896 1204 ab
928 1178 1164 1216 unoquoque
1197 1168 1398 1204 sentiatur.

66 1224 369 1264 Persecutiones
407 1237 580 1277 quoque,
619 1225 760 1275 quibus
798 1230 988 1275 martyres
1026 1227 1201 1262 coronati
1238 1230 1328 1263 sunt
1360 1230 1399 1262 et

69 1295 164 1333 quas
195 1285 399 1334 patiuntur
431 1286 668 1333 quicumque
694 1282 913 1334 Christiani,
944 1283 1111 1333 probant
1141 1288 1306 1333 utraque
1338 1295 1398 1321 ae-

67 1341 194 1379 dificia
231 1342 336 1380 velut
373 1343 474 1391 ignis
513 1348 551 1379 et
589 1342 660 1379 alia
705 1346 941 1379 consumunt
978 1353 1066 1379 cum
1098 1342 1192 1391 ipsis
1224 1341 1397 1379 aedifica·
1425 1350 1468 1380 20

66 1399 238 1451 toribus,
277 1401 309 1437 si
342 1399 540 1438 Christum
578 1401 618 1438 in
657 1401 713 1437 eis
744 1411 822 1437 non
853 1400 1055 1437 inveniunt
1088 1399 1399 1450 fundamentum,

70 1458 142 1496 alia
175 1459 257 1496 sine
295 1459 411 1508 ipsis,
449 1459 482 1496 si
518 1459 737 1506 inveniunt,
775 1459 864 1507 quia
896 1457 985 1495 licet
1016 1469 1105 1495 cum
1137 1457 1276 1495 damno
1307 1457 1400 1495 salvi

69 1521 186 1554 erunt
216 1517 308 1567 ipsi,
340 1515 410 1554 alia
443 1528 533 1554 vero
568 1528 646 1554 non
680 1522 926 1567 consumunt,
958 1517 1047 1565 quia
1079 1515 1166 1553 talia
1198 1517 1400 1566 reperiunt

70 1586 168 1625 quae
207 1580 388 1613 maneant
424 1576 463 1613 in
501 1580 713 1613 aeternum.
780 1573 865 1612 Erit
905 1575 1019 1612 etiam
1060 1575 1100 1611 in
1140 1574 1215 1611 fine
1256 1574 1399 1612 saeculi

70 1632 268 1671 tribulatio
301 1639 475 1684 tempore
502 1633 743 1683 Antichristi,
775 1632 898 1682 qualis
929 1644 1141 1682 numquam
1173 1637 1285 1670 antea
1316 1633 1398 1670 fuit.
1426 1642 1467 1671 25

71 1691 194 1736 Quam
232 1691 352 1729 multa
390 1697 506 1729 erunt
543 1698 636 1729 tunc
674 1691 862 1742 aedificia,
900 1692 979 1728 sive
1018 1702 1133 1728 aurea
1166 1692 1244 1728 sive
1277 1691 1398 1738 fenea,

69 1762 187 1800 super
219 1751 406 1799 optimum
443 1750 749 1799 fundamentum,
780 1749 882 1798 quod
916 1754 975 1786 est
1001 1748 1179 1786 Christus
1205 1748 1326 1800 Iesus,
1358 1755 1400 1786 ut

68 1809 169 1858 ignis
195 1807 258 1845 ille
290 1807 430 1857 probet
462 1813 627 1857 utraque
660 1814 699 1845 et
729 1808 775 1845 de
809 1807 892 1845 aliis
924 1806 1117 1857 gaudium,
1149 1806 1195 1844 de
1229 1807 1311 1844 aliis
1343 1808 1398 1844 in-

67 1866 167 1903 ferat
199 1866 400 1917 damnum,
432 1872 594 1904 neutros
626 1872 755 1904 tamen
788 1865 941 1916 perdat,
972 1866 1011 1903 in
1044 1865 1185 1914 quibus
1217 1865 1312 1903 haec
1343 1866 1399 1902 in-

68 1925 215 1973 veniet,
246 1929 408 1974 propter
440 1923 575 1962 stabile
607 1922 919 1962 fundamentum!
982 1923 1226 1973 Quicumque
1260 1928 1399 1974 autem,
1426 1933 1469 1962 30

69 1994 146 2020 non
172 1981 258 2020 dico
285 1994 460 2034 uxorem,
494 1984 605 2021 cuius
632 1984 746 2020 etiam
773 1983 1046 2020 commixtione
1080 1983 1208 2019 carnis
1240 1981 1285 2019 ad
1318 1993 1399 2019 car-

69 2040 194 2078 nalem
234 2042 358 2078 utitur
397 2040 655 2092 voluptatem,
697 2040 762 2078 sed
800 2042 884 2091 ipsa
922 2052 1019 2090 (luae
1058 2039 1105 2077 ab
1143 2040 1258 2077 liuius
1297 2040 1400 2077 modi

163 2143 196 2185 1)
221 2141 287 2175 Mr.
315 2145 347 2186 9,
374 2145 427 2176 44.
480 2146 515 2184 2)
541 2142 652 2185 Apoo.
681 2146 736 2184 20,
764 2146 818 2176 10.

140 2263 180 2339 tl
207 2258 362 2292 moritur
388 2285 395 2292 .
429 2287 436 2294 .
464 2258 690 2302 extinguitur
714 2257 750 2292 R
775 2260 874 2300 (533,
901 2261 981 2301 15),·
1012 2257 1189 2292 morietur
1216 2285 1223 2292 .
1252 2285 1258 2291 .
1286 2256 1398 2290 extin-

70 2315 138 2349 gue
156 2316 199 2338 ur
223 2315 243 2338 v
