1611 2465
68 745 109 775 10

74 1141 111 1171 15

70 1457 112 1487 20

135 110 221 151 510
677 118 702 143 s.
723 117 938 144 Acen-snm

134 221 212 247 uno
240 214 355 259 atque
383 209 557 246 omnium
584 208 750 245 maximo
777 206 964 244 miraculo
990 207 1160 245 inclusit.
1224 206 1349 258 Eligat
1380 220 1474 259 ergo

135 279 256 306 unum
285 279 305 305 e
333 265 485 305 duobus
512 267 678 316 quisque
706 265 807 315 quod
828 264 966 317 placet,
999 271 1131 304 utrum
1163 271 1200 304 et
1230 278 1402 304 vermem
1428 267 1475 305 ad

135 338 279 377 corpus
311 326 469 376 proprie
497 336 544 362 an
572 324 618 362 ad
650 325 821 362 animum
856 323 1039 362 translato
1073 336 1093 362 a
1126 324 1394 375 corporalibus
1427 325 1473 363 ad

134 383 394 435 incorporalia
437 382 625 421 vocabulo
677 384 872 420 existimet
914 384 1124 433 pertinere.
1199 383 1300 428 Quid
1345 389 1475 422 autem

135 442 276 481 horum
318 453 453 480 verum
493 442 560 488 sit,
604 453 668 479 res
706 442 789 492 ipsa
821 441 1041 491 expeditius
1072 441 1276 493 indicabit,
1320 441 1474 492 quando

136 503 210 539 erit
243 502 405 538 scientia
439 505 543 538 tanta
570 505 807 552 sanctorum,
840 507 883 538 ut
914 501 970 538 eis
1004 500 1364 550 cognoscendarum
1396 500 1475 538 illa-

136 571 223 598 rum
268 570 483 610 poenarum
528 559 749 596 necessaria
787 570 865 596 non
913 559 962 596 sit.
1004 560 1264 609 experientia,
1310 558 1378 597 sed
1421 571 1477 611 ea,

136 630 234 668 quae
262 623 355 656 tunc
383 619 457 655 erit
483 617 597 668 plena
623 622 738 667 atque
765 617 950 668 perfecta,
983 617 1028 655 ad
1056 617 1127 655 hoc
1162 629 1318 668 quoque
1352 618 1476 656 scien-

138 677 230 715 dum
263 677 451 727 sapientia
493 675 574 714 sola
606 676 774 714 sufficiat
806 670 931 728 (nunc
964 677 1066 713 enim
1100 688 1145 714 ex
1178 681 1287 726 parte
1320 677 1477 727 scimus,

136 734 260 773 donec
310 736 438 773 veniat
488 733 591 785 quod
641 734 860 784 perfectum
911 729 1006 787 est);
1057 734 1149 772 dum
1192 739 1322 773 tamen
1371 734 1477 773 nullo

136 793 250 831 modo
292 793 355 831 illa
393 805 559 844 corpora
595 792 686 831 talia
723 793 854 831 futura
893 804 978 830 esse
1021 792 1244 845 credamus,
1287 798 1331 832 ut
1362 792 1479 831 nullis

137 851 183 890 ab
215 853 304 903 igne
337 852 556 890 afficiantur
589 851 800 889 doloribus.

691 988 845 1030 CAPUT
870 984 919 1029 X.

185 1076 248 1113 An
282 1076 383 1122 2'9222'3
413 1075 633 1122 yehennae,
666 1075 703 1112 εἰ
733 1075 958 1122 corporalis
990 1078 1057 1120 est,
1085 1076 1212 1122 possit
1242 1076 1438 1122 nzaliqnos

292 1135 468 1182 spiritus,
503 1134 545 1170 id
576 1136 633 1170 est
665 1133 876 1170 daemones
910 1134 1180 1183 incorporeo&
1214 1137 1324 1171 tactu

663 1202 733 1228 seco
767 1192 954 1228 adurere.

256 1272 327 1311 Hic
366 1272 541 1310 occurrit
578 1283 785 1322 quaerere:
832 1270 872 1309 Si
904 1283 981 1309 non
1015 1273 1089 1309 erit
1120 1273 1221 1322 ignis
1253 1274 1477 1323 incorpora-

138 1332 196 1383 lis,
230 1333 331 1369 sicut
364 1336 423 1369 est
454 1331 571 1368 animi
604 1329 725 1381 dolor,
758 1329 825 1368 sed
858 1329 1084 1381 corporalis,
1115 1335 1221 1368 tactu
1254 1332 1405 1382 noxius,
1436 1337 1479 1369 ut

140 1403 184 1429 eo
223 1391 375 1441 possint
414 1400 578 1439 corpora
617 1390 801 1426 cruciari:
841 1400 917 1438 quo
959 1388 1072 1426 modo
1105 1389 1145 1427 in
1178 1401 1223 1426 eo
1256 1390 1332 1427 erit
1363 1390 1479 1427 etiam

138 1460 264 1500 poena
305 1449 515 1499 spirituum
557 1443 842 1497 malignorum?
903 1446 1010 1485 Idem
1060 1448 1203 1497 quippe
1248 1448 1348 1497 ignis
1393 1449 1480 1499 erit,

140 1507 330 1558 supplicio
373 1505 524 1544 scilicet
560 1505 762 1543 hominum
802 1504 1023 1543 adtributus
1062 1511 1101 1543 et
1142 1504 1391 1553 daemonum,
1425 1505 1479 1544 di-

140 1571 253 1604 cente
280 1564 453 1603 Christo:
486 1565 690 1603 Discecle'te
717 1576 741 1601 a
767 1575 838 1614 me,
870 1565 1084 1611 maledicti,
1118 1566 1158 1602 in
1186 1566 1316 1611 danem
1349 1568 1478 1603 aeter·

139 1635 244 1672 num,
277 1626 346 1671 qm·
371 1628 547 1672 paratus
579 1627 637 1661 est
668 1623 825 1660 diabolo
858 1627 897 1660 et
927 1624 1081 1669 (ttzyele's
1113 1624 1208 1660 elus.
1272 1621 1355 1660 Nisi
1388 1624 1478 1673 quia

140 1688 231 1721 sunt
264 1681 453 1732 quaedam
485 1692 554 1719 sua
586 1682 702 1719 etiam
729 1679 981 1718 daemonibus
1014 1692 1190 1732 corpora,
1222 1682 1323 1719 sicut
1355 1680 1480 1719 doctis

140 1739 364 1779 hominihus
402 1741 528 1777 visum
566 1744 643 1790 est,
682 1751 728 1777 ex
765 1740 839 1777 isto
885 1750 973 1776 aere
1018 1750 1149 1777 crasso
1188 1744 1303 1789 atque
1336 1739 1480 1791 umido,

142 1800 253 1838 cuius
280 1798 459 1849 inpulsus
486 1802 600 1836 vento
626 1797 741 1835 flante
769 1798 947 1835 sentitur.
1010 1796 1121 1842 Quod
1148 1809 1272 1847 genus
1299 1797 1482 1836 elementi

142 1859 174 1896 si
218 1856 315 1895 nihil
358 1857 445 1906 igne
485 1857 638 1906 perpeti
674 1860 832 1906 posset,
876 1867 954 1893 non
995 1860 1128 1893 ureret
1166 1855 1400 1893 fervefactus
1440 1856 1481 1893 in

142 1915 300 1953 balneis.
362 1914 413 1952 Ut
440 1915 543 1952 enirn
570 1920 668 1964 urat,
700 1915 808 1964 prior
841 1915 969 1951 uritur
1002 1913 1170 1963 facitque
1203 1925 1292 1951 cum
1324 1915 1480 1964 patitur.

145 1974 185 2011 Si
226 1979 356 2012 autem
401 1973 606 2023 quisquam
646 1971 748 2009 nulla
786 1970 929 2009 habere
972 1983 1137 2021 corpora
1176 1971 1384 2009 daemones
1417 1971 1479 2009 ad-

75 2042 117 2071 30
145 2037 316 2082 severat,
356 2042 432 2068 non
470 2035 531 2069 est
568 2029 614 2067 de
654 2029 724 2067 hac
764 2041 805 2067 re
845 2034 911 2067 aut
942 2028 1196 2068 laborandum
1229 2041 1392 2080 operosa
1423 2031 1480 2068 in-

241 2134 297 2175 10)
327 2135 355 2166 1.
384 2131 462 2166 Cor.
494 2134 546 2173 13,
574 2134 604 2165 9.
656 2132 716 2174 23)
741 2130 805 2164 Mt.
833 2133 888 2173 25,
915 2134 970 2164 41.

240 2287 259 2317 2
287 2294 304 2317 e
331 2282 424 2324 RA,-
451 2282 494 2316 de
523 2283 634 2326 υ1128
662 2293 743 2316 cum
769 2281 860 2323 RA;
888 2281 985 2324 quod
1010 2292 1031 2315 v
