1548 2562
424 110 477 135 DE
497 109 683 135 CIVITATE
703 110 773 135 DEI
792 110 824 135 L.
844 110 943 135 xxn.
964 110 992 136 c.
1012 111 1036 135 8.
1310 102 1363 143 57
1369 102 1393 142 9

61 210 181 250 remo,
212 204 372 249 propter
405 197 508 248 quod
535 200 662 236 omnia
692 199 766 236 ista
798 198 982 237 dicuntur
1014 210 1035 236 a
1066 198 1190 251 nobis,
1221 201 1261 237 in
1294 212 1395 252 eum,

62 258 127 307 qui
167 256 340 294 ascendit
377 258 417 294 in
456 256 605 295 caelum
638 268 726 295 cum
759 267 892 308 carne,
933 258 973 295 in
1006 269 1079 308 qua
1112 264 1394 310 resurrexerat,

61 314 242 366 credidit3
281 320 318 352 et
356 314 442 352 ideo
475 327 545 365 per
578 326 667 353 eum
698 320 803 353 tanta
834 315 949 366 fiunt,
992 317 1081 365 quia
1111 328 1182 366 pro
1214 317 1287 354 ista
1320 315 1394 354 fide

60 374 225 411 animam
251 374 382 423 posuit
408 384 527 411 suam.
589 372 707 411 Fiunt
733 385 824 423 ergo
851 374 967 411 etiam
993 385 1096 412 nunc
1128 374 1247 412 multa
1280 376 1393 412 mira-

60 430 146 469 cula
189 430 326 469 eodem
369 430 448 469 Deo
492 431 657 469 faciente
708 443 778 481 per
832 443 929 481 quos
982 431 1063 470 vult
1106 437 1145 470 et
1189 444 1304 482 quem
1346 432 1392 470 ad
1419 440 1439 470 5

59 489 218 528 modum
250 489 351 541 vult,
383 490 449 539 qui
481 494 520 527 et
550 488 613 526 illa
646 500 744 538 quae
775 488 940 539 legimus
972 490 1081 541 fecit,
1115 490 1182 528 sed
1214 492 1288 529 ista
1321 502 1392 529 nec

61 547 238 586 similiter
263 549 515 585 innotescunt
546 559 685 598 neque,
717 552 762 585 ut
786 559 863 585 non
897 547 1085 586 excedant
1111 550 1250 600 animo,
1283 550 1394 599 quasi

60 606 188 656 glarea
231 606 460 657 memoriae,
505 604 642 643 crebra
685 603 851 643 lectione
904 606 1134 645 tunduntur.
1215 606 1312 645 Nam
1356 612 1394 645 et

59 663 124 702 ubi
171 663 367 713 diligentia
405 668 484 715 est,
522 675 619 714 quae
658 675 764 702 nunc
802 663 902 713 apud
941 676 1011 702 nos
1054 676 1138 703 esse
1172 667 1318 717 coepit,
1351 670 1395 704 ut

59 721 180 760 libelli
212 733 364 773 eorum,
405 722 470 772 qui
508 721 695 759 beneficia
726 723 968 774 percipiunt,
1006 724 1222 761 recitentur
1254 725 1293 761 in
1326 736 1392 774 po·
1422 732 1464 762 10

58 779 168 831 pulo,
206 779 326 818 semel
365 779 439 818 hoc
478 780 640 818 audiunt
682 781 747 830 qui
787 779 927 818 adsunt
970 780 1181 832 pluresque
1220 793 1297 819 non
1330 781 1393 820 ad-

60 844 168 890 sunt,
211 843 255 876 ut
292 849 365 876 nec
397 837 469 889 illi,
507 839 574 888 qui
612 837 837 889 adfuerunt,
875 844 964 888 post
996 838 1141 889 aliquot
1174 840 1256 877 dies
1289 840 1394 890 quod

59 895 267 934 audierunt
304 901 433 934 mente
472 898 666 934 retineant
698 902 736 934 et
767 897 828 934 vix
862 898 1025 947 quisque
1059 899 1280 948 reperiatur
1311 898 1393 936 illo-

59 966 164 1006 rum,
197 956 262 1004 qui
295 956 346 1006 ei,
379 966 494 1004 quem
526 966 603 992 non
636 954 805 992 adfuisse
838 957 1081 1007 cognoverit,
1113 956 1258 994 indicet
1291 956 1393 1006 quod

60 1012 215 1051 audivit.
1423 1022 1463 1052 15

176 1070 305 1109 Unum
325 1076 385 1108 est
405 1070 505 1121 apud
532 1082 602 1108 nos
629 1070 785 1122 factum,
811 1082 888 1108 non
915 1072 1038 1109 maius
1066 1083 1181 1121 quam
1206 1071 1268 1109 illa
1296 1083 1392 1122 quae

59 1129 148 1180 dixi,
182 1129 249 1167 sed
275 1134 352 1167 tam
379 1128 527 1166 clarum
555 1133 669 1178 atque
696 1128 860 1167 inlustre
894 1129 1135 1181 miraculum,
1168 1134 1211 1167 ut
1244 1130 1394 1168 nullum

60 1187 226 1226 arbitrer
265 1198 351 1225 esse
383 1185 724 1238 Hipponiensium,
757 1188 823 1236 qui
856 1186 928 1224 hoc
961 1199 1038 1224 non
1071 1187 1130 1225 vel
1163 1187 1302 1226 viderit
1333 1188 1392 1226 vel

59 1245 260 1296 didicerit,
291 1244 441 1283 nullum
480 1246 547 1295 qui
580 1244 754 1282 oblivisci
786 1244 860 1283 ulla
894 1246 1043 1283 ratione
1076 1247 1258 1297 potuerit.
1320 1245 1390 1284 De-

60 1316 144 1342 cem
176 1303 332 1353 quidam
357 1303 498 1341 fratres
530 1299 716 1353 (quorum
749 1308 897 1353 septem
930 1308 1021 1341 sunt
1053 1315 1191 1355 mares,
1223 1309 1305 1342 tres
1337 1305 1391 1342 fe·
1419 1312 1462 1343 20

58 1358 206 1414 minae)
255 1360 302 1399 de
353 1360 539 1398 Caesarea
589 1359 871 1412 Cappadociae,
923 1373 1083 1399 suorum
1128 1362 1269 1399 civium
1314 1374 1392 1400 non

59 1419 272 1470 ignobiles,
316 1418 520 1457 maledicto
564 1420 699 1457 matris
742 1420 892 1457 recenti
933 1420 1053 1469 patris
1096 1431 1231 1459 eorum
1284 1419 1393 1458 obitu

60 1478 284 1529 destitutae,
326 1489 421 1527 quae
460 1478 642 1515 iniuriam
680 1476 752 1515 sibi
790 1476 835 1514 ab
876 1478 930 1514 eis
971 1477 1109 1515 factam
1142 1477 1392 1516 acerbissime

59 1536 168 1588 tulit,
211 1535 277 1574 tali
313 1547 438 1586 poena
469 1540 561 1573 sunt
598 1535 781 1573 divinitus
821 1535 1025 1587 coherciti,
1065 1541 1108 1573 ut
1151 1535 1392 1574 horribiliter

60 1599 315 1646 quaterentur
341 1604 474 1631 omnes
500 1598 671 1631 tremore
698 1593 980 1644 membrorum,
1007 1594 1045 1631 in
1067 1605 1140 1644 qua
1169 1593 1391 1632 foedissima
1417 1603 1461 1634 ‘25

61 1653 189 1704 specie
230 1651 363 1690 oculos
400 1663 560 1690 suorum
600 1653 740 1689 civium
779 1663 856 1689 non
896 1652 1084 1703 ferentes,
1124 1664 1276 1702 quaqua
1307 1664 1391 1690 ver-

60 1722 146 1749 sum
188 1711 329 1760 cuique
370 1711 426 1748 ire
465 1711 590 1748 visum
628 1714 707 1761 est,
748 1714 828 1748 toto
867 1721 988 1760 paene
1028 1709 1265 1759 vagabantur
1297 1709 1391 1748 orbe

60 1768 245 1807 Romano.
306 1767 364 1805 Ex
402 1767 462 1806 his
500 1769 616 1806 etiam
653 1767 698 1805 ad
738 1780 808 1805 nos
846 1773 1038 1806 venerunt
1070 1768 1162 1819 duo,
1201 1768 1322 1806 frater
1354 1774 1392 1807 et

61 1838 190 1878 soror,
221 1825 364 1864 Paulus
397 1831 435 1863 et
465 1825 651 1877 Palladia,
693 1825 823 1863 multis
855 1826 938 1863 aliis
970 1825 1065 1864 locis
1097 1827 1252 1864 miseria
1285 1826 1390 1864 diffa-

59 1891 188 1923 mante
226 1885 302 1922 iam
339 1885 493 1934 cogniti.
556 1883 754 1922 Venerunt
791 1889 919 1922 autem
958 1890 1045 1922 ante
1084 1883 1231 1922 Pascha
1269 1884 1390 1922 ferme
1417 1893 1461 1924 30

60 1943 142 1981 dies
186 1942 429 1993 quindecim,
474 1941 677 1980 ecclesiam
727 1941 868 1980 cotidie
912 1947 951 1980 et
993 1943 1033 1980 in
1077 1953 1121 1980 ea
1164 1944 1390 1980 memoriam

60 2000 329 2051 gloriosissimi
369 1999 554 2051 Stephani
592 1999 907 2051 frequentabant,
949 2005 1104 2038 orantes
1136 2005 1180 2038 ut
1210 2001 1284 2038 iam
1318 2000 1391 2038 sibi

60 2058 279 2110 placaretur
317 2057 420 2096 Deus
458 2063 496 2096 et
534 2057 697 2096 salutem
734 2059 937 2108 pristinam
980 2057 1172 2096 redderet.
1234 2057 1282 2096 Et
1314 2058 1391 2096 illic

154 2175 175 2205 4
201 2181 305 2205 suam
317 2168 373 2210 R,-
398 2180 462 2204 om.
477 2170 534 2203 Av
554 2170 566 2213 ΙΙ
586 2173 603 2203 7
631 2169 809 2203 excedant
832 2168 868 2203 R
890 2169 997 2203 Parr.
1027 2170 1193 2213 ‚ffllures“
1217 2169 1314 2211 (Liv.
1329 2173 1392 2212 26,

60 2220 119 2260 13,
144 2220 166 2252 5
192 2227 210 2251 6
236 2216 413 2251 memoria
439 2216 623 2259 excessit);
651 2215 820 2249 excidant
844 2216 901 2250 Av
921 2218 933 2260 Η
954 2220 994 2250 13
1023 2216 1173 2260 quisque
1198 2227 1268 2251 ‘mss
1295 2218 1392 2259 (516,

60 2265 141 2308 10);
166 2263 357 2307 quisquam
382 2273 402 2297 v
422 2264 433 2307 ΙΙ
455 2266 496 2297 18
521 2262 812 2306 Hipponensium
837 2272 858 2297 v

1040 2320 1110 2356 37*
