1548 2562
385 168 438 192 DE
459 166 646 193 CIVITATE
666 167 733 191 DEI
753 167 784 191 L.
805 167 918 192 xvm.
938 166 966 191 c.
986 167 1028 192 37.
1049 167 1091 192 38.
1323 156 1406 196 313

78 257 131 295 ibi
174 262 287 295 natus
326 262 364 294 et
401 267 421 293 a
458 255 534 293 filia
577 254 788 293 Pharaonis
832 255 1035 305 adoptatus
1078 259 1193 304 atque
1237 254 1408 292 nutritus

79 316 194 353 etiam
231 313 442 352 liberaliter
480 312 666 351 educatus
705 318 774 351 est.
838 312 913 353 Sed
951 325 1023 351 nec
1062 313 1248 363 sapientia
1288 311 1367 349 Aeor
1344 323 1407 362 g-y

77 374 248 424 ptiorum
287 372 514 422 sapientiam
555 370 833 422 prophetarum
872 376 1096 409 nostrorum
1135 375 1310 420 tempore
1344 381 1407 407 an-

78 431 259 469 tecedere
284 431 423 481 potuit,
455 429 608 479 quando
635 429 791 479 quidem
818 434 855 467 et
881 428 1072 467 Abraham
1103 427 1293 479 propheta
1325 427 1422 471 fuit.

80 488 180 534 Quid
222 493 350 527 autem
383 489 593 538 sapientiae
625 488 752 538 potuit
784 499 869 525 esse
901 488 941 525 in
973 486 1162 538 Aegypto,
1203 491 1408 535 antequam
1436 491 1455 522 5

79 548 134 585 eis
160 546 244 599 Isis,
275 558 391 596 quam
417 551 611 584 mortuam
637 551 832 595 tamquam
865 557 1041 595 magnam
1068 544 1178 582 deam
1211 543 1410 582 colendam

2 631 21 641 η,
78 609 327 656 putaverunt,
358 604 506 642 litteras
533 601 734 642 traderet?
784 603 856 641 Isis
882 615 1000 654 porro
1026 603 1157 641 Inachi
1183 602 1258 640 filia
1290 602 1410 640 fuisse

78 662 271 714 proditur,
303 663 369 712 qui
394 663 545 713 primus
570 673 733 712 regnare
761 662 889 711 coepit
920 662 1081 713 Argivis7
1114 660 1266 711 quando
1293 659 1410 698 Abra-

78 720 150 759 hae
181 722 257 759 iam
288 726 450 771 nepotes
482 721 735 771 reperiuntur
767 721 902 758 exorti.

538 855 690 898 CAPUT
715 855 957 897 XXXVIII.
1325 821 1328 823 >
1441 865 1483 897 10

111 942 225 987 Quod
242 934 450 989 'quaedam
481 946 711 979 sanctorum
742 942 896 988 scripta
929 941 1222 979 ecclesiasticus
1254 951 1384 978 canon

163 1004 331 1048 propter
363 1001 526 1036 nimiam
557 1010 636 1037 non
668 1000 868 1046 receperit
899 1002 1141 1045 vetustatem,
1174 1010 1224 1036 ne
1248 1001 1327 1046 'per

239 1056 487 1095 occasionem
519 1067 655 1095 eorum
684 1055 792 1104 falsa
824 1058 930 1095 veris
962 1058 1248 1094 insererentur.

150 1121 176 1155 s
197 1138 275 1176 Iam
307 1149 398 1176 vero
432 1138 464 1175 si
503 1136 615 1187 longe
649 1138 868 1187 antiquiora
900 1142 1091 1188 repetam,
1130 1142 1168 1175 et
1199 1142 1287 1175 ante
1320 1136 1413 1176 illud

81 1196 225 1247 grande
259 1195 445 1233 diluvium
484 1200 618 1233 noster
650 1200 733 1233 erat
765 1196 897 1245 utique
924 1195 1005 1233 Noe
1037 1195 1267 1246 patriarcha,
1300 1207 1415 1246 quem
1444 1202 1485 1232 15

81 1254 309 1305 prophetam
341 1265 496 1303 quoque
529 1265 606 1290 non
638 1254 820 1291 inmerito
859 1253 1040 1304 dixerim3
1080 1255 1112 1291 si
1145 1253 1301 1303 quidem
1333 1255 1414 1304 ipsa

18 1329 23 1339 v
82 1324 182 1364 arca,
214 1324 326 1362 quam
354 1312 457 1363 fecit,
483 1312 521 1348 in
549 1322 623 1361 qua
650 1323 739 1363 cum
765 1312 846 1349 suis
872 1312 1002 1362 evasit,
1034 1311 1238 1361 prophetia
1264 1317 1414 1349 nostro—

82 1382 170 1408 rum
214 1375 435 1435 temporum
480 1369 573 1424 suits
636 1366 737 1414 Quid
782 1368 917 1407 Enoch
961 1371 1149 1419 septimus
1194 1369 1240 1407 ab
1285 1370 1417 1421 Adam7

83 1440 212 1466 nonne
253 1429 368 1466 etiam
409 1428 449 1465 in
490 1428 674 1465 canonica
707 1427 871 1477 epistula
904 1427 1066 1478 apostoli
1100 1427 1216 1466 Iudae
1249 1428 1413 1478 prophe-

83 1492 184 1524 tasse
221 1482 503 1549 piaedicatur‘?
557 1485 732 1530 Quorum
770 1486 914 1535 scripta
954 1490 998 1523 ut
1036 1485 1135 1536 apud
1176 1485 1338 1524 Iudaeos
1379 1492 1417 1525 et
1443 1492 1487 1523 20

84 1544 185 1595 apud
212 1556 282 1582 nos
308 1545 348 1582 in
375 1531 603 1581 auctoritate
638 1555 715 1581 non
749 1548 891 1595 essent,
924 1545 1040 1581 nimia
1074 1544 1165 1581 fecit
1196 1545 1417 1596 antiquitas7

82 1607 244 1653 propter
275 1613 390 1652 quam
422 1600 651 1639 videbantur
683 1601 857 1639 habenda
891 1613 976 1639 esse
1009 1607 1209 1652 suspecta,
1247 1613 1295 1639 ne
1328 1614 1416 1652 pio-

84 1660 284 1698 serrentur
321 1659 415 1697 salsa
446 1671 517 1710 pro
557 1660 671 1697 veris.
732 1659 827 1696 Nam
866 1664 904 1697 et
940 1659 1196 1709 proferuntur
1229 1659 1416 1709 quaedam

85 1730 182 1768 quae
226 1719 401 1768 ipsorum
439 1729 524 1755 esse
563 1716 742 1755 dicantur
780 1716 826 1754 ah
866 1718 939 1769 eis,
978 1718 1044 1766 qui
1082 1729 1152 1767 pro
1195 1729 1265 1755 suo
1298 1730 1415 1757 sensu

84 1776 228 1826 passim
255 1775 357 1825 quod
385 1774 518 1813 volunt
544 1775 718 1813 credunt.
782 1774 857 1812 Sed
884 1786 928 1812 ea
960 1776 1117 1813 castitas
1149 1776 1307 1813 canonis
1339 1788 1417 1814 non
1444 1782 1488 1813 25

85 1835 251 1885 recepit,
291 1845 369 1871 non
402 1832 504 1883 quod
538 1844 673 1870 eorum
706 1833 924 1884 hominum,
964 1834 1030 1883 qui
1062 1832 1140 1871 Deo
1172 1832 1415 1886 placuerunt,

85 1890 319 1942 reprobetur
357 1892 584 1942 auctoritas,
623 1891 691 1928 sed
729 1891 831 1941 quod
873 1892 947 1929 ista
979 1903 1064 1929 esse
1098 1902 1175 1928 non
1208 1891 1418 1931 credantur

85 1950 270 2000 ipsorum.
329 1948 409 1988 Nec
440 1950 583 1987 mirum
615 1948 730 1987 debet
761 1948 894 2000 videri,
927 1949 1029 1999 quod
1063 1954 1243 1999 suspecta
1275 1949 1416 1988 habert-

86 2012 150 2045 tur
163 2039 173 2059 7
228 2019 325 2058 quae
375 2006 448 2045 sub
503 2012 630 2045 tantae
670 2008 908 2056 antiquitatis
947 2008 1101 2045 nomine
1146 2007 1418 2059 proferuntur3

87 2065 239 2115 quando
281 2065 436 2115 quidem
479 2066 518 2103 in
562 2066 645 2116 ipsa
688 2065 849 2103 historia
892 2077 1028 2115 regum
1069 2064 1162 2103 Iuda
1206 2070 1244 2103 et
1281 2078 1418 2117 regum
1445 2074 1489 2105 30

181 2166 216 2209 4)
243 2164 329 2199 Gen.
357 2169 411 2208 20,
440 2169 470 2200 7.

183 2272 199 2302 1
227 2269 335 2303 natue
360 2270 398 2303 et
421 2268 513 2310 RA7·
544 2270 652 2303 natus
679 2270 735 2303 est
759 2269 815 2311 F,-
846 2270 952 2303 natus
979 2270 1035 2303 est
1060 2269 1097 2303 et
1122 2279 1141 2302 v
1172 2271 1183 2312 ΙΙ
1217 2274 1257 2304 17
1283 2270 1321 2304 in
1347 2282 1420 2314 qua

85 2314 195 2357 R¹A‚·
221 2317 259 2350 et
281 2315 319 2349 in
345 2326 418 2358 qua
442 2315 500 2350 Fv
