1611 2465
89 712 131 742 10

89 1005 131 1035 15

89 1380 132 1410 20

90 2010 134 2040 30

157 78 242 119 256
712 83 738 109 S.
761 83 978 110 AUGUSTIM

157 183 271 227 atque
316 175 405 214 inde
452 186 575 225 usque
622 173 668 211 ad
706 172 899 211 Abraham
941 185 1078 212 rursus
1117 172 1271 220 ambae,
1313 174 1414 212 sicut
1455 175 1495 212 in

157 233 417 286 temporibus,
452 235 502 271 ita
536 238 574 271 et
605 233 645 270 in
678 232 822 270 nostris
854 231 995 270 litteris
1028 238 1302 271 cucurrerunt.
1366 231 1442 270 Sed
1475 245 1495 270 a

156 300 266 345 patre
299 292 489 331 Abraham
522 302 646 341 usque
681 290 727 328 ad
760 302 895 340 regum
929 296 1083 341 tempus
1115 290 1396 342 israelitarum,
1428 290 1496 329 ubi

157 358 310 391 sextum
349 351 544 389 decimum
583 349 763 387 volumen
801 348 1054 401 absolvimus,
1094 355 1132 388 et
1169 349 1258 388 inde
1291 361 1415 400 usque
1449 349 1495 388 ad

156 412 280 463 ipsius
311 411 351 447 in
384 421 499 447 carne
535 408 742 446 Salvatoris
774 407 998 459 adventum,
1040 419 1116 458 quo
1149 420 1273 459 usque
1307 410 1496 459 septimus

157 469 333 508 decimus
372 467 471 506 liber
510 467 702 517 tenditur,
741 466 819 505 sola
858 467 1011 505 videtur
1043 462 1093 505 in‘
1116 479 1202 505 meo
1235 467 1322 505 stilo
1356 479 1495 505 cucur-

157 529 256 566 risse
284 527 353 565 Dei
380 527 532 577 civitas;
565 537 652 564 cum
685 526 725 563 in
752 524 824 563 hoc
852 525 1006 564 saeculo
1040 537 1117 563 non
1150 524 1230 564 sola
1263 527 1496 577 cucurrerit,

157 586 225 625 sed
259 585 392 624 ambae
425 586 560 635 utique
592 586 631 622 in
664 596 807 634 genere
840 584 1026 635 humano,
1066 586 1167 623 sicut.
1200 583 1245 622 ab
1278 585 1407 635 initio,
1448 585 1496 622 si-

158 644 237 683 mul
276 656 346 683 suo
383 655 578 695 procursu
617 648 792 693 tempora
825 644 1066 681 variaverint.
1129 642 1273 681 Verum
1305 643 1378 681 hoc
1410 642 1496 681 ideo

159 704 252 754 feci,
294 708 338 741 ut
373 703 501 754 prius,
540 714 585 740 ex
625 714 701 752 quo
740 702 956 752 apertiores
988 701 1056 740 Dei
1097 703 1377 752 promissiones
1412 713 1496 740 esse

159 766 393 814 coeperunt,
434 772 559 812 usque
601 759 646 798 ad
679 761 763 798 eius
797 772 841 798 ex
875 761 1024 811 virgine
1057 762 1315 812 nativitatem,
1348 761 1387 798 in
1421 772 1497 810 quo

158 821 313 859 fuerant
352 832 449 871 quae
487 820 614 870 primo
652 818 980 870 promittebantur
1013 818 1223 870 implenda,
1262 820 1344 857 sine
1377 820 1496 857 inter-

157 879 364 930 pellatione
398 891 417 916 a
450 879 647 917 contrario
680 877 839 915 alterius
873 879 1038 916 civitatis
1070 880 1161 929 ista,
1194 889 1292 928 quae
1325 877 1394 915 Dei
1427 882 1498 928 est,

158 949 397 988 procurrens
424 936 647 975 distinctius
673 942 894 987 appareret3
928 937 1102 986 quamvis
1129 948 1255 987 usque
1281 936 1327 974 ad
1354 935 1497 974 revela-

159 998 304 1035 tionem
337 996 560 1034 testamenti
591 996 681 1033 novi
712 1006 790 1032 non
823 996 861 1033 in
894 994 1056 1042 lumine,
1090 994 1157 1033 sed
1191 996 1230 1032 in
1262 994 1400 1033 umbra
1432 1006 1497 1033 cu-

159 1056 339 1093 currerit.
401 1054 513 1092 Nunc
552 1066 662 1103 ergo,
702 1052 803 1103 quod
837 1054 1142 1105 intermiseram,
1183 1053 1293 1091 video
1327 1065 1412 1092 esse
1446 1053 1497 1091 fa-

159 1114 357 1165 ciendum,
391 1118 434 1151 ut
466 1124 513 1150 ex
545 1111 720 1150 Abrahae
753 1111 996 1163 temporibus
1031 1124 1106 1163 quo
1140 1111 1254 1150 modo
1287 1113 1400 1150 etiam
1434 1111 1499 1150 illa

159 1173 391 1223 cucurrerit,
424 1176 612 1221 quantum
639 1171 732 1209 satis
764 1170 929 1222 videtur,
961 1170 1166 1222 adtingam,
1200 1176 1242 1208 ut
1275 1169 1407 1208 ambae
1440 1171 1496 1208 in-

158 1236 218 1269 ter
251 1243 291 1269 se
324 1231 475 1281 possint
508 1228 820 1267 consideratione
853 1229 1067 1280 legentium
1099 1230 1326 1280 comparari.

712 1365 866 1407 CAPUT
898 1365 953 1406 ΙΙ.

157 1453 218 1491 De
256 1457 445 1491 terrenae
483 1452 657 1490 civilalis
694 1452 857 1499 reqe'bus
896 1455 1016 1499 atque
1054 1452 1313 1501 temporibus,
1356 1452 1497 1500 quibus

241 1511 291 1549 ab
324 1514 469 1549 exortu
502 1511 693 1548 Abrahae
724 1515 955 1548 sanctorum
988 1514 1167 1560 tempora
1198 1514 1415 1560 supputata

701 1570 950 1607 conveniunt.

277 1650 451 1689 Societas
495 1651 615 1701 igitur
659 1661 940 1700 usquequaque
986 1650 1207 1689 mortalium
1249 1651 1387 1689 diffusa
1427 1662 1498 1701 per

89 1719 103 1732 ἴ
161 1717 284 1749 terras
323 1714 362 1747 et
399 1710 439 1747 in
478 1708 654 1747 locorum
687 1708 938 1758 quantislibet
970 1708 1260 1747 diversitatibus
1294 1710 1409 1747 unius
1442 1714 1497 1747 ta-

160 1780 247 1807 men
292 1767 545 1817 eiusdemque
591 1772 751 1805 naturae
796 1767 960 1817 quadam
1005 1769 1278 1806 communione
1321 1767 1498 1805 devincta

159 1826 346 1865 utilitates
386 1831 424 1864 et
462 1824 694 1875 cupiditates
728 1837 816 1863 suas
851 1825 1071 1876 quibusque
1104 1825 1363 1877 sectantibus,
1405 1825 1497 1864 dum

159 1885 196 1923 id
236 1884 339 1935 quod
379 1885 574 1935 appetitur
616 1888 682 1921 aut
723 1885 868 1921 nemini
908 1889 973 1922 aut
1011 1896 1087 1922 non
1127 1883 1308 1922 omnibus
1341 1884 1496 1935 sufficit,

161 1945 248 1993 quia
276 1955 353 1981 non
380 1947 440 1980 est
465 1941 503 1980 id
535 1943 674 1993 ipsum,
707 1941 892 1980 adversus
920 1954 960 1980 se
986 1944 1109 1993 ipsam
1141 1942 1372 1993 plerumque
1405 1942 1497 1980 divi-

162 2002 284 2053 ditur,
323 2006 361 2039 et
392 2012 482 2052 pars
514 2006 681 2051 partem,
715 2012 812 2050 quae
845 2000 1049 2051 praevalet,
1082 2002 1278 2052 opprimit.
1340 1999 1499 2039 Victrici

162 2061 264 2098 enim
290 2061 390 2097 victa
417 2058 648 2110 succumbit,
681 2058 935 2097 dominationi
963 2059 1111 2098 scilicet
1144 2059 1202 2097 vel
1235 2060 1351 2098 etiam
1383 2058 1497 2097 liber-

162 2119 212 2156 ati
252 2117 577 2168 qualemcumque
616 2128 753 2170 pacem
789 2118 1018 2169 praeferens
1057 2129 1100 2157 ac
1140 2118 1323 2170 salutem,
1369 2119 1421 2156 ita
1455 2123 1499 2156 ut

259 2256 279 2287 5
307 2252 381 2288 dee.
409 2254 499 2298 sept.
527 2263 548 2289 υ
