<?xml version="1.0" encoding="UTF-8"?>
<!DOCTYPE html PUBLIC "-//W3C//DTD XHTML 1.0 Transitional//EN"
    "http://www.w3.org/TR/xhtml1/DTD/xhtml1-transitional.dtd">
<html xmlns="http://www.w3.org/1999/xhtml" xml:lang="en" lang="en">
 <head>
  <title>
</title>
<meta http-equiv="Content-Type" content="text/html;charset=utf-8" />
  <meta name='ocr-system' content='tesseract 3.04.00' />
  <meta name='ocr-capabilities' content='ocr_page ocr_carea ocr_par ocr_line ocrx_word'/>
</head>
<body>
  <div class='ocr_page' id='page_1' title='image "./sanctiaureliiaug02auguuoft_0443.png"; bbox 0 0 1548 2562; ppageno 0'>
   <div class='ocr_carea' id='block_1_1' title="bbox 421 141 1379 182">
    <p class='ocr_par' dir='ltr' id='par_1_1' title="bbox 421 141 1379 182">
     <span class='ocr_line' id='line_1_1' title="bbox 421 141 1379 182; baseline 0.004 -9"><span class='ocrx_word' id='word_1_1' title='bbox 421 149 474 173; x_wconf 83' lang='lat' dir='ltr'>DE</span> <span class='ocrx_word' id='word_1_2' title='bbox 495 148 683 174; x_wconf 78' lang='lat' dir='ltr'><strong>CIVITATE</strong></span> <span class='ocrx_word' id='word_1_3' title='bbox 702 149 771 174; x_wconf 81' lang='lat' dir='ltr'>DEI</span> <span class='ocrx_word' id='word_1_4' title='bbox 792 149 823 174; x_wconf 83' lang='lat' dir='ltr'>L.</span> <span class='ocrx_word' id='word_1_5' title='bbox 843 149 908 174; x_wconf 84' lang='lat' dir='ltr'>xx.</span> <span class='ocrx_word' id='word_1_6' title='bbox 928 149 956 175; x_wconf 83' lang='lat' dir='ltr'>c.</span> <span class='ocrx_word' id='word_1_7' title='bbox 977 150 1018 175; x_wconf 86' lang='lat'>13.</span> <span class='ocrx_word' id='word_1_8' title='bbox 1296 141 1379 182; x_wconf 83' lang='lat'>437</span> 
     </span>
    </p>
   </div>
   <div class='ocr_carea' id='block_1_2' title="bbox 47 238 1383 2156">
    <p class='ocr_par' dir='ltr' id='par_1_2' title="bbox 47 238 1383 2156">
     <span class='ocr_line' id='line_1_2' title="bbox 52 238 1380 290; baseline 0 -13"><span class='ocrx_word' id='word_1_9' title='bbox 52 250 243 278; x_wconf 86' lang='lat' dir='ltr'>annorum</span> <span class='ocrx_word' id='word_1_10' title='bbox 276 243 314 276; x_wconf 86' lang='lat' dir='ltr'>et</span> <span class='ocrx_word' id='word_1_11' title='bbox 352 250 417 275; x_wconf 84' lang='lat' dir='ltr'>sex</span> <span class='ocrx_word' id='word_1_12' title='bbox 450 249 628 275; x_wconf 90' lang='lat' dir='ltr'>mensum</span> <span class='ocrx_word' id='word_1_13' title='bbox 660 238 860 276; x_wconf 90' lang='lat' dir='ltr'>intervallo</span> <span class='ocrx_word' id='word_1_14' title='bbox 892 239 1001 289; x_wconf 88' lang='lat' dir='ltr'>prius</span> <span class='ocrx_word' id='word_1_15' title='bbox 1033 238 1183 277; x_wconf 90' lang='lat' dir='ltr'>desinat</span> <span class='ocrx_word' id='word_1_16' title='bbox 1214 239 1380 290; x_wconf 89' lang='lat' dir='ltr'>alligatio</span> 
     </span>
     <span class='ocr_line' id='line_1_3' title="bbox 52 296 1382 347; baseline 0.001 -12"><span class='ocrx_word' id='word_1_17' title='bbox 52 297 193 335; x_wconf 88' lang='lat' dir='ltr'>diaboli</span> <span class='ocrx_word' id='word_1_18' title='bbox 232 308 347 347; x_wconf 85' lang='lat' dir='ltr'>quam</span> <span class='ocrx_word' id='word_1_19' title='bbox 385 307 549 346; x_wconf 88' lang='lat' dir='ltr'>regnum</span> <span class='ocrx_word' id='word_1_20' title='bbox 588 301 810 334; x_wconf 85' lang='lat' dir='ltr'>sanctorum</span> <span class='ocrx_word' id='word_1_21' title='bbox 851 298 891 334; x_wconf 88' lang='lat' dir='ltr'>in</span> <span class='ocrx_word' id='word_1_22' title='bbox 923 296 983 334; x_wconf 85' lang='lat' dir='ltr'>his</span> <span class='ocrx_word' id='word_1_23' title='bbox 1015 299 1125 335; x_wconf 88' lang='lat' dir='ltr'>annis</span> <span class='ocrx_word' id='word_1_24' title='bbox 1157 297 1259 335; x_wconf 89' lang='lat' dir='ltr'>mille</span> <span class='ocrx_word' id='word_1_25' title='bbox 1293 310 1382 336; x_wconf 90' lang='lat' dir='ltr'>cum</span> 
     </span>
     <span class='ocr_line' id='line_1_4' title="bbox 51 352 1381 405; baseline 0.001 -12"><span class='ocrx_word' id='word_1_26' title='bbox 51 352 233 394; x_wconf 82' lang='lat' dir='ltr'>Christo?</span> <span class='ocrx_word' id='word_1_27' title='bbox 285 355 325 392; x_wconf 89' lang='lat' dir='ltr'>Si</span> <span class='ocrx_word' id='word_1_28' title='bbox 350 360 479 393; x_wconf 87' lang='lat' dir='ltr'>autem</span> <span class='ocrx_word' id='word_1_29' title='bbox 512 354 724 392; x_wconf 83' lang='lat' dir='ltr'>dixerimus</span> <span class='ocrx_word' id='word_1_30' title='bbox 755 367 914 405; x_wconf 87' lang='lat' dir='ltr'>parvum</span> <span class='ocrx_word' id='word_1_31' title='bbox 947 357 1232 405; x_wconf 82' lang='lat' dir='ltr'>persecutionis</span> <span class='ocrx_word' id='word_1_32' title='bbox 1264 356 1381 394; x_wconf 88' lang='lat' dir='ltr'>huius</span> 
     </span>
     <span class='ocr_line' id='line_1_5' title="bbox 49 413 1381 466; baseline 0 -14"><span class='ocrx_word' id='word_1_33' title='bbox 49 414 123 452; x_wconf 92' lang='lat' dir='ltr'>hoc</span> <span class='ocrx_word' id='word_1_34' title='bbox 165 415 333 464; x_wconf 89' lang='lat' dir='ltr'>spatium</span> <span class='ocrx_word' id='word_1_35' title='bbox 374 424 451 450; x_wconf 91' lang='lat' dir='ltr'>non</span> <span class='ocrx_word' id='word_1_36' title='bbox 494 413 795 463; x_wconf 86' lang='lat' dir='ltr'>computandum</span> <span class='ocrx_word' id='word_1_37' title='bbox 834 414 873 451; x_wconf 92' lang='lat' dir='ltr'>in</span> <span class='ocrx_word' id='word_1_38' title='bbox 916 414 1017 452; x_wconf 90' lang='lat' dir='ltr'>mille</span> <span class='ocrx_word' id='word_1_39' title='bbox 1050 415 1180 466; x_wconf 82' lang='lat' dir='ltr'>annis,</span> <span class='ocrx_word' id='word_1_40' title='bbox 1225 414 1291 452; x_wconf 92' lang='lat' dir='ltr'>sed</span> <span class='ocrx_word' id='word_1_41' title='bbox 1326 416 1381 452; x_wconf 92' lang='lat' dir='ltr'>eis</span> 
     </span>
     <span class='ocr_line' id='line_1_6' title="bbox 49 471 1382 524; baseline 0 -14"><span class='ocrx_word' id='word_1_42' title='bbox 49 472 218 523; x_wconf 88' lang='lat' dir='ltr'>impletis</span> <span class='ocrx_word' id='word_1_43' title='bbox 261 473 391 522; x_wconf 85' lang='lat' dir='ltr'>potius</span> <span class='ocrx_word' id='word_1_44' title='bbox 437 471 702 522; x_wconf 80' lang='lat' dir='ltr'>adiciendum,</span> <span class='ocrx_word' id='word_1_45' title='bbox 746 478 788 509; x_wconf 89' lang='lat' dir='ltr'>ut</span> <span class='ocrx_word' id='word_1_46' title='bbox 830 473 987 522; x_wconf 80' lang='lat' dir='ltr'>proprie</span> <span class='ocrx_word' id='word_1_47' title='bbox 1031 474 1155 523; x_wconf 84' lang='lat' dir='ltr'>possit</span> <span class='ocrx_word' id='word_1_48' title='bbox 1198 473 1382 524; x_wconf 80' lang='lat' dir='ltr'>intellegi,</span> 
     </span>
     <span class='ocr_line' id='line_1_7' title="bbox 50 530 1383 581; baseline 0.002 -14"><span class='ocrx_word' id='word_1_49' title='bbox 50 530 166 581; x_wconf 82' lang='lat' dir='ltr'>quod,</span> <span class='ocrx_word' id='word_1_50' title='bbox 198 542 287 568; x_wconf 89' lang='lat' dir='ltr'>cum</span> <span class='ocrx_word' id='word_1_51' title='bbox 319 530 496 568; x_wconf 85' lang='lat' dir='ltr'>dixisset:</span> <span class='ocrx_word' id='word_1_52' title='bbox 528 530 767 568; x_wconf 77' lang='lat' dir='ltr'>Sacerdotes</span> <span class='ocrx_word' id='word_1_53' title='bbox 799 531 876 568; x_wconf 73' lang='lat' dir='ltr'>Dei</span> <span class='ocrx_word' id='word_1_54' title='bbox 905 535 943 568; x_wconf 82' lang='lat' dir='ltr'>et</span> <span class='ocrx_word' id='word_1_55' title='bbox 978 531 1127 569; x_wconf 71' lang='lat' dir='ltr'>Christi</span> <span class='ocrx_word' id='word_1_56' title='bbox 1156 533 1383 579; x_wconf 56' lang='lat' dir='ltr'>regnabunt</span> 
     </span>
     <span class='ocr_line' id='line_1_8' title="bbox 51 588 1383 637; baseline 0.001 -10"><span class='ocrx_word' id='word_1_57' title='bbox 51 601 140 627; x_wconf 83' lang='lat' dir='ltr'>cum</span> <span class='ocrx_word' id='word_1_58' title='bbox 172 600 217 627; x_wconf 84' lang='lat' dir='ltr'>eo</span> <span class='ocrx_word' id='word_1_59' title='bbox 248 591 352 627; x_wconf 73' lang='lat' dir='ltr'>mille</span> <span class='ocrx_word' id='word_1_60' title='bbox 383 590 517 636; x_wconf 72' lang='lat' dir='ltr'>annis,</span> <span class='ocrx_word' id='word_1_61' title='bbox 555 588 711 626; x_wconf 88' lang='lat' dir='ltr'>adiecit:</span> <span class='ocrx_word' id='word_1_62' title='bbox 750 589 801 626; x_wconf 81' lang='lat' dir='ltr'>Et</span> <span class='ocrx_word' id='word_1_63' title='bbox 839 600 928 626; x_wconf 71' lang='lat' dir='ltr'>cum</span> <span class='ocrx_word' id='word_1_64' title='bbox 955 591 1065 635; x_wconf 69' lang='lat' dir='ltr'>finiti</span> <span class='ocrx_word' id='word_1_65' title='bbox 1090 588 1248 637; x_wconf 75' lang='lat' dir='ltr'>suerint</span> <span class='ocrx_word' id='word_1_66' title='bbox 1278 592 1383 628; x_wconf 76' lang='lat' dir='ltr'>mille</span> 
     </span>
     <span class='ocr_line' id='line_1_9' title="bbox 50 647 1381 694; baseline 0 -8"><span class='ocrx_word' id='word_1_67' title='bbox 50 650 165 694; x_wconf 74' lang='lat' dir='ltr'>anni,</span> <span class='ocrx_word' id='word_1_68' title='bbox 196 649 369 685; x_wconf 81' lang='lat' dir='ltr'>solvetur</span> <span class='ocrx_word' id='word_1_69' title='bbox 399 652 564 685; x_wconf 73' lang='lat' dir='ltr'>satanas</span> <span class='ocrx_word' id='word_1_70' title='bbox 597 648 646 684; x_wconf 81' lang='lat' dir='ltr'>de</span> <span class='ocrx_word' id='word_1_71' title='bbox 677 649 859 685; x_wconf 74' lang='lat' dir='ltr'>custodia</span> <span class='ocrx_word' id='word_1_72' title='bbox 890 659 987 692; x_wconf 53' lang='lat' dir='ltr'>sucu</span> <span class='ocrx_word' id='word_1_73' title='bbox 1024 649 1100 686; x_wconf 89' lang='lat' dir='ltr'>isto</span> <span class='ocrx_word' id='word_1_74' title='bbox 1132 650 1235 686; x_wconf 89' lang='lat' dir='ltr'>enim</span> <span class='ocrx_word' id='word_1_75' title='bbox 1268 647 1381 686; x_wconf 88' lang='lat' dir='ltr'>modo</span> 
     </span>
     <span class='ocr_line' id='line_1_10' title="bbox 51 705 1382 756; baseline 0.001 -13"><span class='ocrx_word' id='word_1_76' title='bbox 51 711 90 744; x_wconf 90' lang='lat' dir='ltr'>et</span> <span class='ocrx_word' id='word_1_77' title='bbox 121 717 285 756; x_wconf 90' lang='lat' dir='ltr'>regnum</span> <span class='ocrx_word' id='word_1_78' title='bbox 312 710 536 743; x_wconf 89' lang='lat' dir='ltr'>sanctorum</span> <span class='ocrx_word' id='word_1_79' title='bbox 568 711 607 742; x_wconf 88' lang='lat' dir='ltr'>et</span> <span class='ocrx_word' id='word_1_80' title='bbox 638 705 833 743; x_wconf 89' lang='lat' dir='ltr'>vinculum</span> <span class='ocrx_word' id='word_1_81' title='bbox 866 705 1006 743; x_wconf 84' lang='lat' dir='ltr'>diaboli</span> <span class='ocrx_word' id='word_1_82' title='bbox 1038 706 1153 744; x_wconf 91' lang='lat' dir='ltr'>simul</span> <span class='ocrx_word' id='word_1_83' title='bbox 1185 713 1382 744; x_wconf 79' lang='lat' dir='ltr'>cessatura</span> 
     </span>
     <span class='ocr_line' id='line_1_11' title="bbox 50 763 1381 815; baseline 0 -13"><span class='ocrx_word' id='word_1_84' title='bbox 50 776 134 802; x_wconf 88' lang='lat' dir='ltr'>esse</span> <span class='ocrx_word' id='word_1_85' title='bbox 168 764 377 815; x_wconf 74' lang='lat' dir='ltr'>significat,</span> <span class='ocrx_word' id='word_1_86' title='bbox 414 768 458 801; x_wconf 91' lang='lat' dir='ltr'>ut</span> <span class='ocrx_word' id='word_1_87' title='bbox 495 763 634 801; x_wconf 89' lang='lat' dir='ltr'>deinde</span> <span class='ocrx_word' id='word_1_88' title='bbox 672 765 956 814; x_wconf 81' lang='lat' dir='ltr'>persecutionis</span> <span class='ocrx_word' id='word_1_89' title='bbox 989 764 1092 802; x_wconf 90' lang='lat' dir='ltr'>illius</span> <span class='ocrx_word' id='word_1_90' title='bbox 1123 770 1277 815; x_wconf 88' lang='lat' dir='ltr'>tempus</span> <span class='ocrx_word' id='word_1_91' title='bbox 1309 777 1381 802; x_wconf 89' lang='lat' dir='ltr'>nec</span> 
     </span>
     <span class='ocr_line' id='line_1_12' title="bbox 50 821 1383 874; baseline 0.001 -14"><span class='ocrx_word' id='word_1_92' title='bbox 50 822 96 860; x_wconf 90' lang='lat' dir='ltr'>ad</span> <span class='ocrx_word' id='word_1_93' title='bbox 128 828 352 860; x_wconf 85' lang='lat' dir='ltr'>sanctorum</span> <span class='ocrx_word' id='word_1_94' title='bbox 385 833 549 872; x_wconf 88' lang='lat' dir='ltr'>regnum</span> <span class='ocrx_word' id='word_1_95' title='bbox 581 834 652 859; x_wconf 88' lang='lat' dir='ltr'>nec</span> <span class='ocrx_word' id='word_1_96' title='bbox 685 822 730 859; x_wconf 89' lang='lat' dir='ltr'>ad</span> <span class='ocrx_word' id='word_1_97' title='bbox 763 821 976 860; x_wconf 82' lang='lat' dir='ltr'>custodiam</span> <span class='ocrx_word' id='word_1_98' title='bbox 1009 829 1181 874; x_wconf 81' lang='lat' dir='ltr'>satanae,</span> <span class='ocrx_word' id='word_1_99' title='bbox 1214 835 1383 873; x_wconf 90' lang='lat' dir='ltr'>quorum</span> 
     </span>
     <span class='ocr_line' id='line_1_13' title="bbox 49 880 1382 931; baseline 0 -12"><span class='ocrx_word' id='word_1_100' title='bbox 49 886 260 930; x_wconf 88' lang='lat' dir='ltr'>utrumque</span> <span class='ocrx_word' id='word_1_101' title='bbox 293 882 333 918; x_wconf 93' lang='lat' dir='ltr'>in</span> <span class='ocrx_word' id='word_1_102' title='bbox 366 880 468 918; x_wconf 90' lang='lat' dir='ltr'>mille</span> <span class='ocrx_word' id='word_1_103' title='bbox 501 881 611 917; x_wconf 89' lang='lat' dir='ltr'>annis</span> <span class='ocrx_word' id='word_1_104' title='bbox 644 886 714 930; x_wconf 86' lang='lat' dir='ltr'>est,</span> <span class='ocrx_word' id='word_1_105' title='bbox 746 882 955 931; x_wconf 81' lang='lat' dir='ltr'>pertinere,</span> <span class='ocrx_word' id='word_1_106' title='bbox 989 881 1055 918; x_wconf 91' lang='lat' dir='ltr'>sed</span> <span class='ocrx_word' id='word_1_107' title='bbox 1089 881 1382 931; x_wconf 88' lang='lat' dir='ltr'>superadditum</span> 
     </span>
     <span class='ocr_line' id='line_1_14' title="bbox 50 938 1383 989; baseline 0 -12"><span class='ocrx_word' id='word_1_108' title='bbox 50 945 88 978; x_wconf 88' lang='lat' dir='ltr'>et</span> <span class='ocrx_word' id='word_1_109' title='bbox 139 944 247 977; x_wconf 84' lang='lat' dir='ltr'>extra</span> <span class='ocrx_word' id='word_1_110' title='bbox 297 938 599 989; x_wconf 88' lang='lat' dir='ltr'>computandum</span> <span class='ocrx_word' id='word_1_111' title='bbox 650 950 734 975; x_wconf 89' lang='lat' dir='ltr'>esse</span> <span class='ocrx_word' id='word_1_112' title='bbox 785 938 985 977; x_wconf 86' lang='lat' dir='ltr'>credatur:</span> <span class='ocrx_word' id='word_1_113' title='bbox 1035 951 1220 989; x_wconf 81' lang='lat' dir='ltr'>cogemur</span> <span class='ocrx_word' id='word_1_114' title='bbox 1270 940 1383 977; x_wconf 79' lang='lat' dir='ltr'>fateri</span> 
     </span>
     <span class='ocr_line' id='line_1_15' title="bbox 49 996 1382 1047; baseline -0.001 -11"><span class='ocrx_word' id='word_1_115' title='bbox 49 1003 204 1036; x_wconf 85' lang='lat' dir='ltr'>sanctos</span> <span class='ocrx_word' id='word_1_116' title='bbox 246 998 286 1035; x_wconf 92' lang='lat' dir='ltr'>in</span> <span class='ocrx_word' id='word_1_117' title='bbox 330 996 392 1034; x_wconf 89' lang='lat' dir='ltr'>illa</span> <span class='ocrx_word' id='word_1_118' title='bbox 440 997 713 1047; x_wconf 89' lang='lat' dir='ltr'>persecutione</span> <span class='ocrx_word' id='word_1_119' title='bbox 767 1002 998 1047; x_wconf 85' lang='lat' dir='ltr'>regnaturos</span> <span class='ocrx_word' id='word_1_120' title='bbox 1042 1009 1119 1035; x_wconf 91' lang='lat' dir='ltr'>non</span> <span class='ocrx_word' id='word_1_121' title='bbox 1164 1009 1249 1035; x_wconf 89' lang='lat' dir='ltr'>esse</span> <span class='ocrx_word' id='word_1_122' title='bbox 1294 1009 1382 1036; x_wconf 90' lang='lat' dir='ltr'>cum</span> 
     </span>
     <span class='ocr_line' id='line_1_16' title="bbox 50 1054 1381 1106; baseline 0 -12"><span class='ocrx_word' id='word_1_123' title='bbox 50 1055 214 1094; x_wconf 88' lang='lat' dir='ltr'>Christo.</span> <span class='ocrx_word' id='word_1_124' title='bbox 290 1055 366 1093; x_wconf 89' lang='lat' dir='ltr'>Sed</span> <span class='ocrx_word' id='word_1_125' title='bbox 404 1056 491 1105; x_wconf 85' lang='lat' dir='ltr'>quis</span> <span class='ocrx_word' id='word_1_126' title='bbox 529 1054 661 1093; x_wconf 86' lang='lat' dir='ltr'>audiat</span> <span class='ocrx_word' id='word_1_127' title='bbox 698 1060 790 1093; x_wconf 88' lang='lat' dir='ltr'>tunc</span> <span class='ocrx_word' id='word_1_128' title='bbox 829 1067 918 1093; x_wconf 90' lang='lat' dir='ltr'>cum</span> <span class='ocrx_word' id='word_1_129' title='bbox 954 1055 1018 1092; x_wconf 90' lang='lat' dir='ltr'>illo</span> <span class='ocrx_word' id='word_1_130' title='bbox 1058 1068 1134 1093; x_wconf 92' lang='lat' dir='ltr'>non</span> <span class='ocrx_word' id='word_1_131' title='bbox 1173 1062 1381 1106; x_wconf 87' lang='lat' dir='ltr'>regnatura</span> 
     </span>
     <span class='ocr_line' id='line_1_17' title="bbox 49 1113 1379 1164; baseline 0 -12"><span class='ocrx_word' id='word_1_132' title='bbox 49 1126 118 1152; x_wconf 89' lang='lat' dir='ltr'>sua</span> <span class='ocrx_word' id='word_1_133' title='bbox 150 1113 335 1164; x_wconf 80' lang='lat' dir='ltr'>membra,</span> <span class='ocrx_word' id='word_1_134' title='bbox 369 1114 521 1164; x_wconf 89' lang='lat' dir='ltr'>quando</span> <span class='ocrx_word' id='word_1_135' title='bbox 549 1114 585 1151; x_wconf 88' lang='lat' dir='ltr'>ei</span> <span class='ocrx_word' id='word_1_136' title='bbox 612 1115 774 1151; x_wconf 78' lang='lat' dir='ltr'>maxime</span> <span class='ocrx_word' id='word_1_137' title='bbox 807 1118 921 1163; x_wconf 86' lang='lat' dir='ltr'>atque</span> <span class='ocrx_word' id='word_1_138' title='bbox 955 1114 1165 1152; x_wconf 80' lang='lat' dir='ltr'>fortissime</span> <span class='ocrx_word' id='word_1_139' title='bbox 1199 1115 1379 1152; x_wconf 80' lang='lat' dir='ltr'>cohaere-</span> 
     </span>
     <span class='ocr_line' id='line_1_18' title="bbox 47 1172 1382 1224; baseline 0 -14"><span class='ocrx_word' id='word_1_140' title='bbox 47 1172 164 1224; x_wconf 78' lang='lat' dir='ltr'>bunt,</span> <span class='ocrx_word' id='word_1_141' title='bbox 203 1178 242 1210; x_wconf 84' lang='lat' dir='ltr'>et</span> <span class='ocrx_word' id='word_1_142' title='bbox 280 1184 356 1222; x_wconf 89' lang='lat' dir='ltr'>quo</span> <span class='ocrx_word' id='word_1_143' title='bbox 395 1177 591 1223; x_wconf 86' lang='lat' dir='ltr'>tempore,</span> <span class='ocrx_word' id='word_1_144' title='bbox 632 1177 776 1221; x_wconf 88' lang='lat' dir='ltr'>quanto</span> <span class='ocrx_word' id='word_1_145' title='bbox 816 1173 890 1210; x_wconf 90' lang='lat' dir='ltr'>erit</span> <span class='ocrx_word' id='word_1_146' title='bbox 922 1174 1048 1210; x_wconf 87' lang='lat' dir='ltr'>acrior</span> <span class='ocrx_word' id='word_1_147' title='bbox 1079 1174 1248 1223; x_wconf 85' lang='lat' dir='ltr'>impetus</span> <span class='ocrx_word' id='word_1_148' title='bbox 1280 1173 1382 1224; x_wconf 83' lang='lat' dir='ltr'>belli,</span> 
     </span>
     <span class='ocr_line' id='line_1_19' title="bbox 49 1230 1380 1281; baseline 0 -12"><span class='ocrx_word' id='word_1_149' title='bbox 49 1236 156 1269; x_wconf 88' lang='lat' dir='ltr'>tanto</span> <span class='ocrx_word' id='word_1_150' title='bbox 183 1231 305 1269; x_wconf 87' lang='lat' dir='ltr'>maior</span> <span class='ocrx_word' id='word_1_151' title='bbox 332 1230 453 1280; x_wconf 86' lang='lat' dir='ltr'>gloria</span> <span class='ocrx_word' id='word_1_152' title='bbox 478 1242 556 1268; x_wconf 90' lang='lat' dir='ltr'>non</span> <span class='ocrx_word' id='word_1_153' title='bbox 583 1230 758 1281; x_wconf 74' lang='lat' dir='ltr'>cedendi,</span> <span class='ocrx_word' id='word_1_154' title='bbox 790 1236 896 1268; x_wconf 89' lang='lat' dir='ltr'>tanto</span> <span class='ocrx_word' id='word_1_155' title='bbox 924 1230 1082 1268; x_wconf 85' lang='lat' dir='ltr'>densior</span> <span class='ocrx_word' id='word_1_156' title='bbox 1107 1243 1249 1269; x_wconf 89' lang='lat' dir='ltr'>corona</span> <span class='ocrx_word' id='word_1_157' title='bbox 1282 1243 1380 1269; x_wconf 88' lang='lat' dir='ltr'>mar-</span> 
     </span>
     <span class='ocr_line' id='line_1_20' title="bbox 48 1286 1382 1341; baseline 0 -14"><span class='ocrx_word' id='word_1_158' title='bbox 48 1286 167 1340; x_wconf 72' lang='lat' dir='ltr'>tyrii?</span> <span class='ocrx_word' id='word_1_159' title='bbox 222 1290 298 1326; x_wconf 90' lang='lat' dir='ltr'>Aut</span> <span class='ocrx_word' id='word_1_160' title='bbox 342 1290 375 1326; x_wconf 90' lang='lat' dir='ltr'>si</span> <span class='ocrx_word' id='word_1_161' title='bbox 415 1294 575 1339; x_wconf 88' lang='lat' dir='ltr'>propter</span> <span class='ocrx_word' id='word_1_162' title='bbox 618 1288 907 1340; x_wconf 66' lang='lat' dir='ltr'>tribulationes,</span> <span class='ocrx_word' id='word_1_163' title='bbox 948 1301 1042 1339; x_wconf 85' lang='lat' dir='ltr'>quas</span> <span class='ocrx_word' id='word_1_164' title='bbox 1083 1291 1237 1339; x_wconf 85' lang='lat' dir='ltr'>passuri</span> <span class='ocrx_word' id='word_1_165' title='bbox 1279 1295 1382 1341; x_wconf 70' lang='lat' dir='ltr'>sunt,</span> 
     </span>
     <span class='ocr_line' id='line_1_21' title="bbox 51 1347 1380 1399; baseline 0 -14"><span class='ocrx_word' id='word_1_166' title='bbox 51 1359 127 1385; x_wconf 90' lang='lat' dir='ltr'>non</span> <span class='ocrx_word' id='word_1_167' title='bbox 173 1347 324 1385; x_wconf 86' lang='lat' dir='ltr'>dicendi</span> <span class='ocrx_word' id='word_1_168' title='bbox 367 1352 458 1384; x_wconf 90' lang='lat' dir='ltr'>sunt</span> <span class='ocrx_word' id='word_1_169' title='bbox 498 1348 714 1396; x_wconf 80' lang='lat' dir='ltr'>regnaturi:</span> <span class='ocrx_word' id='word_1_170' title='bbox 756 1359 1000 1397; x_wconf 80' lang='lat' dir='ltr'>consequens</span> <span class='ocrx_word' id='word_1_171' title='bbox 1041 1349 1136 1399; x_wconf 81' lang='lat' dir='ltr'>erit,</span> <span class='ocrx_word' id='word_1_172' title='bbox 1179 1354 1223 1386; x_wconf 91' lang='lat' dir='ltr'>ut</span> <span class='ocrx_word' id='word_1_173' title='bbox 1267 1350 1380 1386; x_wconf 87' lang='lat' dir='ltr'>etiam</span> 
     </span>
     <span class='ocr_line' id='line_1_22' title="bbox 50 1404 1381 1457; baseline 0.001 -14"><span class='ocrx_word' id='word_1_174' title='bbox 50 1404 319 1456; x_wconf 87' lang='lat' dir='ltr'>superioribus</span> <span class='ocrx_word' id='word_1_175' title='bbox 361 1404 498 1443; x_wconf 88' lang='lat' dir='ltr'>diebus</span> <span class='ocrx_word' id='word_1_176' title='bbox 545 1406 585 1442; x_wconf 89' lang='lat' dir='ltr'>in</span> <span class='ocrx_word' id='word_1_177' title='bbox 629 1405 774 1443; x_wconf 89' lang='lat' dir='ltr'>eisdem</span> <span class='ocrx_word' id='word_1_178' title='bbox 818 1405 920 1443; x_wconf 90' lang='lat' dir='ltr'>mille</span> <span class='ocrx_word' id='word_1_179' title='bbox 965 1407 1094 1457; x_wconf 79' lang='lat' dir='ltr'>annis7</span> <span class='ocrx_word' id='word_1_180' title='bbox 1145 1407 1381 1456; x_wconf 84' lang='lat' dir='ltr'>quicumque</span> 
     </span>
     <span class='ocr_line' id='line_1_23' title="bbox 50 1463 1382 1514; baseline 0 -12"><span class='ocrx_word' id='word_1_181' title='bbox 50 1463 335 1502; x_wconf 83' lang='lat' dir='ltr'>tribulabantur</span> <span class='ocrx_word' id='word_1_182' title='bbox 381 1469 623 1514; x_wconf 73' lang='lat' dir='ltr'>sanctorum,</span> <span class='ocrx_word' id='word_1_183' title='bbox 673 1476 718 1501; x_wconf 89' lang='lat' dir='ltr'>eo</span> <span class='ocrx_word' id='word_1_184' title='bbox 762 1465 845 1514; x_wconf 88' lang='lat' dir='ltr'>ipso</span> <span class='ocrx_word' id='word_1_185' title='bbox 895 1469 1069 1514; x_wconf 89' lang='lat' dir='ltr'>tempore</span> <span class='ocrx_word' id='word_1_186' title='bbox 1119 1464 1382 1503; x_wconf 87' lang='lat' dir='ltr'>tribulationis</span> 
     </span>
     <span class='ocr_line' id='line_1_24' title="bbox 50 1521 1383 1574; baseline 0.001 -14"><span class='ocrx_word' id='word_1_187' title='bbox 50 1534 142 1561; x_wconf 87' lang='lat' dir='ltr'>suae</span> <span class='ocrx_word' id='word_1_188' title='bbox 181 1534 270 1560; x_wconf 87' lang='lat' dir='ltr'>cum</span> <span class='ocrx_word' id='word_1_189' title='bbox 303 1521 457 1559; x_wconf 82' lang='lat' dir='ltr'>Christo</span> <span class='ocrx_word' id='word_1_190' title='bbox 498 1533 575 1559; x_wconf 93' lang='lat' dir='ltr'>non</span> <span class='ocrx_word' id='word_1_191' title='bbox 607 1533 790 1571; x_wconf 84' lang='lat' dir='ltr'>regnasse</span> <span class='ocrx_word' id='word_1_192' title='bbox 828 1522 1023 1573; x_wconf 81' lang='lat' dir='ltr'>dicantur3</span> <span class='ocrx_word' id='word_1_193' title='bbox 1062 1534 1105 1560; x_wconf 87' lang='lat' dir='ltr'>ac</span> <span class='ocrx_word' id='word_1_194' title='bbox 1136 1535 1207 1574; x_wconf 89' lang='lat' dir='ltr'>per</span> <span class='ocrx_word' id='word_1_195' title='bbox 1238 1523 1311 1561; x_wconf 91' lang='lat' dir='ltr'>hoc</span> <span class='ocrx_word' id='word_1_196' title='bbox 1344 1529 1383 1561; x_wconf 86' lang='lat' dir='ltr'>et</span> 
     </span>
     <span class='ocr_line' id='line_1_25' title="bbox 48 1579 1382 1632; baseline 0.001 -14"><span class='ocrx_word' id='word_1_197' title='bbox 48 1580 120 1632; x_wconf 84' lang='lat' dir='ltr'>illi,</span> <span class='ocrx_word' id='word_1_198' title='bbox 160 1592 327 1631; x_wconf 90' lang='lat' dir='ltr'>quorum</span> <span class='ocrx_word' id='word_1_199' title='bbox 366 1582 512 1617; x_wconf 84' lang='lat' dir='ltr'>animas</span> <span class='ocrx_word' id='word_1_200' title='bbox 552 1585 688 1618; x_wconf 87' lang='lat' dir='ltr'>auctor</span> <span class='ocrx_word' id='word_1_201' title='bbox 729 1579 816 1617; x_wconf 91' lang='lat' dir='ltr'>libri</span> <span class='ocrx_word' id='word_1_202' title='bbox 848 1580 965 1618; x_wconf 91' lang='lat' dir='ltr'>huius</span> <span class='ocrx_word' id='word_1_203' title='bbox 998 1580 1138 1618; x_wconf 90' lang='lat' dir='ltr'>vidisse</span> <span class='ocrx_word' id='word_1_204' title='bbox 1172 1593 1212 1619; x_wconf 88' lang='lat' dir='ltr'>se</span> <span class='ocrx_word' id='word_1_205' title='bbox 1246 1581 1382 1619; x_wconf 90' lang='lat' dir='ltr'>scribit</span> 
     </span>
     <span class='ocr_line' id='line_1_26' title="bbox 51 1638 1380 1689; baseline 0.001 -13"><span class='ocrx_word' id='word_1_206' title='bbox 51 1640 272 1677; x_wconf 86' lang='lat' dir='ltr'>occisorum</span> <span class='ocrx_word' id='word_1_207' title='bbox 308 1644 469 1689; x_wconf 90' lang='lat' dir='ltr'>propter</span> <span class='ocrx_word' id='word_1_208' title='bbox 507 1639 772 1676; x_wconf 87' lang='lat' dir='ltr'>testimonium</span> <span class='ocrx_word' id='word_1_209' title='bbox 810 1638 897 1676; x_wconf 90' lang='lat' dir='ltr'>Iesu</span> <span class='ocrx_word' id='word_1_210' title='bbox 940 1643 978 1676; x_wconf 91' lang='lat' dir='ltr'>et</span> <span class='ocrx_word' id='word_1_211' title='bbox 1022 1644 1182 1689; x_wconf 86' lang='lat' dir='ltr'>propter</span> <span class='ocrx_word' id='word_1_212' title='bbox 1219 1639 1380 1677; x_wconf 90' lang='lat' dir='ltr'>verbum</span> 
     </span>
     <span class='ocr_line' id='line_1_27' title="bbox 51 1696 1380 1748; baseline 0 -13"><span class='ocrx_word' id='word_1_213' title='bbox 51 1696 132 1747; x_wconf 82' lang='lat' dir='ltr'>Dei,</span> <span class='ocrx_word' id='word_1_214' title='bbox 164 1708 242 1734; x_wconf 91' lang='lat' dir='ltr'>non</span> <span class='ocrx_word' id='word_1_215' title='bbox 274 1696 488 1746; x_wconf 84' lang='lat' dir='ltr'>regnabant</span> <span class='ocrx_word' id='word_1_216' title='bbox 519 1708 607 1734; x_wconf 90' lang='lat' dir='ltr'>cum</span> <span class='ocrx_word' id='word_1_217' title='bbox 634 1696 799 1747; x_wconf 77' lang='lat' dir='ltr'>Christo,</span> <span class='ocrx_word' id='word_1_218' title='bbox 832 1697 985 1746; x_wconf 89' lang='lat' dir='ltr'>quando</span> <span class='ocrx_word' id='word_1_219' title='bbox 1016 1696 1263 1747; x_wconf 86' lang='lat' dir='ltr'>patiebantur</span> <span class='ocrx_word' id='word_1_220' title='bbox 1293 1710 1380 1748; x_wconf 90' lang='lat' dir='ltr'>per-</span> 
     </span>
     <span class='ocr_line' id='line_1_28' title="bbox 52 1754 1381 1807; baseline 0.002 -15"><span class='ocrx_word' id='word_1_221' title='bbox 52 1756 313 1806; x_wconf 79' lang='lat' dir='ltr'>secutionem,</span> <span class='ocrx_word' id='word_1_222' title='bbox 364 1760 402 1792; x_wconf 85' lang='lat' dir='ltr'>et</span> <span class='ocrx_word' id='word_1_223' title='bbox 449 1755 524 1804; x_wconf 92' lang='lat' dir='ltr'>ipsi</span> <span class='ocrx_word' id='word_1_224' title='bbox 572 1766 735 1804; x_wconf 88' lang='lat' dir='ltr'>regnum</span> <span class='ocrx_word' id='word_1_225' title='bbox 780 1754 924 1792; x_wconf 88' lang='lat' dir='ltr'>Christi</span> <span class='ocrx_word' id='word_1_226' title='bbox 975 1767 1051 1793; x_wconf 91' lang='lat' dir='ltr'>non</span> <span class='ocrx_word' id='word_1_227' title='bbox 1101 1761 1234 1807; x_wconf 88' lang='lat' dir='ltr'>erant,</span> <span class='ocrx_word' id='word_1_228' title='bbox 1283 1768 1381 1806; x_wconf 88' lang='lat' dir='ltr'>quos</span> 
     </span>
     <span class='ocr_line' id='line_1_29' title="bbox 51 1812 1379 1864; baseline 0.001 -13"><span class='ocrx_word' id='word_1_229' title='bbox 51 1812 230 1851; x_wconf 91' lang='lat' dir='ltr'>Christus</span> <span class='ocrx_word' id='word_1_230' title='bbox 268 1812 523 1850; x_wconf 83' lang='lat' dir='ltr'>excellentius</span> <span class='ocrx_word' id='word_1_231' title='bbox 560 1812 792 1863; x_wconf 87' lang='lat' dir='ltr'>possidebat.</span> <span class='ocrx_word' id='word_1_232' title='bbox 855 1812 1187 1851; x_wconf 85' lang='lat' dir='ltr'>Absurdissimum</span> <span class='ocrx_word' id='word_1_233' title='bbox 1227 1814 1264 1851; x_wconf 90' lang='lat' dir='ltr'>id</span> <span class='ocrx_word' id='word_1_234' title='bbox 1298 1816 1379 1864; x_wconf 61' lang='lat' dir='ltr'>qui&lt;</span> 
     </span>
     <span class='ocr_line' id='line_1_30' title="bbox 50 1870 1379 1911; baseline 0.002 -3"><span class='ocrx_word' id='word_1_235' title='bbox 50 1872 137 1909; x_wconf 89' lang='lat' dir='ltr'>dem</span> <span class='ocrx_word' id='word_1_236' title='bbox 164 1876 203 1909; x_wconf 90' lang='lat' dir='ltr'>et</span> <span class='ocrx_word' id='word_1_237' title='bbox 228 1873 333 1908; x_wconf 91' lang='lat' dir='ltr'>omni</span> <span class='ocrx_word' id='word_1_238' title='bbox 359 1870 472 1908; x_wconf 88' lang='lat' dir='ltr'>modo</span> <span class='ocrx_word' id='word_1_239' title='bbox 500 1871 766 1909; x_wconf 89' lang='lat' dir='ltr'>aversandum.</span> <span class='ocrx_word' id='word_1_240' title='bbox 829 1870 904 1909; x_wconf 87' lang='lat' dir='ltr'>Sed</span> <span class='ocrx_word' id='word_1_241' title='bbox 932 1877 1037 1909; x_wconf 90' lang='lat' dir='ltr'>certe</span> <span class='ocrx_word' id='word_1_242' title='bbox 1071 1873 1218 1909; x_wconf 84' lang='lat' dir='ltr'>animae</span> <span class='ocrx_word' id='word_1_243' title='bbox 1252 1874 1379 1911; x_wconf 90' lang='lat' dir='ltr'>victri-</span> 
     </span>
     <span class='ocr_line' id='line_1_31' title="bbox 50 1929 1380 1980; baseline 0.001 -13"><span class='ocrx_word' id='word_1_244' title='bbox 50 1942 114 1967; x_wconf 87' lang='lat' dir='ltr'>ces</span> <span class='ocrx_word' id='word_1_245' title='bbox 164 1929 532 1980; x_wconf 88' lang='lat' dir='ltr'>gloriosissimorum</span> <span class='ocrx_word' id='word_1_246' title='bbox 590 1935 804 1979; x_wconf 81' lang='lat' dir='ltr'>martyrum</span> <span class='ocrx_word' id='word_1_247' title='bbox 860 1929 1039 1967; x_wconf 89' lang='lat' dir='ltr'>omnibus</span> <span class='ocrx_word' id='word_1_248' title='bbox 1090 1929 1288 1968; x_wconf 89' lang='lat' dir='ltr'>doloribus</span> <span class='ocrx_word' id='word_1_249' title='bbox 1338 1943 1380 1969; x_wconf 89' lang='lat' dir='ltr'>ac</span> 
     </span>
     <span class='ocr_line' id='line_1_32' title="bbox 49 1987 1380 2039; baseline 0.002 -14"><span class='ocrx_word' id='word_1_250' title='bbox 49 1987 248 2025; x_wconf 88' lang='lat' dir='ltr'>laboribus</span> <span class='ocrx_word' id='word_1_251' title='bbox 289 1989 482 2037; x_wconf 86' lang='lat' dir='ltr'>superatis</span> <span class='ocrx_word' id='word_1_252' title='bbox 524 1994 638 2037; x_wconf 85' lang='lat' dir='ltr'>atque</span> <span class='ocrx_word' id='word_1_253' title='bbox 689 1988 828 2039; x_wconf 85' lang='lat' dir='ltr'>finitis,</span> <span class='ocrx_word' id='word_1_254' title='bbox 869 1993 1003 2038; x_wconf 87' lang='lat' dir='ltr'>postea</span> <span class='ocrx_word' id='word_1_255' title='bbox 1047 2000 1161 2038; x_wconf 85' lang='lat' dir='ltr'>quam</span> <span class='ocrx_word' id='word_1_256' title='bbox 1207 1989 1380 2027; x_wconf 86' lang='lat' dir='ltr'>mortalia</span> 
     </span>
     <span class='ocr_line' id='line_1_33' title="bbox 50 2045 1382 2097; baseline 0.002 -14"><span class='ocrx_word' id='word_1_257' title='bbox 50 2045 224 2083; x_wconf 89' lang='lat' dir='ltr'>membra</span> <span class='ocrx_word' id='word_1_258' title='bbox 261 2051 498 2097; x_wconf 80' lang='lat' dir='ltr'>posuerunt,</span> <span class='ocrx_word' id='word_1_259' title='bbox 543 2058 630 2083; x_wconf 90' lang='lat' dir='ltr'>cum</span> <span class='ocrx_word' id='word_1_260' title='bbox 670 2045 824 2084; x_wconf 85' lang='lat' dir='ltr'>Christo</span> <span class='ocrx_word' id='word_1_261' title='bbox 868 2047 1003 2096; x_wconf 89' lang='lat' dir='ltr'>utique</span> <span class='ocrx_word' id='word_1_262' title='bbox 1045 2052 1306 2096; x_wconf 84' lang='lat' dir='ltr'>regnaverunt</span> <span class='ocrx_word' id='word_1_263' title='bbox 1344 2053 1382 2086; x_wconf 88' lang='lat' dir='ltr'>et</span> 
     </span>
     <span class='ocr_line' id='line_1_34' title="bbox 50 2103 1381 2156; baseline 0.002 -15"><span class='ocrx_word' id='word_1_264' title='bbox 50 2109 234 2154; x_wconf 86' lang='lat' dir='ltr'>regnant,</span> <span class='ocrx_word' id='word_1_265' title='bbox 278 2103 401 2141; x_wconf 88' lang='lat' dir='ltr'>donec</span> <span class='ocrx_word' id='word_1_266' title='bbox 442 2105 625 2142; x_wconf 89' lang='lat' dir='ltr'>finiantur</span> <span class='ocrx_word' id='word_1_267' title='bbox 665 2104 766 2142; x_wconf 86' lang='lat' dir='ltr'>mllle</span> <span class='ocrx_word' id='word_1_268' title='bbox 804 2106 914 2152; x_wconf 85' lang='lat' dir='ltr'>anni,</span> <span class='ocrx_word' id='word_1_269' title='bbox 959 2110 1001 2142; x_wconf 92' lang='lat' dir='ltr'>ut</span> <span class='ocrx_word' id='word_1_270' title='bbox 1038 2110 1172 2155; x_wconf 85' lang='lat' dir='ltr'>postea</span> <span class='ocrx_word' id='word_1_271' title='bbox 1212 2108 1381 2156; x_wconf 85' lang='lat' dir='ltr'>receptis</span> 
     </span>
    </p>
   </div>
   <div class='ocr_carea' id='block_1_3' title="bbox 126 2190 327 2192">
    <p class='ocr_par' dir='ltr' id='par_1_3' title="bbox 126 2190 327 2192">
     <span class='ocr_line' id='line_1_35' title="bbox 126 2190 327 2192; baseline 0 0"><span class='ocrx_word' id='word_1_272' title='bbox 126 2190 327 2192; x_wconf 95' lang='lat' dir='ltr'> </span> 
     </span>
    </p>
   </div>
   <div class='ocr_carea' id='block_1_4' title="bbox 48 2226 1382 2363">
    <p class='ocr_par' dir='ltr' id='par_1_4' title="bbox 48 2226 1382 2363">
     <span class='ocr_line' id='line_1_36' title="bbox 144 2226 1382 2272; baseline 0.004 -13"><span class='ocrx_word' id='word_1_273' title='bbox 144 2230 161 2259; x_wconf 88' lang='lat'>1</span> <span class='ocrx_word' id='word_1_274' title='bbox 188 2236 380 2260; x_wconf 86' lang='lat' dir='ltr'>mensuum</span> <span class='ocrx_word' id='word_1_275' title='bbox 405 2226 477 2260; x_wconf 73' lang='grc' dir='ltr'>ΕΑ</span> <span class='ocrx_word' id='word_1_276' title='bbox 502 2228 583 2269; x_wconf 74' lang='lat' dir='ltr'>(eol.</span> <span class='ocrx_word' id='word_1_277' title='bbox 612 2228 649 2270; x_wconf 83' lang='lat' dir='ltr'>I,</span> <span class='ocrx_word' id='word_1_278' title='bbox 675 2231 757 2270; x_wconf 85' lang='lat'><em>530,</em></span> <span class='ocrx_word' id='word_1_279' title='bbox 783 2231 829 2262; x_wconf 87' lang='lat'>17</span> <span class='ocrx_word' id='word_1_280' title='bbox 837 2241 849 2269; x_wconf 62' lang='lat'>‚⁴</span> <span class='ocrx_word' id='word_1_281' title='bbox 874 2228 975 2262; x_wconf 75' lang='lat' dir='ltr'>Neue</span> <span class='ocrx_word' id='word_1_282' title='bbox 996 2229 1023 2261; x_wconf 93' lang='lat' dir='ltr'><strong><em>I</em></strong></span> <span class='ocrx_word' id='word_1_283' title='bbox 1033 2239 1072 2272; x_wconf 67' lang='grc' dir='ltr'>Ρ.</span> <span class='ocrx_word' id='word_1_284' title='bbox 1100 2232 1193 2271; x_wconf 80' lang='lat'><em>265;</em></span> <span class='ocrx_word' id='word_1_285' title='bbox 1220 2229 1382 2265; x_wconf 74' lang='lat' dir='ltr'>Roemsch</span> 
     </span>
     <span class='ocr_line' id='line_1_37' title="bbox 50 2272 1382 2319; baseline 0.004 -13"><span class='ocrx_word' id='word_1_286' title='bbox 50 2272 158 2307; x_wconf 68' lang='grc' dir='ltr'>Ιτοιῐ.2</span> <span class='ocrx_word' id='word_1_287' title='bbox 182 2283 222 2316; x_wconf 76' lang='lat' dir='ltr'>p.</span> <span class='ocrx_word' id='word_1_288' title='bbox 256 2275 349 2315; x_wconf 77' lang='lat'><em>265)</em></span> <span class='ocrx_word' id='word_1_289' title='bbox 384 2275 396 2317; x_wconf 80' lang='grc' dir='ltr'>ΙΙ</span> <span class='ocrx_word' id='word_1_290' title='bbox 434 2277 475 2307; x_wconf 85' lang='grc'><strong>15</strong></span> <span class='ocrx_word' id='word_1_291' title='bbox 509 2274 636 2308; x_wconf 68' lang='lat' dir='ltr'>audiat</span> <span class='ocrx_word' id='word_1_292' title='bbox 659 2274 845 2309; x_wconf 69' lang='lat' dir='ltr'>RAPm-r.</span> <span class='ocrx_word' id='word_1_293' title='bbox 873 2274 892 2308; x_wconf 76' lang='lat'>‚9</span> <span class='ocrx_word' id='word_1_294' title='bbox 917 2276 1051 2319; x_wconf 74' lang='lat' dir='ltr'>(proyr.</span> <span class='ocrx_word' id='word_1_295' title='bbox 1072 2286 1113 2319; x_wconf 76' lang='lat' dir='ltr'>p.</span> <span class='ocrx_word' id='word_1_296' title='bbox 1140 2279 1222 2319; x_wconf 82' lang='lat'><em>10),·</em></span> <span class='ocrx_word' id='word_1_297' title='bbox 1248 2277 1382 2312; x_wconf 78' lang='lat' dir='ltr'>audeat</span> 
     </span>
     <span class='ocr_line' id='line_1_38' title="bbox 48 2318 655 2363; baseline 0.003 -11"><span class='ocrx_word' id='word_1_298' title='bbox 48 2318 168 2353; x_wconf 83' lang='lat' dir='ltr'>dicere</span> <span class='ocrx_word' id='word_1_299' title='bbox 194 2330 214 2353; x_wconf 82' lang='lat' dir='ltr'><em>v</em></span> <span class='ocrx_word' id='word_1_300' title='bbox 233 2321 245 2363; x_wconf 79' lang='grc' dir='ltr'>ΙΙ</span> <span class='ocrx_word' id='word_1_301' title='bbox 264 2323 306 2353; x_wconf 75' lang='lat'>22</span> <span class='ocrx_word' id='word_1_302' title='bbox 334 2319 559 2354; x_wconf 75' lang='lat' dir='ltr'>tribulantur</span> <span class='ocrx_word' id='word_1_303' title='bbox 584 2321 655 2354; x_wconf 75' lang='grc' dir='ltr'>ΒΑ</span> 
     </span>
    </p>
   </div>
   <div class='ocr_carea' id='block_1_5' title="bbox 1409 785 1452 815">
    <p class='ocr_par' dir='ltr' id='par_1_5' title="bbox 1409 785 1452 815">
     <span class='ocr_line' id='line_1_39' title="bbox 1409 785 1452 815; baseline 0.023 -1"><span class='ocrx_word' id='word_1_304' title='bbox 1409 785 1452 815; x_wconf 94' lang='grc'>10</span> 
     </span>
    </p>
   </div>
   <div class='ocr_carea' id='block_1_6' title="bbox 1409 1076 1450 1106">
    <p class='ocr_par' dir='ltr' id='par_1_6' title="bbox 1409 1076 1450 1106">
     <span class='ocr_line' id='line_1_40' title="bbox 1409 1076 1450 1106; baseline 0.024 -1"><span class='ocrx_word' id='word_1_305' title='bbox 1409 1076 1450 1106; x_wconf 84' lang='grc'><strong>15</strong></span> 
     </span>
    </p>
   </div>
   <div class='ocr_carea' id='block_1_7' title="bbox 1409 1368 1452 1399">
    <p class='ocr_par' dir='ltr' id='par_1_7' title="bbox 1409 1368 1452 1399">
     <span class='ocr_line' id='line_1_41' title="bbox 1409 1368 1452 1399; baseline 0.023 -1"><span class='ocrx_word' id='word_1_306' title='bbox 1409 1368 1452 1399; x_wconf 80' lang='lat'>20</span> 
     </span>
    </p>
   </div>
   <div class='ocr_carea' id='block_1_8' title="bbox 1407 1659 1450 1689">
    <p class='ocr_par' dir='ltr' id='par_1_8' title="bbox 1407 1659 1450 1689">
     <span class='ocr_line' id='line_1_42' title="bbox 1407 1659 1450 1689; baseline 0 0"><span class='ocrx_word' id='word_1_307' title='bbox 1407 1659 1450 1689; x_wconf 79' lang='lat'>25</span> 
     </span>
    </p>
   </div>
   <div class='ocr_carea' id='block_1_9' title="bbox 1407 1952 1451 1982">
    <p class='ocr_par' dir='ltr' id='par_1_9' title="bbox 1407 1952 1451 1982">
     <span class='ocr_line' id='line_1_43' title="bbox 1407 1952 1451 1982; baseline 0 0"><span class='ocrx_word' id='word_1_308' title='bbox 1407 1952 1451 1982; x_wconf 85' lang='lat'>30</span> 
     </span>
    </p>
   </div>
  </div>
 </body>
</html>
