1548 2562
447 158 496 182 DE
517 157 704 182 CIVITATE
722 157 793 183 DEI
811 157 843 183 L.
864 158 929 183 xx.
949 158 979 183 c.
1000 159 1025 184 τ.
1297 149 1381 189 421

53 258 147 284 num
180 245 339 296 saeculi,
378 245 479 283 mille
513 257 633 283 annos
665 246 913 295 appellaverit
951 258 996 284 eo
1034 246 1219 297 loquendi
1257 246 1384 299 modo,

53 316 129 354 quo
170 316 259 355 pars
300 304 539 353 significatur
579 315 599 341 a
637 309 737 355 toto,
775 310 841 342 aut
868 310 983 343 “certe
1023 305 1125 343 mille
1159 317 1279 343 annos
1311 317 1382 357 pro

53 363 162 400 annis
202 362 382 400 omnibus
420 361 537 400 huius
576 362 719 400 saeculi
751 364 900 415 posuit,
938 369 979 401 ut
1010 364 1185 413 perfecto
1217 375 1382 402 numero

52 426 254 459 notaretur
302 422 385 471 ipsa
434 421 622 471 temporis
673 420 885 470 plenitudo,
952 421 1189 460 Millenarius
1239 423 1382 472 quippe

52 490 239 517 numerus
265 478 413 516 denarii
438 480 592 516 numeri
617 478 847 529 quadratum
874 479 1038 517 solidum
1064 480 1201 518 reddit.
1240 480 1382 518 Decem

52 538 194 587 quippe
226 536 382 575 deciens
414 536 530 575 ducta
561 537 660 575 fiunt
691 542 866 589 centum,
900 550 996 587 quae
1028 539 1103 576 iam
1135 539 1258 589 figura
1290 550 1381 589 qua·

51 595 176 646 drata,
216 595 284 633 sed
321 594 433 645 plana
474 600 549 643 est3
587 600 632 634 ut
671 600 800 634 autem
832 597 871 634 in
904 596 1147 635 altitudinem
1179 602 1312 647 surgat
1344 601 1383 635 et

51 653 171 691 solida
202 654 278 705 fiat,
308 665 447 692 rursus
479 658 638 692 centum
669 654 826 692 deciens
859 654 1177 707 multiplicantur,
1208 662 1246 694 et
1278 654 1381 693 mille

51 717 152 750 sunt.
213 711 336 750 Porro
374 713 407 750 si
447 717 605 750 centum
645 713 728 763 ipsa
768 724 839 762 pro
881 714 1133 751 universitate
1176 713 1380 764 aliquando

50 775 272 821 ponuntur,
310 769 422 820 quale
459 770 554 809 illud
593 775 670 821 est,
709 770 812 820 quod
844 770 1032 809 Dominus
1065 774 1192 810 omnia
1225 784 1293 810 sua
1325 772 1379 810 di-

50 829 218 867 mittenti
257 833 295 866 et
345 840 433 866 eum
478 830 656 878 sequenti
700 830 879 879 promisit
921 829 1075 868 dicens:
1119 831 1302 879 Accipiet
1339 833 1381 868 in

49 888 124 925 hoc
168 889 327 925 saeculo
372 889 619 938 centuplum,
665 887 768 937 quod
813 899 1010 938 exponens
1055 888 1222 938 quodam
1265 888 1380 926 modo

51 945 246 995 apostolus
273 946 341 983 ait:
379 946 503 991 Quasi
526 946 628 983 nihil
650 946 849 992 habentes,
881 950 920 984 et
950 948 1081 984 omnia
1107 949 1355 995 possidentes
1366 961 1381 992 ;

51 1004 139 1053 quia
166 1008 205 1041 et
230 1008 317 1041 ante
344 1004 419 1041 iam
446 1003 592 1041 dictum
624 1008 724 1042 erat:
756 1004 903 1042 Fidelis
935 1005 1103 1043 hominis
1135 1010 1237 1043 totus
1269 1017 1379 1043 mem-

51 1063 124 1099 ἅτις
156 1063 387 1100 divitiarum
425 1066 502 1100 est:
540 1066 683 1111 quanto
722 1063 843 1111 magis
880 1062 982 1099 mille
1023 1075 1093 1113 pro
1127 1064 1379 1102 universitate

49 1124 266 1171 ponuntur,
304 1119 371 1157 ubi
408 1124 468 1158 est
506 1119 678 1158 soliditas
715 1121 838 1170 ipsius
877 1120 1055 1158 denariae
1090 1120 1381 1171 quadraturae?

52 1177 158 1215 Unde
185 1189 257 1215 nec
282 1177 376 1216 illud
404 1178 542 1216 melius
569 1178 819 1229 intellegitur,
852 1179 955 1229 quod
982 1180 1022 1217 in
1047 1180 1195 1230 psalmo
1221 1180 1380 1230 legitur:

50 1237 204 1274 Memor
231 1235 314 1284 fuit
338 1238 377 1274 in
403 1239 605 1275 saeculum
638 1239 860 1275 leslamenti
889 1239 954 1275 sui
982 1239 1103 1285 verbi,
1136 1240 1244 1286 quod
1271 1250 1379 1277 mem-

50 1296 159 1333 davz't
190 1296 231 1332 in
262 1296 366 1333 mille
394 1297 691 1346 qeneraliones,
722 1295 760 1332 id
793 1301 852 1333 est
882 1297 920 1333 in
954 1308 1099 1334 omnes.

167 1353 220 1390 Et
248 1354 353 1390 misit
385 1355 502 1400 illum,
535 1354 672 1403 inquit,
704 1356 745 1391 in
778 1355 985 1402 abyssum;
1019 1356 1151 1405 utique
1185 1355 1381 1394 diabolum

50 1411 155 1448 misit
193 1411 234 1449 in
274 1410 478 1462 abyssum,
517 1423 592 1461 quo
632 1413 786 1449 nomine
826 1413 1037 1462 significata
1076 1419 1135 1451 est
1174 1414 1380 1452 multitudo

49 1468 343 1507 innumerabilis
380 1470 606 1520 impiorum,
645 1482 811 1519 quorum
848 1471 887 1508 in
928 1470 1162 1521 malignitate
1195 1472 1381 1510 adversus

50 1526 253 1564 ecclesiam
284 1526 353 1564 Dei
386 1527 550 1566 multum
582 1527 773 1578 profunda
805 1534 897 1566 sunt
928 1529 1064 1580 corda;
1096 1542 1173 1567 non
1206 1532 1295 1580 quia
1326 1530 1381 1568 ibi

49 1584 224 1623 diabolus
250 1590 338 1623 ante
364 1598 442 1623 non
468 1591 568 1637 erat,
601 1586 668 1623 sed
694 1586 780 1624 ideo
806 1586 897 1624 illuc
929 1586 1072 1625 dicitur
1104 1590 1258 1639 missus,
1291 1590 1379 1638 quia

50 1643 231 1681 exclusus
257 1655 278 1681 a
303 1643 553 1681 credentibus
578 1644 666 1694 plus
693 1645 820 1694 coepit
851 1645 990 1695 impios
1021 1646 1233 1695 possidere.
1286 1646 1378 1685 Plus

49 1713 216 1751 namque
242 1701 465 1751 possidetur
490 1714 510 1739 a
537 1701 701 1753 diabolo,
734 1704 801 1752 qui
832 1714 910 1740 non
943 1703 1067 1742 solum
1101 1709 1160 1742 est
1192 1704 1380 1744 alienatus

49 1771 70 1797 a
100 1758 197 1811 Deo,
236 1771 370 1797 verum
409 1761 523 1797 etiam
554 1761 674 1810 gratis
705 1760 786 1798 odit
817 1762 1031 1800 servientes
1064 1762 1154 1800 Deo.
1215 1763 1269 1801 Et
1297 1766 1379 1802 clu-

48 1819 109 1863 sit,
141 1818 285 1868 inquit,
317 1823 354 1856 et
385 1820 559 1865 sz‘gsncwe't
587 1830 708 1866 super
740 1830 845 1866 eum,
876 1824 921 1857 ut
950 1831 1028 1858 non
1059 1822 1271 1860 seduceret
1301 1824 1379 1860 iam

46 1880 201 1926 qentes,
240 1877 364 1914 donec
401 1878 600 1922 finiantur
637 1879 741 1915 mille
782 1880 889 1915 anni.
957 1878 1110 1917 Clausit
1139 1891 1261 1928 super
1292 1892 1379 1918 eum

49 1932 195 1971 dictum
222 1940 281 1972 est
310 1934 535 1986 „interdixit
567 1936 614 1984 ei,
646 1947 693 1972 ne
720 1941 852 1985 posset
884 1933 1027 1986 exire,“
1057 1937 1095 1975 id
1128 1942 1187 1975 est
1217 1939 1378 1976 vetitum

48 1991 278 2041 transgredi.
328 1992 512 2040 Siynave't
536 1999 677 2044 autem,
710 1993 812 2043 quod
840 1994 997 2045 addidit,
1023 1995 1258 2044 significasse
1286 1997 1377 2034 mihi

47 2149 75 2183 P
133 2105 200 2184 113
226 2104 289 2184 ign
319 2108 378 2147 19,
405 2108 459 2139 29.
512 2108 568 2147 13)
595 2109 626 2139 2.
655 2104 735 2141 Cor.
763 2110 799 2148 6,
830 2110 881 2140 10.
936 2110 990 2149 15)
1017 2106 1120 2141 Prov.
1151 2111 1210 2151 17,
1237 2112 1268 2142 6.
1322 2111 1377 2152 19)

78 2162 103 2185 s,
201 2178 209 2194 ,
261 2177 267 2183 .

141 2317 184 2348 27
212 2314 321 2347 clusit
345 2313 380 2347 R
405 2316 502 2358 (419,
529 2317 583 2356 7J;
612 2313 743 2348 clausit
768 2325 787 2348 v
808 2316 819 2358 ΙΙ
839 2317 883 2349 30
909 2314 1026 2359 possit
1050 2325 1070 2349 v

1410 781 1451 810 10

1410 1071 1450 1101 15

1407 1363 1451 1394 20

1407 1654 1450 1686 25

1405 1946 1450 1977 30
