1548 2562
426 129 478 153 DE
497 128 685 154 CIVITATE
710 129 780 154 DEI
816 128 849 153 L.
869 128 964 153 xvn.
1002 127 1033 155 c.
1059 129 1100 153 18.
1343 118 1427 158 243

98 220 186 266 cepi
192 231 206 263 ;
237 219 463 264 eoesurrexi
495 218 680 264 quoniam
707 217 895 255 Dominus
920 219 1093 265 suscepit
1116 219 1202 255 me?
1238 218 1295 255 An
1329 218 1427 256 forte

98 277 302 326 quisquam
327 276 379 314 ita
404 275 556 326 desipit,
581 280 624 312 ut
650 274 782 313 credat
809 274 912 313 velut
936 274 1078 324 aliquid
1106 287 1289 325 magnum
1316 275 1427 314 nobis

98 333 269 372 indicare
306 333 472 371 voluisse
511 332 757 384 prophetam,
796 332 898 383 quod
936 332 1138 372 dormierit
1180 339 1217 372 et
1249 345 1428 372 exsurre-

99 393 210 443 xerit,
243 392 319 430 nisi
346 402 505 429 somnus
531 392 604 429 iste
630 402 737 429 mors
764 396 867 429 esset
893 396 932 429 et
958 391 1134 442 evigilato
1168 393 1422 443 resurrectio,

100 461 214 500 quam
240 450 286 488 de
313 449 466 488 Christo
493 450 548 487 sic
580 450 753 499 oportuit
776 447 1030 500 prophetari?
1068 449 1165 488 Nam
1197 456 1236 489 et
1266 451 1304 488 in
1337 462 1428 500 qua—

100 508 343 559 dragensimo
383 507 504 546 multo
546 507 789 546 manifestius
821 507 858 545 id
891 507 1128 560 ostenditur,
1165 508 1232 547 ubi
1264 521 1310 547 ex
1342 520 1428 559 per-

99 578 193 605 sona
233 565 407 604 eiusdem
439 565 661 603 Mediatoris
699 577 806 603 more
849 565 961 604 solito
994 572 1189 617 tamquam
1220 568 1430 618 praeterita

101 630 327 676 narrantur,
371 635 468 674 quae
514 624 644 662 futura
687 623 1039 675 prophetabantur3
1084 627 1287 676 quoniam,
1331 637 1429 675 quae

100 688 263 722 ventura
293 688 415 734 erant,
447 683 522 720 iam
553 683 593 720 in
624 681 976 733 praedestinatione
1010 688 1047 720 et
1078 685 1334 733 praescientia
1361 683 1429 721 Dei

100 741 203 780 velut
235 741 333 779 facta
364 746 492 792 erant,
529 741 619 791 quia
650 746 756 779 certa
787 746 908 779 erant.
970 741 1145 789 Inimici,
1177 743 1323 793 inquit,
1354 743 1432 780 mei

101 801 291 839 dixerunt
322 801 427 837 mala
459 800 572 837 mihi:
617 799 784 845 Quando
821 801 1014 837 morietur
1046 804 1084 837 et
1108 801 1260 848 peribit
1290 811 1430 838 nomen

101 859 211 896 eius?
274 858 325 896 Et
353 860 389 896 si
419 858 724 905 inyrediebatur
756 862 798 895 ut
829 859 1000 903 videret,
1034 869 1137 896 vana
1170 860 1343 896 locutum
1375 862 1433 896 est

101 928 172 955 cor
221 918 322 963 eius,
372 917 632 964 conareqavit
680 917 928 963 iniquitatem
978 918 1062 964 ipsi.
1134 916 1431 963 Eyrediebatur

97 973 213 1023 foras
250 980 288 1013 et
324 975 588 1022 loquebantur
626 975 744 1012 simul
780 975 819 1011 in
853 985 982 1011 tanum.
1044 974 1245 1012 Adversus
1277 985 1337 1012 me
1366 986 1429 1012 su-

101 1034 323 1071 surrabant
365 1043 495 1070 omnes
538 1033 691 1070 inimici
731 1034 823 1079 mei,
867 1033 1060 1070 adversus
1100 1043 1160 1071 me
1200 1033 1433 1080 coyitabant

102 1093 207 1130 mala
237 1091 342 1128 mihi.
415 1090 583 1128 Verbum
608 1092 785 1137 iniquum
818 1091 1098 1139 disposuerunt
1128 1092 1320 1129 adversus
1351 1102 1431 1129 me:

103 1151 303 1197 Numquid
326 1150 396 1196 qui
421 1150 566 1186 dormit
591 1159 669 1186 non
702 1150 853 1187 adiciet
884 1153 927 1186 ut
956 1150 1171 1196 resumat?
1221 1147 1292 1186 Hic
1325 1153 1431 1186 certe

102 1209 154 1246 ita
193 1208 318 1258 posita
362 1212 453 1244 sunt
492 1205 608 1244 verba
649 1206 762 1257 haec,
800 1211 843 1244 ut
884 1205 978 1244 nihil
1010 1206 1113 1245 aliud
1146 1206 1288 1245 dixisse
1321 1206 1431 1244 intel·

102 1265 263 1316 legatur,
283 1276 397 1315 quam
418 1265 451 1302 si
470 1259 634 1303 diceret:
653 1263 873 1316 „NumquId
900 1266 965 1314 qui
991 1266 1167 1316 moritur,
1195 1276 1272 1303 non
1293 1264 1432 1302 adiciet

103 1329 145 1362 ut
186 1318 450 1361 revivescat?“
511 1321 721 1372 Superiora
768 1324 909 1373 quippe
954 1322 1222 1361 demonstrant
1266 1328 1430 1361 mortem

103 1382 226 1433 ipsius
251 1382 440 1431 cogitasse
468 1386 507 1419 et
532 1380 769 1431 disposuisse
795 1382 973 1419 inimicos
1001 1382 1096 1433 eius,
1128 1386 1167 1419 et
1198 1380 1271 1419 hoc
1303 1386 1432 1419 actum

104 1451 191 1478 esse
221 1451 291 1490 per
323 1450 423 1490 eum,
456 1440 522 1489 qui
553 1438 843 1489 ingrediebatur
874 1445 917 1477 ut
949 1439 1107 1487 videret,
1139 1444 1178 1477 et
1210 1438 1431 1490 egredieba-

103 1502 169 1536 tur
197 1503 238 1536 ut
263 1496 457 1548 proderet.
520 1496 591 1535 Cui
616 1503 744 1535 autem
776 1496 838 1535 hic
872 1508 947 1535 non
974 1502 1132 1536 ocurrat
1163 1509 1210 1535 ex
1242 1496 1431 1547 discipulo

105 1557 189 1594 eius
221 1555 345 1594 sactus
377 1555 540 1593 traditor
566 1553 708 1594 Iudas?
758 1554 855 1600 Quia
888 1567 979 1606 ergo
1013 1556 1153 1594 facturi
1185 1560 1296 1593 erant
1328 1555 1430 1605 quod

105 1613 382 1664 moliebantur,
427 1613 465 1651 id
505 1620 565 1651 est
603 1615 770 1651 occisuri
810 1619 920 1651 erant
952 1625 1061 1664 eum,
1105 1612 1315 1651 ostendens
1346 1612 1431 1650 illos

104 1683 199 1710 vana
239 1671 382 1709 malitia
422 1671 565 1709 frustra
607 1673 806 1709 occisuros
848 1676 1164 1709 resurrecturum
1205 1672 1260 1709 sic
1292 1671 1433 1709 adiecit

104 1729 208 1768 hunc
228 1741 395 1777 versum,
416 1728 520 1767 velut
539 1729 705 1767 diceret:
724 1728 849 1780 „Quid
871 1730 982 1779 agitis
1003 1726 1116 1767 vani?
1136 1728 1239 1780 quod
1260 1734 1431 1767 vestrum

106 1787 232 1827 scelus
264 1793 335 1839 est,
365 1798 476 1825 meus
507 1798 666 1825 somnus
699 1783 817 1825 erit“:
851 1788 1051 1835 Numquid
1080 1789 1150 1835 qui
1180 1788 1326 1826 dormit
1355 1798 1432 1825 non

105 1848 255 1884 adiciet
294 1851 336 1883 ut
373 1847 588 1893 resumat?
648 1844 697 1884 Et
735 1851 862 1884 tamen
904 1857 970 1883 eos
1002 1850 1080 1884 tam
1111 1856 1293 1896 magnum
1325 1844 1433 1883 nefas

201 1947 234 1989 1)
261 1946 317 1979 Ps.
344 1950 375 1988 3,
403 1950 433 1979 6.

200 2057 217 2084 1
246 2061 317 2085 exs.
343 2049 420 2091 Rv;
446 2051 483 2084 et
508 2060 580 2084 exs.
607 2050 663 2091 Γ,-
698 2051 735 2085 et
759 2061 827 2084 res.
854 2051 930 2094 Aey
961 2052 972 2094 ΙΙ
1004 2049 1164 2094 suscepit
1194 2048 1253 2094 Rq
1277 2049 1430 2090 (lustin.

108 2096 242 2141 Tryph.
269 2093 522 2140 ἄντελοέβετο);
555 2096 710 2141 suscipit
739 2098 813 2132 cod.
841 2097 1023 2142 Sanyerm.
1051 2096 1229 2139 (Sabat.),·
1261 2095 1434 2140 suscipiet

103 2153 124 2178 v
155 2144 167 2188 ΙΙ
200 2146 241 2177 10
267 2142 352 2186 quia
377 2143 476 2176 certa
502 2144 606 2177 erant
630 2154 695 2177 om.
721 2143 757 2178 R
782 2147 821 2178 ut
846 2147 968 2186 „vetus
993 2143 1196 2186 exemplar“
1220 2141 1264 2177 L.
1298 2141 1399 2176 Vivis
1423 2143 1435 2188 Η

107 2193 148 2223 12
180 2189 480 2234 ingrediebantur
505 2217 511 2222 .
541 2218 547 2223 .
574 2189 741 2224 viderent
766 2219 771 2224 .
801 2217 807 2223 .
835 2190 1151 2235 congregauerunt
1174 2189 1209 2222 Α
1246 2189 1258 2232 ΙΙ
1296 2192 1338 2222 13
1364 2188 1434 2233 ipsi

104 2235 234 2277 RAF‚·
260 2235 327 2269 sibi
353 2246 373 2269 v
402 2236 413 2279 ΙΙ
445 2236 726 2279 egrediebantur
751 2236 865 2270 ΗΑΓ
887 2238 898 2280 Η
924 2240 967 2270 14
993 2235 1236 2279 loquebantur
1261 2234 1434 2279 RAFQ·

104 2282 322 2326 loquebatur
347 2293 366 2316 v
385 2283 397 2326 ΙΙ
416 2285 459 2316 27
485 2281 588 2316 uelut
614 2282 643 2316 si
668 2284 781 2326 υ1128
808 2285 864 2316 est
889 2283 924 2317 R
932 2296 943 2325 ,·
970 2282 1039 2317 erit
1062 2294 1082 2316 v

1086 2340 1160 2374 10*

1459 747 1500 777 10

1460 1037 1501 1067 15

1459 1329 1502 1359 20
