1548 2562
446 121 499 145 DE
522 120 712 146 cwrrAtrE
732 121 802 146 Dm
820 121 852 146 L.
872 121 938 147 xx.
958 120 988 147 c.
1007 122 1048 147 30.
1335 112 1420 154 483

91 207 162 246 Dei
184 213 254 260 est,
279 213 320 247 et
338 219 385 247 ex
404 219 572 259 persona
600 207 669 246 Dei
698 208 841 247 dicitur
868 220 939 259 per
965 208 1211 260 prophetam3
1236 214 1274 247 et
1293 214 1423 248 tamen

89 266 197 305 hunc
238 265 360 305 Deum
392 265 486 304 haec
518 271 596 305 tam
628 278 764 316 magna
801 272 841 304 et
872 271 949 315 tam
985 266 1111 304 divina
1143 267 1348 305 facientem
1380 279 1420 306 se

90 323 272 362 Christus
299 323 468 362 ostendit
500 323 743 374 adiungendo
781 330 896 374 atque
934 323 1113 363 dicendo:
1145 325 1198 363 Et
1228 327 1425 374 aspicient

88 383 147 420 ad
170 393 231 421 me
263 393 341 431 pro
370 393 415 421 eo
451 384 558 430 quod
587 384 893 429 insultaverunt,
932 387 970 421 et
995 384 1190 431 planqent
1223 395 1345 432 saper
1376 394 1422 422 eo

82 442 292 488 planctum
323 442 442 488 quasi
469 452 590 489 super
622 441 871 478 carissimum
898 435 997 491 (sive
1024 437 1229 493 dilectum)
1256 445 1295 479 et
1317 443 1421 480 dole·
1447 447 1467 480 5

89 498 189 536 bunt
214 499 350 537 dolore
375 500 492 546 quasi
508 509 629 546 super
648 499 906 545 uniyenitum.
944 497 1161 536 Paenitebit
1186 500 1328 549 quippe
1359 499 1420 537 Iu-

88 554 206 594 daeos
236 557 277 594 in
309 555 370 594 die
402 555 483 607 illa,
521 556 636 593 etiam
669 566 749 605 eos,
791 556 856 605 qui
888 557 1087 606 accepturi
1118 562 1210 595 sunt
1241 558 1421 607 spiritum

87 614 232 663 gratiae
254 618 294 652 et
313 613 614 665 misericordiae,
646 612 749 663 quod
780 614 820 651 in
840 614 924 651 eius
944 615 1124 663 passione
1150 614 1421 653 insultaverint

89 670 255 723 Christo,
276 683 363 710 cum
385 671 430 709 ad
460 683 549 709 eum
575 672 797 722 aspexerint
816 672 855 709 in
882 683 949 709 sua
976 673 1175 711 maiestate
1200 674 1421 711 venientem

87 741 255 779 eumque
276 741 361 767 esse
377 730 639 781 cognoverint,
660 741 775 779 quem
794 730 903 779 prius
918 728 1102 768 humilem
1122 731 1161 768 in
1182 731 1262 768 suis
1281 742 1418 781 paren·
1449 739 1490 770 10

87 786 191 825 tibus
211 787 451 838 inluserunt3
473 788 646 837 quamvis
667 792 705 825 et
724 788 797 837 ipsi
816 793 999 837 parentes
1020 800 1155 826 eorum
1167 793 1294 826 tantae
1315 788 1419 827 illius

86 846 295 895 impietatis
322 851 501 884 auctores
527 850 778 895 resurgentes
803 844 990 883 videbunt
1015 857 1116 897 eum,
1143 845 1210 884 sed
1230 846 1419 896 puniendi

86 904 182 954 iam,
227 915 304 941 non
343 903 467 942 adhuc
506 903 738 953 corrigendi.
803 902 888 940 Non
930 905 1060 953 itaque
1101 903 1174 942 hoc
1217 904 1302 942 loco
1343 905 1419 955 ipsi

86 960 335 1011 intellegendi
380 967 493 1012 sunt,
536 960 603 999 uhi
647 960 793 999 dictum
838 966 914 999 est:
957 961 1011 999 Et
1049 962 1254 1009 effundam
1297 974 1419 1011 super

87 1020 242 1057 domum
274 1020 409 1057 David
444 1024 482 1058 et
516 1031 637 1067 super
673 1020 919 1057 habitatores
950 1019 1204 1058 Hierusalem
1234 1022 1417 1069 spiritum
1447 1029 1486 1060 15

83 1079 247 1124 gratiae
272 1081 311 1116 et
334 1079 659 1121 misericordiae;
691 1082 729 1115 et
754 1079 951 1125 aspicient
975 1078 1031 1115 ad
1052 1088 1113 1116 me
1133 1089 1210 1127 pro
1237 1089 1281 1117 eo
1313 1080 1421 1126 quod

86 1137 400 1180 insultaverunt;
433 1135 499 1172 sed
526 1141 654 1172 tamen
689 1134 734 1172 de
767 1134 921 1173 illorum
954 1137 1074 1185 stirpe
1106 1137 1319 1188 venientes,
1351 1138 1418 1186 qui

82 1204 154 1243 per
191 1192 339 1230 Heliam
376 1192 441 1231 illo
479 1198 653 1243 tempore
696 1192 883 1230 credituri
915 1199 1016 1231 sunt.
1080 1193 1155 1231 Sed
1188 1195 1290 1232 sicut
1322 1193 1415 1232 dici-

83 1262 170 1289 mus
190 1250 361 1289 Iudaeis:
386 1250 486 1302 „Vos
506 1250 703 1288 occidistis
725 1247 957 1301 Christum“,
986 1252 1159 1301 quamvis
1179 1251 1252 1290 hoc
1277 1263 1415 1302 paren-

83 1313 141 1346 tes
169 1320 304 1347 eorum
331 1309 512 1347 fecerint:
545 1310 600 1347 sic
627 1313 665 1346 et
689 1309 754 1346 isti
786 1320 825 1346 se
858 1307 1046 1347 dolebunt
1076 1309 1215 1347 fecisse
1248 1310 1414 1360 quodam
1442 1318 1485 1350 20

82 1366 215 1419 modo,
254 1366 356 1417 quod
395 1367 573 1405 fecerunt
609 1366 680 1417 illi,
718 1378 763 1404 ex
803 1378 969 1416 quorum
1009 1368 1129 1417 stirpe
1161 1366 1415 1407 descendunt.

83 1423 266 1469 Quamvis
293 1436 385 1475 ergo
412 1430 570 1475 accepto
598 1425 736 1475 spiritu
768 1425 912 1474 gratiae
946 1429 984 1462 et
1016 1425 1304 1463 misericordiae
1336 1427 1413 1464 iam

83 1482 216 1521 fideles
241 1494 320 1520 non
347 1482 632 1520 damnabuntur
659 1493 747 1520 cum
774 1483 900 1532 impiis
926 1482 1154 1533 parentibus
1187 1485 1280 1535 suis,
1311 1483 1414 1521 dole-

82 1540 180 1579 bunt
220 1546 347 1579 tamen
384 1546 579 1591 tamquam
617 1541 691 1590 ipsi
723 1540 906 1591 fecerint,
949 1540 1051 1591 quod
1084 1540 1129 1579 ab
1162 1541 1237 1579 illis
1269 1542 1413 1580 factum

83 1604 152 1637 est.
213 1598 299 1637 Non
330 1600 449 1649 igitur
481 1597 668 1637 dolebunt
699 1603 807 1636 reatu
842 1599 1032 1650 criminis,
1072 1598 1139 1636 sed
1171 1600 1326 1649 pietatis
1359 1600 1411 1637 as·
1440 1608 1482 1639 25

80 1656 198 1695 fectu.
267 1656 366 1695 Sane
416 1656 483 1695 ubi
541 1656 722 1694 dixerunt
771 1657 1013 1706 septuaginta
1061 1658 1314 1707 interpretes:
1364 1657 1416 1696 Et

82 1717 279 1764 aspicient
310 1716 365 1753 ad
394 1726 455 1754 me
480 1726 558 1763 pro
590 1726 634 1753 eo
666 1715 773 1762 quod
802 1716 1102 1762 insultaverunt,
1135 1716 1189 1753 sic
1221 1716 1413 1766 interpre-

79 1778 202 1811 tatum
243 1777 303 1811 est
341 1784 387 1811 ex
424 1771 621 1810 Hebraeo:
664 1772 715 1809 Et
753 1774 948 1820 aspicient
978 1774 1034 1811 aa’
1062 1783 1138 1820 me,
1176 1784 1289 1821 quem
1322 1784 1412 1811 con-

75 1833 282 1877 fixerunt;
314 1843 390 1881 quo
418 1831 574 1881 quidem
599 1829 716 1868 verbo
749 1829 965 1868 evidentius
992 1829 1170 1869 Christus
1203 1831 1413 1869 crucifixus

80 1894 250 1939 apparet.
323 1888 399 1927 Sed
443 1888 505 1926 illa
548 1887 770 1940 insultatio,
820 1899 934 1938 quam
978 1890 1221 1939 septuaginta
1264 1900 1410 1939 ponere
1437 1897 1481 1928 30

80 1946 319 1999 maluerunt,
358 1948 442 1985 eius
480 1947 683 1985 universae
722 1957 798 1984 non
838 1946 961 1984 defuit
998 1948 1179 1997 passioni.
1240 1946 1337 1985 Nam
1374 1951 1413 1985 et

81 2004 239 2043 detento
281 2009 320 2043 et
357 2004 507 2055 alligato
547 2010 585 2042 et
623 2003 839 2042 adiudicato
872 2009 911 2042 et
942 2003 1151 2055 opprobrio
1183 2005 1411 2054 ignominio-

82 2074 146 2100 sae
178 2063 298 2101 vestis
335 2062 470 2101 induto
511 2068 550 2100 et
587 2063 707 2113 spinis
747 2068 930 2100 coronato
969 2067 1006 2100 et
1040 2062 1183 2100 calamo
1215 2064 1255 2100 in
1287 2063 1411 2113 capite

83 2131 273 2170 percusso
318 2125 357 2159 et
399 2120 614 2158 inridenter
652 2120 736 2157 fixis
778 2118 941 2170 genibus
979 2119 1136 2158 adorato
1177 2125 1216 2158 et
1255 2131 1411 2159 crucem

173 2269 192 2299 2
220 2276 297 2300 sese
321 2276 341 2299 υ

1057 2322 1129 2356 31*
