1495 2489
23 423 41 454 (Ἀ

7 1889 50 1919 30

67 82 120 123 58
597 90 624 116 s.
644 89 861 116 Anecs'rnn

68 181 266 219 daverunt.
329 180 406 218 Nos
447 192 600 230 quoque
640 179 856 217 secundum
895 180 1109 229 scripturas
1147 184 1299 218 sanctas
1339 179 1398 218 vel

68 240 170 290 quod
203 241 242 277 in
274 241 329 277 eis
362 238 525 289 legimus
552 237 609 276 vel
643 237 744 287 quod
778 250 823 275 ex
856 238 912 275 eis
943 237 1167 287 intellegere
1188 237 1398 289 ¹potuimus

69 310 202 337 earum
240 302 500 347 congruentes
540 297 763 334 auctoritati
794 296 840 334 de
874 296 933 334 his
965 296 1082 335 rebus
1115 298 1154 334 in
1187 298 1398 348 superiori-

68 357 141 395 bus
167 357 275 394 libris
302 356 480 393 diximus.
542 354 792 393 Enucleatius
818 360 947 393 autem
980 356 1011 393 si
1043 356 1115 393 ista
1148 361 1398 407 quaerantur,
1435 400 1438 404 ,

69 415 301 466 multiplices
340 419 454 463 atque
494 413 740 451 multimodas
772 415 928 464 pariunt
961 413 1260 465 disputationes,
1301 426 1398 464 quae

68 473 246 525 pluribus
296 471 525 511 intexendae
578 473 655 510 sint
698 471 974 520 voluminibus,
1025 484 1139 522 quam
1184 472 1257 511 hoc
1301 485 1400 524 opus

69 539 300 583 tempusque
327 531 513 582 deposcit,
546 530 648 581 quod
681 542 757 568 non
791 532 841 568 ita
873 530 1021 581 largum
1054 530 1253 582 habemus,
1285 537 1329 569 ut
1359 533 1400 570 in

70 590 273 641 omnibus,
323 602 420 640 quae
470 595 635 640 possunt
678 591 879 639 requirere
925 591 1039 627 otiosi
1084 595 1122 628 et
1166 589 1398 643 scrupulosi,

69 650 283 701 paratiores
321 648 367 686 ad
418 648 736 698 interrogandum
776 659 891 698 quam
933 649 1154 698 capaciores
1198 648 1244 686 ad
1289 648 1399 687 intel-

71 707 298 759 legendum,
343 719 413 745 nos
458 712 634 758 oporteat
678 708 874 745 inmorari.
937 706 1115 745 Arbitror
1147 712 1275 745 tamen
1308 708 1400 745 satis

70 779 140 805 nos
184 767 259 804 iarn
303 766 440 803 secisse
485 767 631 815 magnis
673 770 711 802 et
752 764 986 803 difficillimis
1029 765 1321 815 quaestionibus
1353 765 1401 804 de

70 826 180 863 initio
221 824 280 862 vel
322 823 455 862 mundi
496 823 553 861 vel
593 825 739 861 animae
778 823 837 861 vel
876 825 998 874 ipsius
1039 825 1193 874 generis
1232 824 1401 876 humani,

72 883 174 934 quod
214 885 254 921 in
286 883 361 921 duo
394 894 536 933 genera
568 881 856 933 distribuimus,
899 894 1020 920 unum
1053 894 1207 934 eorum,
1246 884 1311 933 qui
1344 895 1401 921 se-

72 942 242 981 cundum
280 941 493 992 hominem,
531 941 694 979 alterum
734 953 887 992 eorum,
926 942 992 991 qui
1031 941 1246 980 secundum
1280 941 1402 980 Deum

72 1003 221 1052 vivunt3
253 1012 348 1050 quas
375 1001 490 1038 etiam
523 1001 682 1050 mystice
716 999 952 1050 appellamus
985 1000 1158 1037 civitates
1191 999 1298 1052 duas,
1329 1000 1402 1038 hoc

73 1065 132 1098 est
163 1059 259 1097 duas
285 1059 490 1096 societates
522 1058 733 1109 hominum,
767 1069 931 1108 quarum
964 1064 1023 1096 est
1055 1070 1130 1096 una
1163 1070 1260 1108 quae
1293 1070 1401 1109 prae—

73 1118 263 1156 destinata
296 1123 355 1155 est
380 1118 418 1154 in
452 1122 653 1155 aeternum
687 1128 849 1166 regnare
882 1128 971 1154 cum
1004 1116 1095 1168 Deo,
1127 1116 1246 1155 altera
1278 1122 1402 1155 aeter-

73 1188 166 1215 num
205 1175 439 1226 supplicium
478 1175 608 1213 subire
649 1187 737 1212 cum
776 1174 938 1213 diabolo.
1003 1174 1078 1213 Sed
1119 1176 1192 1213 iste
1224 1175 1311 1213 finis
1344 1181 1403 1214 est

74 1247 231 1286 earum,
272 1234 318 1272 de
360 1246 436 1284 quo
475 1239 562 1284 post
603 1233 839 1283 loquendum
872 1239 941 1272 est.
1004 1233 1115 1271 Nunc
1147 1239 1277 1272 autem
1309 1246 1402 1284 quo-

74 1295 176 1331 niam
208 1293 254 1331 de
294 1298 431 1330 exortu
471 1304 604 1330 earum
637 1294 715 1329 sive.
749 1294 787 1329 in
820 1291 983 1343 angelis,
1016 1304 1183 1342 quorum
1215 1304 1403 1332 numerus

73 1354 275 1403 ignoratur
306 1363 326 1389 a
358 1350 489 1402 nobis,
522 1352 599 1388 sive
632 1352 671 1388 in
704 1350 855 1389 duobus
886 1351 1022 1401 primis
1054 1350 1277 1389 hominibus
1310 1353 1404 1390 satis

73 1411 221 1449 dictum
253 1415 330 1461 est,
368 1411 441 1447 iam
475 1409 569 1447 mihi
601 1409 752 1447 videtur
784 1421 917 1447 earum
950 1409 1234 1459 adgrediendus
1268 1421 1402 1449 excur-

77 1481 160 1520 sus,
198 1481 244 1506 ex
282 1480 358 1518 quo
390 1467 443 1505 illi
477 1467 552 1506 duo
584 1479 769 1518 generare
803 1474 1034 1519 coeperunt,
1073 1467 1196 1506 donec
1228 1467 1403 1507 homines

74 1539 261 1579 generare
304 1526 522 1565 cessabunt.
585 1525 666 1564 Hoc
714 1527 817 1564 enim
857 1527 1081 1564 universum
1126 1532 1279 1577 tempus
1325 1528 1402 1565 sive

76 1586 284 1636 saeculum,
317 1586 356 1623 in
390 1596 464 1635 quo
499 1584 642 1623 cedunt
674 1586 884 1622 morientes
917 1584 1211 1634 succeduntque
1244 1597 1403 1624 nascen-

74 1651 144 1697 tes,
177 1646 338 1682 istarum
363 1643 528 1682 duarum
560 1644 769 1694 civitatum,
801 1642 847 1680 de
881 1642 1022 1693 quibus
1054 1642 1308 1696 disputamus,
1340 1656 1403 1682 ex-

75 1715 213 1742 cursus
246 1708 315 1740 est.
1417 1738 1428 1749 ,

191 1761 311 1799 Natus
351 1765 409 1798 est
447 1761 566 1810 igitur
603 1761 710 1810 prior
742 1759 833 1797 Cain
873 1772 918 1797 ex
960 1759 1034 1797 illis
1066 1759 1218 1798 duobus
1249 1762 1404 1810 generis

76 1820 234 1859 humani
266 1817 511 1870 parentibus,
552 1819 752 1868 pertinens
785 1817 830 1855 ad
863 1817 1062 1855 hominum
1094 1819 1306 1870 civitatem,
1338 1831 1403 1870 po-

77 1880 217 1917 sterior
239 1877 343 1925 Abel,
376 1876 421 1914 ad
449 1877 642 1914 civitatem
663 1875 743 1914 Dei.
804 1874 913 1913 Sicut
939 1877 1042 1913 enim
1067 1877 1106 1913 in
1134 1888 1210 1914 uno
1238 1876 1404 1929 homine,

78 1936 179 1987 quod
213 1936 308 1974 dixit
339 1934 554 1986 apostolus,
595 1935 835 1985 experimur,
869 1934 956 1984 quia
988 1946 1065 1972 non
1094 1937 1268 1983 primum
1300 1937 1407 1984 quod

77 1997 258 2045 spiritale
298 1999 373 2041 est,
414 1994 485 2031 sed
521 1994 627 2041 quod
663 1994 851 2039 animale,
891 1997 1030 2041 postea
1067 1995 1249 2041 spiritale
1281 1990 1403 2046 (unde

78 2054 372 2104 unusquisque,
416 2052 598 2102 quoniam
647 2063 694 2089 ex
737 2050 914 2089 damnata
963 2052 1174 2101 propagine
1219 2054 1406 2105 exoritur,

173 2156 229 2197 32)
262 2158 287 2188 1.
315 2153 393 2187 Cor.
423 2157 475 2196 15,
502 2156 555 2186 46.

174 2265 192 2294 6
221 2260 303 2293 sunt
331 2270 347 2292 υ
384 2260 395 2302 ΙΙ
433 2261 452 2291 8
480 2269 597 2302 serup.
631 2257 701 2299 Vv,·
727 2257 833 2301 scrip.
861 2256 988 2291 RAFe
1006 2258 1018 2301 ΙΙ
1037 2261 1079 2291 33
1107 2268 1150 2291 ex
1187 2258 1294 2292 adam
1319 2259 1407 2293 nata.
