1611 2465
108 709 150 739 10

108 999 149 1030 15

107 1291 150 1323 20

107 1875 151 1906 30

108 2167 151 2198 35

173 76 259 116 :2222
710 83 736 108 s.
756 82 973 109 Acsscsnxr

175 175 322 212 erroris
364 174 549 211 societate
591 172 766 223 illspersa
807 183 877 222 per
920 177 1055 210 terras.
1123 170 1267 210 Divisio
1306 182 1397 209 vero
1439 171 1513 222 illa,

176 244 291 283 quam
335 231 438 270 Deus
484 231 556 270 sub
600 242 769 282 persona
811 229 956 282 Saulis,
999 229 1102 268 illius
1146 231 1256 281 regni
1301 236 1339 268 et
1380 230 1513 281 populi

175 292 338 342 figuram
382 291 575 341 gerentis,
627 289 753 327 eidem
797 301 917 339 regno
962 289 1183 339 populoque
1229 290 1397 327 minatus
1441 294 1513 335 est,

176 355 334 388 aeterna
378 355 493 399 atque
538 347 777 386 inmutabilis
821 348 1034 397 significata
1072 353 1131 386 est
1168 359 1238 398 per
1276 347 1370 399 hoc,
1409 347 1512 397 quod

175 408 402 446 adiunctum
428 412 505 446 est:
538 407 590 445 Ec
613 418 692 445 non
718 411 973 445 converlelm·
998 418 1124 454 neque
1151 407 1371 455 paenitebit
1403 418 1514 451 emm·

175 469 363 515 quoniam
405 477 485 505 non
528 470 587 505 est
626 467 733 504 sicut
770 467 900 513 homo,
944 470 989 503 ut
1026 467 1234 514 paeniteat
1277 476 1386 510 eum,·
1431 466 1515 513 ipse

175 528 364 571 minatur,
397 529 435 564 et
465 535 544 563 non
565 529 798 574 permanet;
830 523 868 562 id
901 529 970 575 est,
1003 523 1117 561 homo
1151 525 1332 575 minatur,
1364 528 1403 561 et
1435 535 1513 561 non

175 588 394 634 permanet,
439 595 518 621 non
563 588 693 621 autem
737 582 857 634 Deus,
901 594 1018 632 quem
1061 594 1139 620 non
1180 584 1367 633 paenitet,
1413 583 1515 620 sicut

175 642 384 680 hominem.
446 641 521 680 Ubi
546 642 651 680 enim
676 641 830 692 legitur,
862 641 965 691 quod
991 642 1185 691 paeniteat
1217 652 1318 691 eum,
1351 641 1513 678 mutatio

177 712 311 739 rerum
335 700 589 751 significatur,
622 699 840 738 inmutabili
871 701 1129 750 praescientia
1161 705 1341 738 manente
1374 699 1512 737 divina.

176 759 249 797 Ubi
281 771 374 809 ergo
407 771 484 797 non
516 760 715 810 paenitere
748 758 910 809 dicitur,
941 769 1019 796 non
1050 763 1202 796 mutare
1233 757 1484 808 intellegitur.

293 817 462 856 Prorsus
501 816 749 855 insolubilem
786 817 961 855 videmus
999 828 1069 867 per
1106 816 1202 854 haec
1240 815 1356 854 verba
1388 815 1512 866 prola-

176 882 255 915 tam
292 876 476 914 divinitus
515 876 635 914 fuisse
681 877 912 914 sententiam
958 875 1004 913 (le
1042 877 1115 913 ista
1153 874 1341 913 divisione
1381 873 1514 925 populi

177 934 295 973 Israel
334 940 373 973 et
412 936 569 972 omnino
610 939 849 985 perpetuam.
913 933 1158 983 Quicumque
1192 934 1294 971 enim
1326 933 1372 971 ad
1405 932 1513 970 Chri-

177 999 281 1031 stum
318 994 560 1031 transierunt
596 992 655 1031 vel
693 998 897 1030 transeunt
934 992 993 1030 vel
1030 991 1252 1030 transibunt
1290 991 1397 1043 inde,
1436 1003 1512 1029 non

177 1057 290 1090 erant
325 1051 416 1090 inde
455 1051 668 1090 secundum
709 1050 777 1088 Dei
820 1052 1138 1102 praescientiam,
1181 1062 1259 1088 non
1297 1049 1513 1088 secundum

177 1111 332 1160 generis
364 1109 522 1148 humani
556 1121 671 1148 unam
704 1109 944 1159 eandemque
978 1114 1165 1147 naturam.
1228 1108 1396 1147 Prorsus
1429 1109 1512 1158 qui-

178 1180 346 1218 cumque
384 1180 432 1206 ex
469 1167 654 1206 Israelitis
692 1168 946 1205 adhaerentes
990 1167 1144 1205 Christo
1182 1172 1435 1218 perseverant
1473 1168 1513 1204 in

177 1226 259 1278 illo,
298 1238 510 1277 numquam
549 1225 664 1264 erunt
697 1238 785 1264 cum
825 1227 880 1264 eis
913 1225 1113 1276 israelitis,
1152 1227 1218 1275 qui
1250 1227 1334 1264 eius
1367 1226 1513 1263 inimici

177 1297 301 1335 usque
339 1286 379 1323 in
417 1285 534 1323 finem
572 1286 670 1322 vitae
709 1284 826 1323 huius
858 1296 942 1322 esse
975 1286 1208 1335 persistunt3
1247 1283 1313 1322 sed
1346 1285 1385 1322 in
1418 1283 1512 1321 divi-

177 1345 303 1395 sione,
340 1355 438 1393 quae
476 1343 540 1381 hic
577 1344 849 1394 praenuntiata
881 1348 956 1394 est,
994 1348 1184 1393 perpetuo
1216 1341 1512 1393 permanebunt.

176 1401 280 1439 Nihil
312 1403 414 1440 enim
447 1401 608 1452 prodest
646 1406 920 1439 testamentum
961 1407 1072 1439 vetus
1105 1401 1151 1439 de
1184 1407 1315 1439 monte
1350 1400 1441 1438 Sina
1472 1401 1512 1438 in

177 1461 405 1498 servitutem
431 1472 634 1511 generans,
667 1461 740 1497 nisi
767 1461 856 1510 quia
888 1460 1154 1498 testimonium
1186 1458 1366 1510 perhibet
1397 1464 1512 1497 testa-

177 1524 308 1556 mento
347 1530 457 1557 novo.
519 1518 717 1569 Alioquin,
750 1518 933 1568 quamdiu
965 1517 1107 1568 legitur
1139 1517 1307 1569 Moyses,
1338 1516 1512 1555 velamen

178 1588 296 1627 super
323 1576 440 1615 corda
466 1588 602 1615 eorum
629 1578 799 1627 positum
832 1583 907 1627 est3
941 1588 1031 1615 cum
1063 1581 1192 1615 autem
1224 1576 1313 1614 inde
1346 1577 1512 1626 quisque

178 1636 377 1673 transierit
409 1635 455 1673 ad
488 1634 697 1686 Christum,
730 1635 931 1673 auferetur
963 1634 1146 1673 velamen.
1209 1634 1512 1672 Transeuntium

179 1696 321 1744 quippe
347 1694 512 1732 intentio
539 1695 622 1743 ipsa
647 1699 822 1732 mutatur
855 1693 901 1732 de
934 1699 1065 1731 vetere
1098 1694 1144 1732 ad
1176 1704 1331 1744 novum,
1363 1698 1406 1731 ut
1437 1694 1512 1730 iam

178 1764 256 1789 non
295 1752 460 1802 quisque
503 1751 680 1790 intendat
723 1753 899 1802 accipere
938 1752 1149 1804 carnalem,
1193 1751 1260 1789 sed
1299 1750 1512 1802 spiritalem

179 1809 413 1848 felicitatem.
474 1809 641 1860 Propter
679 1809 782 1860 quod
814 1811 897 1860 ipse
930 1822 1092 1861 magnus
1123 1809 1311 1861 propheta
1345 1809 1513 1860 Samuel,

180 1874 386 1918 antequam
412 1869 589 1906 unxisset
621 1879 752 1918 regem
781 1868 883 1919 Saul,
916 1869 1068 1919 quando
1103 1868 1329 1906 exclamavit
1360 1867 1405 1905 ad
1440 1867 1511 1905 Do-

179 1927 326 1964 minum
369 1937 440 1977 pro
478 1925 620 1977 Israel,
665 1932 704 1964 et
741 1926 935 1965 exaudivit
972 1938 1079 1978 eum,
1120 1932 1175 1974 et,
1221 1938 1309 1964 cum
1353 1926 1515 1964 offerret

177 1983 498 2036 holocaustosim,
535 1983 810 2023 accedentibus
842 1984 1067 2035 alienigenis
1099 1984 1145 2022 ad
1176 1996 1345 2035 pugnam
1378 1990 1512 2022 contra

178 2043 365 2093 populum
403 2042 473 2080 Dei
511 2043 639 2081 tonuit
670 2041 858 2081 Dominus
891 2055 1009 2093 super
1042 2054 1126 2094 eos,
1165 2049 1204 2081 et
1236 2043 1388 2081 confusi
1421 2048 1513 2080 sunt

179 2105 217 2137 et
255 2100 503 2139 offenderunt
540 2112 671 2139 coram
703 2100 822 2139 Israel
861 2107 975 2151 atque
1009 2103 1181 2152 superati
1214 2107 1321 2139 sunt:
1359 2100 1512 2139 adsum-

179 2160 257 2208 psit
288 2158 453 2209 lapidem
480 2171 601 2197 unum
627 2164 666 2197 et
692 2160 827 2197 statuit
857 2159 966 2197 illum
998 2161 1100 2198 inter
1126 2159 1345 2211 Massephat
1377 2170 1513 2196 novam

273 2249 330 2290 23)
358 2247 437 2282 Gal.
463 2252 495 2290 4,
523 2251 576 2282 24.
627 2249 685 2291 ⁴26)
712 2251 742 2281 2.
771 2247 848 2282 Cor.
876 2252 908 2291 3,
937 2252 989 2282 16.
