1611 2465
54 854 94 883 10

54 1146 95 1176 15

54 1439 97 1469 20

56 1729 99 1760 25

120 103 204 143 508
658 110 683 136 s.
704 110 921 137 AUGUSTINI

664 266 818 309 CAPUT
851 266 923 308 IX.

228 354 288 392 De
316 354 503 400 ⁸aehenna
536 357 573 391 et
606 358 867 390 aeternarum
899 354 1095 399 qualitate
1121 365 1356 402 poenarum.

239 434 351 479 Quod
377 435 497 485 igitur
523 433 571 471 de
599 435 837 484 sempiterno
865 434 1056 485 supplicio
1090 434 1361 474 damnatorum
1392 447 1465 486 per

120 506 234 532 suum
261 492 492 544 prophetam
520 491 624 530 Deus
654 492 761 543 dixit,
793 492 870 545 fiet,
903 494 1060 531 omnino
1093 493 1176 532 fiet:
1219 493 1369 533 Vermis
1401 506 1463 533 eo-

120 563 210 591 rum
245 563 323 590 non
355 553 552 590 morietur
584 556 623 590 et
653 553 757 599 tynis
789 562 927 589 eorum
959 562 1038 590 non
1071 554 1344 600 exte'nquetur.
1406 552 1463 591 Ad

118 611 192 649 hoc
243 611 348 649 enim
398 609 669 648 vehementius
720 609 1071 648 commendandum
1117 612 1233 649 etiam
1276 610 1465 650 Dominus

120 669 249 721 Iesus,
288 681 378 707 cum
416 667 592 706 membra
631 679 729 718 quae
768 667 967 706 hominem
1009 668 1270 708 scandalizant
1300 681 1371 720 pro
1404 670 1465 708 his

118 726 341 766 hominibus
367 732 549 778 poneret,
582 738 679 777 quos
708 731 753 765 ut
785 739 853 764 sua
885 726 1060 765 membra
1092 727 1228 766 dextra
1261 730 1349 778 quis
1381 728 1464 767 dili-

118 788 190 837 git,
232 798 354 836 eaque
386 787 645 837 praeciperet
676 786 885 836 amputari:
922 786 1075 824 Bonum
1113 791 1172 824 est
1201 787 1290 834 tibi,
1327 788 1466 840 inquit,

122 846 289 883 debilem
330 846 499 883 introire
546 847 587 883 in
624 846 745 883 vitam
783 855 901 892 quam
939 846 1041 883 duas
1078 856 1219 884 manus
1259 846 1467 884 habentem

122 906 183 942 ire
216 905 257 942 in
297 904 539 951 ⁸(seltennam,
579 905 621 942 in
653 904 784 951 iqnem
817 904 1181 952 inextinqutbilem,
1222 905 1294 942 ubi
1322 907 1467 943 vermis

121 974 258 1001 eorum
297 974 377 1000 non
414 964 586 1000 moritur
626 966 662 1000 et
701 963 805 1010 tynis
837 973 916 1000 non
950 964 1214 1010 ext‘e'nyuitur.
1279 961 1466 1001 Similiter

121 1019 169 1058 de
201 1019 318 1071 pede:
352 1020 505 1058 Bonum
538 1024 596 1059 est
626 1021 709 1069 tibi,
741 1021 881 1071 inquit,
914 1022 1103 1059 claudum
1135 1023 1307 1060 introire
1338 1023 1380 1060 in
1411 1023 1466 1060 vi-

123 1084 203 1117 tam
230 1084 437 1118 aeternam.
464 1090 584 1127 quam
610 1079 708 1117 duos
729 1080 854 1128 pedes
880 1079 1090 1117 habentem
1115 1081 1219 1118 man·
1249 1082 1289 1118 in
1318 1081 1466 1128 yenen-

122 1149 215 1176 nam
248 1140 352 1185 tynis
382 1138 712 1185 inexlinyuc'bile'S,
746 1138 816 1175 ube·
840 1139 983 1175 vermis
1015 1149 1151 1176 eoram
1185 1149 1263 1176 non
1295 1141 1467 1177 moritur

122 1200 161 1235 et
201 1198 306 1243 tynis
346 1207 425 1234 non
467 1197 733 1243 esclz'nquitur.
803 1194 889 1234 Non
928 1195 1039 1234 aliter
1078 1197 1130 1234 ait
1169 1202 1208 1234 et
1245 1196 1293 1234 de
1335 1197 1466 1235 oculo:

122 1254 276 1293 Bonum
321 1259 380 1292 est
423 1255 496 1292 tz'hz'
538 1256 691 1292 luseum
736 1255 907 1292 introire
951 1256 991 1292 in
1030 1266 1198 1302 reanum
1235 1255 1313 1293 Dei
1349 1267 1468 1304 quam

123 1314 221 1351 decos
254 1315 390 1351 oculos
422 1313 633 1351 habentem
664 1314 767 1350 man·
799 1314 837 1350 e'n
867 1313 1094 1360 (fenennam
1126 1315 1248 1361 tynis,
1280 1314 1351 1352 ube·
1380 1326 1466 1353 ver-

123 1373 195 1409 mis
227 1382 365 1409 eorum
403 1383 481 1409 non
519 1372 691 1409 moritur
730 1375 768 1409 et
806 1372 910 1418 ‘tynis
943 1382 1021 1409 non
1054 1373 1318 1420 extinquz'tur.
1381 1371 1468 1410 Non

124 1441 214 1467 eum
240 1429 366 1480 piguit
391 1441 470 1467 uno
496 1429 581 1467 loco
615 1428 750 1467 eadem
782 1428 900 1466 verba
932 1435 993 1467 ter
1026 1429 1168 1468 dicere.
1232 1429 1358 1475 Quem
1389 1442 1467 1469 non

124 1493 271 1526 terreat
309 1488 384 1526 ista
423 1488 605 1538 repetitio
648 1492 687 1525 et
728 1486 832 1525 illius
876 1499 1024 1538 poenae
1065 1488 1349 1527 commendatio
1389 1494 1468 1528 tam

123 1546 333 1584 vehemens
366 1558 434 1584 ore
467 1543 627 1584 divino?

243 1604 461 1654 Utrumque
500 1610 631 1643 autem
668 1604 832 1656 horum,
870 1606 1001 1655 ignem
1039 1605 1189 1644 scilicet
1227 1612 1342 1656 atque
1384 1618 1467 1644 ver-

125 1675 239 1715 mem,
272 1664 339 1713 qui
370 1662 506 1701 volunt
532 1662 578 1701 ad
611 1663 728 1701 animi
760 1675 918 1715 poenas,
950 1675 1028 1701 non
1061 1664 1107 1702 ad
1141 1665 1318 1715 corporis
1349 1665 1467 1715 perti-

127 1733 233 1773 nere,
266 1721 402 1759 dicunt
427 1723 543 1759 etiam
571 1723 632 1759 uri
659 1721 792 1759 dolore
820 1723 938 1760 animi
963 1734 1051 1761 sero
1079 1728 1194 1773 atque
1221 1723 1467 1761 infructuose

124 1781 368 1830 paenitentes
401 1791 480 1832 eos,
512 1781 579 1830 qui
611 1780 759 1818 suerint
791 1792 811 1818 a
842 1792 963 1831 regno
996 1780 1065 1819 Dei
1098 1782 1277 1833 separati,
1310 1786 1349 1819 et
1379 1781 1469 1820 ideo

125 1840 254 1888 ignem
281 1850 352 1888 pro
379 1839 454 1876 isto
481 1835 614 1875 dolore
648 1844 787 1876 urente
815 1850 893 1877 non
919 1840 1135 1890 incongrue
1167 1840 1260 1890 poni
1291 1841 1466 1889 potuisse

126 1896 386 1946 contendunt3
424 1895 526 1934 unde
567 1895 662 1934 illud
695 1896 859 1946 apostoli
898 1902 973 1935 est:
1020 1898 1114 1943 Quis
1145 1898 1467 1945 scandalizatur,

222 1998 256 2039 5')
281 1995 379 2030 Esai.
413 2000 474 2039 66,
508 2000 562 2030 24.
617 1997 765 2039 19)M1·.
800 2000 837 2039 9,
870 2001 913 2031 43
949 2008 1025 2040 sqq.

221 2138 241 2169 5
272 2135 498 2180 extinguitur
521 2135 594 2170 RA
614 2137 625 2180 Η
647 2140 688 2170 12
718 2136 813 2181 ignis
842 2147 917 2171 non
938 2136 1011 2171 RA
1039 2148 1103 2172 sec.
1128 2137 1252 2173 Graec.
1283 2140 1366 2180 (16‚·
1388 2142 1470 2182 19)‚·

125 2182 221 2226 ignis
247 2193 374 2216 eorum
399 2194 473 2217 non
497 2194 518 2217 v
549 2184 560 2226 ΙΙ
592 2186 636 2217 20
663 2194 745 2218 eum
772 2182 853 2224 Rv,-
879 2183 975 2217 enim
1001 2184 1150 2219 AParr.
1177 2186 1189 2229 ΙΙ
1215 2189 1256 2219 21
1286 2196 1468 2221 commen-

127 2228 228 2263 datio
264 2228 336 2262 ΕΑ
370 2232 430 2271 (6,·
465 2232 550 2271 142,
586 2233 667 2273 16),·
702 2229 939 2265 comminatio
965 2241 985 2264 v
1011 2233 1022 2275 Η
1050 2235 1094 2266 26
1120 2231 1350 2276 paenitentes
1376 2231 1468 2274 ΕΑ,-

126 2275 351 2319 paenitentis
375 2286 397 2309 v

1597 342 1602 355 0
1592 292 1604 330 —b
1588 88 1603 276 0.·›q--0*-ss*⁴·¹
