1611 2465
114 704 155 734 10

114 998 156 1028 15

112 1454 156 1485 20

112 1748 156 1778 25

180 68 267 109 446
721 76 747 101 s.
767 77 987 103 AUGUSTINJ

181 167 276 206 libet
301 168 480 206 infirmus
507 168 601 204 civis
627 165 733 204 illius
765 167 943 217 civitatis,
976 166 1044 204 sed
1075 166 1179 205 idem
1211 167 1294 217 ipse
1327 166 1521 206 Iohannes

181 228 221 264 in
255 226 419 277 epistula
446 237 516 263 sua
542 224 697 263 clamat:
730 225 777 263 Si
807 226 1040 273 dixerimus,
1073 227 1167 273 quia
1196 231 1410 275 peccatum
1442 237 1521 264 non

181 286 388 331 habemus,
426 295 497 322 iios
535 285 639 332 ipsos
678 285 922 331 seducimus,
961 289 1000 322 ei
1036 286 1185 322 veritas
1226 286 1267 322 in
1298 285 1410 323 nobis
1443 296 1522 323 non

182 349 249 382 est.
312 343 361 381 Et
392 344 432 380 in
463 341 538 380 hoc
571 341 728 392 quidem
761 341 873 394 libro,
905 344 1018 380 cuius
1049 354 1191 380 nomen
1225 348 1285 381 est
1317 341 1519 394 apocalyp-

183 403 248 453 sis,
287 401 454 439 obscure
500 400 623 439 multa
667 400 870 452 dicuntur,
914 406 958 439 ut
999 406 1169 439 mentem
1207 401 1373 452 legentis
1411 413 1520 439 exer-

183 465 307 512 ceant,
340 465 379 498 et
403 471 527 510 pauca
551 461 592 497 in
625 471 670 497 eo
704 464 806 511 sunt,
839 471 885 497 ex
917 471 1087 510 quorum
1118 452 1431 498 manifestatione
1464 460 1520 498 in-

182 518 374 569 dagentur
424 523 555 556 cetera
606 530 695 557 cum
740 517 890 569 labore3
940 520 1104 556 maxime
1150 520 1240 569 quia
1284 520 1339 557 sic
1387 518 1522 556 eadem

181 577 314 615 multis
354 577 480 615 modis
518 578 679 628 repetit,
716 581 760 615 ut
798 576 869 614 alia
908 582 1022 627 atque
1066 577 1136 615 alia
1169 577 1300 616 dicere
1331 577 1521 628 videatur,

182 648 272 674 cum
299 635 411 674 aliter
437 641 554 686 atque
581 635 693 674 aliter
718 635 813 673 haec
839 637 923 685 ipsa
949 635 1079 674 dicere
1106 637 1332 686 vestigetur.
1377 634 1522 674 Verum

182 696 222 732 in
266 694 327 733 his
371 693 520 746 verbis,
562 693 631 733 ubi
669 695 740 733 ait:
778 694 991 742 Absterqet
1029 705 1180 733 omnem
1217 696 1428 733 lacrimam
1472 695 1522 732 ab

182 756 308 792 oculis
341 765 494 800 eorum,
534 758 573 792 et
608 764 714 792 mors
746 755 826 791 iam
856 764 935 792 non
968 755 1047 791 erit
1076 765 1203 801 neque
1233 755 1364 791 luctus
1395 764 1524 801 neque

182 814 355 864 clamor,
399 813 472 850 sed
507 824 583 851 nee
621 813 735 850 dolor
773 813 896 859 ullus,
938 816 1044 850 tanta
1082 810 1168 850 luce
1207 811 1310 849 dicta
1351 817 1443 850 sunt
1475 811 1522 849 de

188 870 342 909 saeculo
369 870 503 909 futuro
531 876 570 909 et
594 870 871 909 inmortalitate
898 875 1013 920 atque
1040 871 1270 909 aeternitate
1297 875 1522 908 sanctorum

183 925 297 981 (tunc
336 930 441 967 enim
480 929 606 967 solum
648 934 764 979 atque
801 927 856 967 ibi
894 928 1019 967 solum
1059 930 1133 967 ista
1164 940 1242 967 uon
1276 924 1436 980 erunt),
1480 933 1524 966 ut

183 987 288 1025 nulla
338 987 551 1026 debeamus
600 989 641 1026 in
690 987 830 1026 litteris
881 983 1002 1025 ‘sacris
1053 998 1242 1038 quaerere
1288 986 1348 1025 vel
1390 986 1522 1038 legere

182 1046 404 1097 manifesta,
437 1047 469 1084 si
501 1046 597 1085 haec
629 1047 896 1097 putaverimus
929 1045 1109 1084 obscura.

684 1205 839 1248 CAPUT
870 1207 1028 1248 XVIII.

289 1294 396 1339 Quid
425 1294 626 1341 apostolus
659 1292 804 1330 Petrus
836 1293 885 1330 de
916 1293 1124 1330 novissimo
1156 1292 1235 1330 Dei
1265 1292 1414 1331 iudicio

721 1351 988 1399 praedicarit.

301 1433 413 1472 Nunc
445 1435 521 1471 iam
553 1432 764 1482 videamus,
797 1432 888 1482 quid
923 1433 1037 1470 etiam
1070 1431 1268 1483 apostolus
1300 1431 1442 1470 Petrus
1474 1431 1521 1470 de

182 1492 257 1531 hoc
289 1492 433 1530 iudicio
467 1492 692 1542 scripserit:
734 1491 914 1537 Venient,
947 1492 1091 1542 inquit,
1125 1493 1166 1529 in
1197 1492 1407 1530 novissimo
1440 1492 1520 1529 die-

182 1563 274 1590 rum
311 1553 508 1589 inlusione
546 1551 789 1596 inludentes,
833 1551 1052 1587 secundum
1084 1552 1277 1598 proprias
1314 1551 1521 1598 eoncupis-

183 1612 337 1649 centias
367 1621 463 1648 suas
488 1613 625 1647 euntes
652 1613 690 1647 et
715 1610 909 1647 dieentes:
948 1608 1021 1646 Ubi
1051 1613 1109 1646 est
1133 1610 1372 1657 promissum
1401 1619 1521 1656 prae—

182 1671 335 1707 sentiae
378 1669 527 1716 ipsius?
589 1667 655 1705 Ex
697 1678 773 1714 quo
817 1668 920 1705 enim
958 1671 1100 1715 patres
1150 1668 1419 1714 dormierunt,
1463 1669 1522 1705 sic

183 1729 317 1766 omnia
343 1730 611 1775 perseverant
635 1726 685 1763 ab
718 1727 830 1763 initio
864 1730 1092 1764 creaturae.
1154 1725 1272 1763 Latet
1301 1727 1404 1763 enim
1437 1726 1523 1764 illos

183 1787 259 1825 hoc
291 1787 473 1831 volentes,
506 1786 603 1834 quia
629 1786 735 1822 caeli
765 1789 884 1822 erant
914 1786 1005 1822 olim
1037 1788 1076 1822 et
1106 1788 1220 1822 terra
1253 1785 1302 1821 de
1334 1795 1452 1831 aqua,
1485 1788 1524 1821 et

178 1855 256 1893 per
283 1854 429 1892 aquam
455 1845 671 1881 constituta
698 1843 775 1880 Dei
799 1843 929 1893 verbo,
957 1854 1033 1890 per
1059 1853 1173 1890 quae,
1205 1843 1277 1889 qui
1306 1846 1401 1879 tunc
1433 1846 1524 1880 erat

183 1904 366 1949 mundus,
399 1912 506 1949 aqua
532 1902 752 1938 inundatus
780 1902 960 1949 deperiit.
1029 1902 1107 1946 Qui·
1131 1905 1261 1938 {tutem
1293 1911 1401 1937 mmo
1431 1904 1525 1938 sunt

184 1963 290 2000 caeli
314 1966 352 2000 ei
377 1965 501 2007 terra,
534 1960 669 1998 eodem
694 1960 814 1997 verbo
839 1960 1006 2007 repositi
1034 1964 1136 2005 sunt,
1169 1960 1255 2006 iqui
1284 1959 1525 1996 reservandi

279 2065 312 2105 4)
341 2066 370 2096 1.
398 2062 448 2096 Io.
478 2065 509 2104 1,
535 2065 566 2095 8.

280 2207 297 2237 1
323 2202 488 2236 infirmus
514 2201 662 2235 RParr.
686 2201 798 2244 plerr.
830 2202 930 2242 (309,
956 2203 1023 2241 30‚·
1055 2202 1138 2241 336,
1164 2202 1235 2241 27,·
1265 2202 1350 2242 425,
1376 2201 1435 2242 9);
1468 2199 1521 2233 in-

183 2250 289 2284 fimus
315 2250 371 2283 Av
391 2251 441 2293 113
468 2247 671 2292 decipimus
696 2248 731 2281 A
750 2249 762 2291 ΙΙ
784 2251 824 2281 10
850 2247 1047 2290 Absterget
1071 2246 1168 2281 Deus
1193 2257 1214 2280 v
1244 2248 1340 2289 (444,
1367 2249 1429 2289 17)
