1548 2562
388 151 439 175 DE
458 150 649 176 OIVITATE
667 150 736 175 DEI
753 150 786 176 Ia.
806 150 887 175 XVI.
909 149 937 175 C.
957 151 981 174 1.
1000 150 1024 175 2.
1272 137 1352 177 12].

42 245 219 289 terrupta
260 237 520 288 temporibus,
560 239 610 275 ita
651 243 693 276 ut
732 238 859 276 nullus
895 237 1093 275 hominum
1129 237 1211 273 veri
1241 236 1356 273 unius

43 296 110 334 Dei
156 296 281 334 cultor
319 297 521 345 existeret,
561 295 606 332 ad
644 295 831 344 liquidum
869 295 1070 344 scripturis
1110 291 1356 342 loquentibus

44 355 216 391 iuvenire
256 352 408 391 difficile
449 357 524 403 est,
561 357 765 402 propterea
807 353 893 402 quia
936 353 974 389 in
1016 352 1209 388 canonicis
1248 349 1356 387 libris

45 415 132 461 post
171 410 273 461 Noe,
317 411 382 459 qui
422 421 510 447 cum
547 411 708 459 coniuge
753 421 794 447 ac
834 409 956 447 tribus
994 408 1080 446 filiis
1120 407 1356 456 totidemque

45 467 207 505 nuribus
240 468 320 505 suis
351 468 492 504 meruit
532 478 601 515 per
633 478 759 504 arcam
790 468 998 503 vastatione
1031 465 1161 503 diluvii
1191 463 1358 515 liberari,

44 537 121 562 non
159 525 374 562 invenimus
412 535 534 572 usque
574 523 763 561 Abraham
801 525 1026 572 cuiusquam
1064 524 1245 572 pietatem
1282 522 1356 558 evi-

45 582 151 620 denti
195 581 322 619 divino
365 580 517 630 eloquio
560 580 838 631 praedicatam,
881 582 953 618 nisi
997 580 1098 629 quod
1134 578 1214 617 Noe
1261 578 1357 615 duos

44 638 142 676 filios
180 650 270 676 suos
304 638 392 676 Sem
431 644 469 676 et
500 637 659 688 Iapheth
696 637 920 688 prophetica
955 638 1224 675 benedictione
1256 649 1358 675 com-

43 696 215 746 mendat,
258 697 414 734 intuens
458 701 496 734 et
538 695 765 746 praevidens
809 695 911 745 quod
954 694 1065 745 longe
1110 695 1236 733 fuerat
1271 699 1358 744 post

44 753 230 791 futurum.
290 752 399 791 Unde
437 754 580 792 factum
618 759 677 791 est
715 753 828 790 etiam
865 752 977 803 illud,
1019 758 1060 791 ut
1092 753 1212 790 filium
1244 764 1358 790 suum

43 811 224 863 medium,
249 811 322 849 hoc
348 817 405 849 est
431 812 688 861 primogenito
714 812 904 849 iuniorem
931 810 1143 861 ultimoque
1164 812 1360 861 maiorem,

45 869 110 918 qui
141 875 367 919 peccaverat
402 871 440 907 111
479 875 645 920 patrem,
683 882 757 907 non
789 871 827 907 in
860 871 960 919 ipso,
1000 869 1066 907 sed
1098 870 1137 906 111
1170 868 1244 905 filio
1277 870 1359 905 eius

44 937 114 964 suo
153 932 293 976 nepote
335 927 579 964 malediceret
618 927 674 964 his
711 926 856 965 verbis:
893 927 1132 965 Maledictus
1169 927 1360 963 Clzanaan

37 995 162 1034 puer,
196 983 370 1031 famulus
401 986 478 1022 erit
510 983 710 1032 fratribus
740 987 830 1022 suis.
893 984 1069 1022 Chanaan
1100 995 1217 1033 porro
1250 988 1360 1020 natus

44 1041 171 1078 fuerat
201 1053 247 1078 ex
286 1040 423 1092 Cham,
464 1042 530 1091 qui
568 1043 687 1090 patris
726 1041 952 1080 dormientis
985 1053 1055 1078 nec
1088 1045 1255 1091 texerat,
1293 1039 1360 1076 sed

42 1100 171 1148 potius
210 1098 431 1149 prodiderat
477 1098 701 1136 nuditatem.
762 1098 868 1136 Unde
907 1100 1020 1137 etiam
1062 1098 1163 1147 quod
1204 1102 1361 1134 secutus

43 1155 216 1193 adiunxit
241 1155 549 1193 benedictionem
574 1156 738 1194 duorum
765 1157 918 1193 maximi
949 1162 986 1193 et
1017 1156 1164 1193 minimi
1195 1154 1361 1192 tiliorum

43 1213 199 1251 dicens:
231 1213 469 1251 Benedictus
500 1214 689 1251 Dominus
721 1214 826 1251 Deus
858 1214 956 1261 Sem,
990 1219 1026 1251 et
1057 1215 1134 1251 erit
1168 1213 1361 1249 Chanacm

39 1282 142 1319 puer
174 1272 299 1314 illius;
331 1273 494 1316 latificet
525 1271 630 1308 Deus
657 1271 834 1321 ΙαρΙιεῑῘῑ,
866 1276 903 1309 et
934 1272 1084 1309 habitet
1114 1272 1153 1308 in
1186 1270 1362 1307 domibus

43 1328 152 1375 Sem,
196 1329 297 1365 sicut
339 1329 420 1377 ipsa
458 1327 630 1366 eiusdem
663 1328 742 1365 Noe
780 1333 818 1365 et
855 1329 986 1365 vineae
1025 1327 1206 1377 plantatio
1245 1331 1283 1363 et
1314 1337 1360 1363 ex

44 1386 127 1422 eius
159 1385 288 1422 fructu
321 1384 524 1422 inebriatio
563 1390 600 1422 et
641 1385 867 1423 dormientis
899 1385 1072 1435 nudatiO,
1111 1390 1148 1421 et
1180 1395 1277 1433 quae
1309 1382 1362 1420 ibi

44 1448 173 1480 cetera
200 1442 297 1479 sacta
323 1448 437 1491 atque
470 1443 686 1492 conscripta
718 1448 819 1493 sunt,
850 1442 1087 1493 propheticis
1119 1447 1210 1479 sunt
1241 1441 1361 1490 gravi-

44 1500 129 1538 data
161 1499 340 1537 sensibus
372 1505 410 1537 et
441 1499 559 1537 velata
592 1499 835 1549 tegminibus.

583 1622 735 1664 CAPUT
761 1623 815 1664 II.

116 1708 221 1752 Quid
251 1708 291 1744 in
318 1709 413 1752 filiis
446 1708 526 1744 Noe
552 1708 785 1754 prophetice
812 1705 939 1753 fuerit
965 1708 1296 1754 prccefiqurdtum.

162 1786 237 1824 Sed
275 1798 378 1824 nunc
417 1798 549 1824 rerum
587 1786 724 1823 effectu
762 1787 836 1823 iam
874 1788 912 1823 in
944 1787 1110 1836 posteris
1142 1790 1363 1835 consecuto,

47 1855 143 1894 quae
182 1849 314 1893 operta
355 1844 524 1893 fuerant,
563 1845 653 1881 satis
685 1850 815 1893 aperta
847 1849 947 1881 sunt.
1010 1843 1103 1887 Quis
1136 1844 1237 1880 enim
1269 1842 1363 1880 haec

46 1901 249 1951 diligenter
305 1906 343 1938 et
396 1900 666 1950 intellegenter
720 1900 922 1938 advertens
972 1912 1047 1938 non
1097 1905 1275 1949 agnoscat
1323 1900 1363 1937 in

46 1956 229 1997 Christo?
290 1957 379 1996 Sem
417 1959 576 2008 quippe,
620 1957 667 1996 de
705 1959 815 1996 cuius
855 1959 999 1995 semine
1036 1959 1073 1995 in
1105 1969 1219 1995 earne
1252 1962 1364 1995 natus

141 2059 196 2101 14)
223 2058 310 2092 Gen.
337 2061 368 2099 9,
395 2061 438 2091 25
465 2069 542 2101 sqq.

140 2189 158 2218 3
186 2184 282 2227 quod
306 2194 326 2217 v
345 2186 357 2227 ΙΙ
376 2188 395 2218 5
423 2195 444 2218 a
469 2186 558 2219 vast.
585 2196 604 2218 v
630 2186 641 2228 ΙΙ
667 2189 686 2218 6
712 2195 825 2228 usque
858 2185 944 2226 VA;
970 2196 1082 2228 usque
1103 2186 1148 2219 ad
1172 2196 1192 2219 v
1211 2187 1223 2229 ΙΙ
1244 2190 1283 2219 11
1309 2186 1362 2219 111-

47 2230 185 2264 niorem
209 2240 296 2271 mss;
322 2230 497 2264 minorem
522 2241 542 2264 v
567 2232 579 2273 Η
606 2235 645 2264 17
673 2230 837 2264 adiunxit
868 2231 920 2272 V,·
952 2231 1119 2276 adjungit
1143 2242 1162 2266 v
1182 2233 1193 2276 ΙΙ
1214 2236 1255 2266 19
1281 2232 1363 2266 lati-

45 2276 129 2311 ficet,
160 2276 248 2310 VAb
273 2286 336 2311 sec.
363 2276 509 2317 Graec.;
533 2276 646 2310 laetif.
673 2276 728 2309 Bo
748 2278 821 2320 1127
847 2276 994 2311 fuerunt
1017 2277 1130 2310 RAF

1387 759 1428 788 10

1388 1047 1428 1077 15

1387 1335 1431 1364 20

1389 1712 1433 1743 25
