1611 2465
43 745 82 775 10

40 1038 80 1068 15

39 1731 81 1761 25

41 2048 83 2077 30

111 110 195 150 618
653 117 680 143 5.
700 117 917 144 Acees'rnn

111 208 296 260 credidit,
342 219 458 258 quem
500 206 744 245 crediturum
783 208 866 258 ipse
907 206 1094 258 laudavit,
1135 208 1217 258 ipse
1259 209 1449 260 promisit,

109 268 192 318 ipse
221 266 437 317 complevit.
476 264 616 303 Utrum
647 267 751 303 enim
780 277 858 303 non
884 270 1014 316 potest
1042 265 1170 304 facere
1200 271 1244 304 ut
1272 273 1450 317 resurgat

110 337 199 364 caro
239 331 278 364 et
320 326 418 362 vivat
450 325 490 362 in
523 329 744 376 aeternum,
777 335 824 362 an
856 329 1065 375 propterea
1099 324 1338 363 credendum
1371 337 1449 363 non

111 390 169 422 est
209 384 247 422 id
287 395 375 421 eum
415 395 499 421 esse
540 383 755 434 facturum,
801 384 889 433 quia
928 382 1071 420 malum
1113 388 1173 421 est
1205 388 1319 433 atque
1352 383 1449 422 indi-

110 455 229 493 gnum
273 448 331 480 est
370 439 478 480 Deo?
542 440 617 479 Sed
659 441 706 479 de
746 442 1027 492 omnipotentia
1065 442 1170 492 eius,
1210 453 1284 492 qua
1323 447 1381 480 tot
1413 447 1451 480 et

110 507 215 539 tanta
248 501 339 539 facit
364 499 619 548 incredibilia,
652 501 728 538 iam
760 499 880 538 multa
912 499 1092 537 diximus.
1156 499 1196 537 Si
1228 499 1362 539 volunt
1393 502 1449 539 in-

110 561 243 598 venire
278 558 381 610 quod
414 560 661 610 omnipotens
694 570 772 596 non
804 564 950 609 potest,
983 557 1127 596 habent
1158 570 1340 611 prorsus,
1380 571 1449 610 ego

110 619 252 657 dicam:
292 619 450 656 mentiri
488 629 565 655 non
603 622 744 668 potest.
807 615 1020 655 Credamus
1061 629 1153 667 ergo
1187 617 1290 668 quod
1322 623 1451 669 potest

111 689 188 715 non
235 676 430 715 credendo
477 676 580 727 quod
622 688 700 714 non
742 680 882 727 potest.
945 675 1030 713 Non
1071 677 1201 726 itaque
1245 676 1450 715 credentes

111 735 214 786 quod
241 737 399 774 mentiri
428 736 551 786 possit
579 734 741 773 credant
773 746 858 773 esse
892 734 1087 773 facturum
1119 734 1222 785 quod
1255 747 1296 773 se
1329 735 1433 774 sactu

109 807 196 833 rum
225 806 309 833 esse
336 795 527 847 promisit,
559 799 597 832 et
630 795 685 832 sic
718 792 890 845 credant,
923 794 1039 831 sicuti
1071 792 1237 832 credidit
1268 794 1449 847 mundus,

109 865 225 904 quem
268 853 512 891 crediturum
551 865 636 891 esse
674 852 886 903 praedixit,
931 864 1047 902 quem
1089 851 1332 891 crediturum
1364 865 1449 891 esse

109 912 286 964 laudavit,
319 923 435 962 quem
469 911 712 950 crediturum
743 923 829 966 esse
861 912 1056 962 promisit,
1096 922 1212 961 quem
1238 910 1449 950 credidisse

108 972 183 1009 iam
217 970 397 1009 ostendit.
456 969 538 1008 Hoc
571 976 700 1009 autem
727 969 869 1007 malum
898 982 983 1007 esse
1016 969 1119 1007 unde
1152 967 1450 1009 demonstrant?

107 1029 192 1067 Non
233 1031 307 1068 erit
344 1028 422 1067 illic
462 1028 538 1067 ulla
579 1029 797 1079 corruptio,
837 1028 940 1078 quod
983 1034 1042 1066 est
1079 1029 1256 1079 corporis
1295 1028 1449 1067 malum.

108 1087 161 1126 De
195 1087 331 1126 ordine
365 1087 649 1126 elementorum
683 1088 757 1125 iam
791 1086 1090 1138 disputavimus,
1132 1086 1179 1124 de
1212 1087 1295 1126 aliis
1328 1087 1449 1126 homi-

107 1158 201 1185 num
234 1147 472 1184 coniecturis
512 1148 605 1184 satis
644 1146 828 1197 diximus3
868 1150 1010 1195 quanta
1049 1146 1099 1183 sit
1131 1145 1261 1184 futura
1293 1147 1332 1184 in
1366 1158 1449 1184 cor-

106 1218 201 1256 pore
246 1204 536 1255 incorruptibili
580 1204 742 1242 facilitas
786 1209 931 1256 motus,
978 1203 1024 1241 de
1070 1206 1289 1254 praesentis
1326 1203 1449 1243 honae

107 1263 339 1301 valetudinis
390 1268 719 1315 temperamento,
768 1274 864 1313 quae
910 1263 1046 1312 utique
1090 1261 1196 1300 nullo
1243 1262 1357 1301 modo
1396 1262 1450 1301 illi

109 1321 367 1373 comparanda
408 1327 467 1360 est
498 1320 778 1372 inmortalitati,
810 1321 849 1358 in
882 1319 980 1359 libro
1013 1321 1129 1359 tertio
1163 1319 1313 1360 decimo
1346 1322 1449 1373 satis,

107 1387 150 1419 ut
195 1382 354 1432 opinor,
399 1380 652 1419 ostendimus.
720 1378 868 1430 Legant
912 1380 1115 1430 superiora
1153 1381 1283 1431 operis
1321 1380 1449 1432 huius,

108 1441 174 1490 qui
216 1439 274 1477 vel
306 1451 383 1477 non
417 1439 597 1490 legerunt
629 1438 687 1476 vel
719 1438 853 1476 volunt
884 1437 1058 1476 recolere
1093 1438 1195 1488 quod
1228 1438 1419 1489 legerunt.

614 1576 767 1619 CAPUT
790 1575 943 1617 XXVI.

115 1664 199 1710 Ouo
240 1664 354 1702 modo
389 1663 608 1712 Porphyrie
648 1663 844 1709 definitio,
883 1673 963 1710 qua
1002 1663 1129 1700 beatis
1161 1663 1304 1700 [mimis
1332 1666 1450 1711 putat

110 1734 257 1771 corpus
298 1733 411 1760 omne
449 1720 711 1769 sumendum,
760 1722 883 1769 ipsius
926 1721 1105 1759 Platonis
1144 1722 1341 1759 sententia
1383 1722 1447 1759 de-

149 1785 345 1832 struatur,
378 1782 448 1827 qm·
479 1782 576 1818 dioll
608 1790 799 1817 summum
832 1779 958 1817 Deum
992 1780 1068 1817 dies
1094 1780 1336 1828 promisisse,
1368 1783 1411 1817 ut

391 1850 605 1885 numquam
637 1838 876 1887 corporibus
908 1843 1165 1876 exueremur.

228 1920 304 1959 Sed
331 1920 571 1971 Porphyrius
599 1921 662 1971 ait,
698 1921 892 1970 inquiunt,
919 1924 959 1957 ut
987 1918 1098 1957 beata
1125 1920 1175 1957 sit
1201 1920 1338 1970 anima,
1365 1930 1448 1957 cor-

110 1992 183 2030 pus
216 1992 302 2018 esse
336 1991 450 2017 omne
493 1978 730 2029 fugiendum.
794 1977 896 2015 Nihil
930 1989 1021 2028 ergo
1053 1977 1232 2029 prodest,
1272 1978 1361 2028 quia
1391 1978 1448 2015 in-

112 2037 367 2089 corruptibile
401 2037 568 2075 diximus
602 2037 779 2075 futurum
813 2048 974 2087 corpm,
1007 2037 1038 2073 si
1071 2037 1195 2074 anima
1228 2035 1339 2074 beata
1371 2047 1449 2074 non

111 2098 208 2148 crit,
248 2098 322 2134 nisi
368 2108 480 2134 omne
527 2108 669 2146 eorpus
715 2095 905 2145 effugerit.
970 2093 1046 2132 Sed
1088 2095 1162 2132 iam
1204 2100 1239 2132 et
1279 2094 1368 2133 hinc
1409 2095 1448 2132 in

204 2249 223 2278 4
250 2245 442 2288 indignum
469 2245 524 2278 est
549 2242 607 2285 Β,-
640 2244 697 2277 est·
722 2252 787 2277 om.
815 2243 870 2276 Ao
896 2244 907 2287 Η
934 2246 953 2276 6
980 2242 1069 2277 fecit
1092 2242 1131 2287 sy
1155 2244 1166 2286 Η
1189 2246 1229 2276 11
1258 2242 1366 2276 sicuti
1391 2241 1445 2282 A,-

110 2292 205 2326 sicut
230 2293 289 2326 hie
316 2293 371 2333 R,-
398 2291 493 2325 sieut
518 2302 536 2321 7·
