1548 2562
365 169 418 193 DE
438 168 627 194 CIVITATE
645 168 716 194 DEI
734 168 766 192 L.
785 168 867 192 xm.
888 167 916 192 c.
936 168 960 192 3.
980 168 1004 192 4.
1269 156 1349 196 129

20 255 194 295 texitur?
238 256 434 307 Numquid
478 258 599 294 ceteri
644 258 726 294 sine
766 255 852 293 filiis
891 252 1193 293 remanserunt?
1242 254 1351 292 Absit

20 315 93 352 hoc
144 315 323 366 credere3
375 314 442 352 sed
492 320 650 365 geum,
700 319 860 364 propte?
910 325 1005 363 quas
1055 314 1351 351 commemorari

20 372 126 422 digni
152 378 294 423 essent,
327 385 403 410 non
431 374 566 422 utique
594 372 785 423 fecerunt,
819 372 919 422 quia,
952 372 1052 409 sieut
1078 370 1350 421 nascebantur,

19 430 104 469 aliis
135 430 316 481 gentibus
349 430 600 468 addebantur.

558 541 711 583 CAPUT
739 542 811 583 IV.
1377 552 1397 582 5

108 617 167 654 De
198 616 429 654 diversitate
459 616 689 662 linquarum
716 616 998 663 principioque
1030 615 1255 663 Babylonis.

138 696 234 735 Cum
262 707 353 746 ergo
379 696 419 732 in
446 696 526 733 suis
558 694 700 744 linguis
731 696 826 733 istae
860 701 994 744 gentes
1028 696 1147 733 fuisse
1180 696 1350 733 referan-

20 762 103 806 tur,
143 754 244 792 redit
282 760 410 792 tamen
448 758 626 790 narrator
663 753 709 790 ad
746 752 840 791 illud
880 758 1050 804 tempus,
1090 753 1243 802 quando
1276 766 1350 791 una

23 813 152 863 lingua
184 813 355 850 omnium
390 812 478 861 fuit,
516 816 555 848 et
586 810 674 848 inde
707 812 781 848 iam
815 812 988 862 exponit,
1030 811 1121 860 quid
1155 811 1350 863 acciderit,

20 877 64 909 ut
88 871 308 921 linguarum
333 869 536 907 diversitas
562 875 800 907 nasceretur.
852 869 902 906 Et
927 874 1026 915 erut,
1059 870 1196 920 inquit,
1228 873 1352 908 omnis
1379 878 1420 908 10

21 934 134 968 terra
178 930 325 966 labium
369 938 489 965 unum
533 932 571 965 et
613 938 690 965 vox
732 939 813 965 ima
856 928 1045 965 omnihus.
1108 928 1159 964 El
1196 927 1350 975 factum

21 991 96 1034 est,
135 998 224 1025 cum
255 990 455 1023 moverent
487 987 563 1033 ipsi
593 986 642 1021 ab
681 986 857 1031 Oriente,
900 987 1138 1023 invenerunt
1169 997 1351 1034 campum

22 1048 61 1083 in
100 1049 212 1083 terra
251 1044 452 1089 Sennaur,
491 1050 529 1081 et
566 1044 849 1081 habitaverunt
886 1044 950 1080 ibi.
1013 1043 1065 1080 Et
1102 1045 1206 1081 dixit
1236 1045 1348 1081 homo

18 1105 219 1151 proximo:
262 1102 406 1148 Venite,
435 1100 636 1148 faciainus
662 1103 806 1139 lateres
833 1106 869 1138 et
896 1112 1111 1148 coquamus
1139 1103 1222 1139 illos
1256 1104 1349 1149 iyni.

22 1162 73 1198 Et
106 1160 212 1208 facti
247 1165 339 1198 sunt
377 1161 451 1197 illis
489 1161 634 1197 lateres
676 1161 715 1196 in
753 1160 941 1207 lapidem,
982 1165 1018 1196 et
1057 1160 1228 1197 bitumen
1262 1165 1351 1197 erat
1380 1168 1420 1198 15

22 1221 97 1257 illis
140 1221 279 1268 lutum,
323 1223 361 1255 et
405 1219 615 1255 dixerunt:
668 1217 818 1263 Venite,
864 1219 1119 1262 aedificemus
1163 1219 1351 1256 nobismet

22 1279 115 1324 ipsis
159 1278 358 1315 civitatem
402 1281 439 1313 et
482 1280 651 1320 turrem,
697 1277 811 1313 cuius
856 1280 977 1323 eaput
1016 1277 1092 1312 erit
1133 1287 1257 1323 usque
1298 1277 1353 1313 ad

22 1337 193 1381 caelum,
232 1338 270 1372 et
303 1333 504 1381 faciamus
549 1339 724 1370 nostrum
770 1344 907 1371 nomen
948 1338 1159 1380 antequam
1199 1336 1349 1381 disper-

18 1403 165 1440 9amur
203 1394 243 1429 in
277 1391 423 1439 faciem
463 1393 586 1429 omnis
630 1396 776 1429 terrae.
840 1391 891 1428 Et
922 1392 1126 1429 deseendit
1159 1392 1351 1430 Dominus

21 1452 158 1488 videre
189 1452 387 1488 civitatem
414 1454 450 1487 et
483 1454 645 1496 turrem,
679 1461 795 1496 quam
828 1450 1146 1494 aedificaverunt
1174 1452 1253 1496 filii
1282 1452 1348 1487 ho-
1377 1457 1419 1488 20

21 1510 178 1546 minum.
242 1508 292 1545 Et
323 1509 428 1545 dixit
459 1508 648 1545 Dominus
680 1508 808 1545 Deus:
846 1507 952 1545 Ecce
986 1519 1113 1554 yenus
1157 1519 1277 1545 unum
1315 1513 1353 1546 et

22 1567 168 1604 labium
208 1577 329 1603 unum
369 1567 561 1609 omniu7n;
599 1570 635 1602 et
673 1566 748 1603 hoc
787 1566 1078 1602 inchoaverunt
1112 1564 1272 1612 facere,
1315 1571 1353 1604 et

21 1636 128 1662 nunc
167 1635 244 1662 non
284 1625 470 1670 deficient
507 1635 558 1660 ex
596 1625 672 1660 illis
711 1625 842 1660 omnia
887 1634 990 1669 quae
1028 1626 1164 1660 conati
1195 1623 1352 1670 suerint

18 1681 182 1729 facere,·
213 1683 352 1727 venite,
385 1686 423 1718 et
449 1682 730 1718 descendentes
763 1679 1056 1727 confundamus
1088 1682 1144 1718 ibi
1173 1683 1351 1728 linquam

22 1751 175 1787 eorum,
220 1744 263 1777 ut
306 1750 383 1777 non
437 1740 606 1776 audiant
658 1740 928 1785 unusquisque
980 1749 1111 1776 vocem
1160 1741 1348 1787 prooeiini.
1377 1747 1419 1777 25

22 1798 73 1835 Et
111 1799 297 1846 dispersit
334 1808 398 1835 eos
431 1797 620 1834 Dominus
659 1798 751 1834 inde
788 1808 908 1844 super
936 1795 1084 1843 faeiem
1117 1799 1241 1834 omnis
1273 1803 1350 1835 ter-

21 1867 116 1902 rae,
167 1860 205 1893 et
246 1859 506 1893 'cessaverunt
554 1855 814 1900 aedificantes
858 1856 1057 1891 civitatem
1102 1859 1139 1892 et
1187 1859 1350 1892 turrem.

23 1914 194 1962 Propter
231 1914 305 1951 hoc
344 1914 585 1961 appellatum
623 1916 681 1950 est
711 1923 849 1950 nomen
882 1914 986 1950 illius
1019 1911 1217 1960 confusio,
1256 1915 1352 1960 quia

21 1972 77 2009 ibi
100 1970 281 2019 confudit
306 1971 496 2009 Dominus
521 1971 630 2008 labia
662 1972 786 2008 omnis
817 1975 975 2015 terrae;
1008 1975 1045 2008 et
1077 1972 1168 2008 inde
1201 1972 1351 2019 disper-

20 2031 72 2067 sit
102 2031 187 2067 illos
218 2029 409 2067 Dominus
442 2029 547 2066 Deus
577 2040 699 2077 super
726 2027 875 2075 faeiem
906 2030 1030 2066 omnis
1063 2033 1209 2066 terrae.
1271 2028 1347 2066 Ista
1375 2037 1419 2067 30

114 2118 172 2160 30)
199 2116 286 2152 Gen.
315 2120 369 2159 11,
397 2120 414 2149 1
443 2127 520 2159 sqq.

115 2224 158 2255 14
182 2221 347 2265 proximo
381 2220 447 2254 VA
471 2231 534 2254 sec.
563 2220 636 2254 cod.
664 2220 788 2261 Aleoe.,·
819 2220 986 2264 proximo
1013 2232 1077 2254 suo
1103 2221 1159 2254 Rv
1179 2222 1191 2265 ΙΙ
1213 2225 1253 2255 16
1280 2221 1349 2255 Ve-

21 2266 95 2301 nite
122 2268 158 2301 et
182 2267 260 2302 aed.
286 2278 306 2301 v
325 2269 336 2310 ΙΙ
360 2271 399 2301 18
425 2268 590 2301 nostrum
615 2277 704 2308 mss‚·
728 2266 834 2301 nobis
859 2278 878 2300 υ
898 2269 972 2310 1125
999 2267 1154 2311 proximi
1190 2267 1351 2312 VAFefq

19 2323 82 2347 sec.
111 2313 236 2348 Graec.
245 2327 257 2355 ;
282 2312 439 2357 proximi
464 2313 520 2346 sui
545 2312 601 2346 Rv

90 2384 163 2403 Auo.
183 2384 224 2402 mv:
245 2383 306 2403 ctv.
329 2384 391 2402 nm.
411 2377 450 2402 ΙΙ.
1050 2376 1068 2404 0
