1548 2562
436 163 487 188 DE
508 163 694 188 cwiTATE
714 162 783 187 DEI
802 162 834 187 L.
855 161 934 187 XXL
956 161 984 186 c.
1005 161 1045 186 15.
1319 151 1403 192 523

71 265 159 292 111111
201 253 403 291 sanctitate
445 251 595 289 nullum
632 251 803 288 inveniet
835 250 1020 288 orationis
1052 247 1404 299 impedimentum?

72 311 355 349 Testimonium
395 321 487 348 vero
527 308 664 360 psalmi
703 313 740 346 et
777 307 831 346 illi
863 307 1036 358 quidem,
1075 308 1141 357 qui
1172 308 1405 357 permittunt

71 369 246 408 infideles
278 374 393 418 atque
419 369 558 418 impios
585 367 762 404 homines
795 365 930 403 saltem
963 365 1076 415 longo
1108 369 1284 415 tempore
1318 377 1403 402 cru—

71 428 165 465 ciari
197 432 235 465 et
266 431 401 477 postea
427 425 472 463 de
500 425 609 463 malis
641 423 822 462 omnibus
855 425 950 475 erui,
984 423 1050 461 sed
1083 424 1204 473 magis
1236 423 1301 461 isti
1332 434 1404 473 pro

72 497 113 523 se
139 485 275 523 dicunt
301 496 398 535 esse,
430 483 497 522 ubi
522 483 681 533 legitur:
713 483 916 530 Numquid
942 483 1196 520 obliviscetur
1222 483 1407 519 misereri

70 544 178 582 Deus
211 546 282 581 aut
321 542 539 581 continebit
575 543 615 579 in
656 542 721 578 ira
752 552 826 579 succ
858 541 1133 578 miserationes
1164 536 1285 577 suas?
1346 538 1405 576 Ira

72 603 156 640 eius
183 605 254 652 est,
278 601 472 650 inquiunt,
498 604 542 637 ut
568 610 702 636 omnes
729 598 876 648 indigni
904 597 1141 635 beatitudine
1171 598 1405 647 sempiterna

71 661 156 710 ipso
182 658 377 697 iudicante
404 659 618 708 puniantur
644 656 834 707 supplicio
861 657 1110 706 sempiterno.
1174 654 1250 692 Sed
1284 656 1316 692 si
1348 654 1406 692 vel

71 717 229 767 longum
269 716 329 754 vel
368 727 530 766 prorsus
569 714 690 753 ullum
731 726 816 752 esse
854 715 1094 764 permiserit,
1132 713 1325 764 profecto,
1365 718 1405 750 ut

70 776 194 826 possit
231 775 304 812 1100
342 775 442 825 11011,
482 772 696 811 continebit
732 774 771 810 in
814 774 868 810 ira
902 784 971 810 5113
1002 773 1273 809 miserationes
1306 783 1406 817 suas,

72 833 176 884 quod
216 844 306 871 eum
344 831 516 883 psalmus
555 831 648 869 dicit
685 843 763 868 non
802 842 887 868 esse
921 831 1126 868 facturum.
1187 828 1272 867 Non
1305 830 1408 867 enim

71 893 142 930 ait:
168 890 391 943 „Numquid
412 890 477 928 diu
498 888 713 927 continebit
732 890 771 926 in
792 890 848 926 ira
876 900 943 926 sua
969 888 1240 926 miserationes
1268 883 1410 925 suas‘?“

71 949 140 988 sed
175 949 277 1000 (1110(1
311 959 473 999 prorsus
506 959 583 985 non
616 946 832 985 continebit
863 945 1044 984 ostendit.

191 1007 254 1045 Sic
294 1018 385 1056 ergo
424 1007 488 1044 isti
529 1005 662 1043 volunt
693 1004 826 1043 iudicii
858 1004 927 1042 Dei
959 1004 1297 1042 comminationem
1331 1015 1408 1040 11011

72 1078 157 1104 0550
191 1065 434 1115 mendacem,
469 1064 642 1114 quamvis
676 1064 724 1101 sit
757 1064 952 1100 neminem
985 1061 1259 1112 damnaturus,
1292 1072 1407 1111 quem

72 1124 120 1162 ad
152 1123 310 1161 modum
350 1123 434 1161 eius
474 1122 832 1172 comminationem,
871 1132 945 1170 qua
978 1119 1073 1157 dixit
1106 1131 1335 1157 eversurum
1369 1131 1408 1156 se

73 1193 159 1220 esse
191 1180 366 1219 Nineven
400 1181 613 1231 civitatem,
651 1178 877 1217 mendacem
909 1190 985 1216 non
1018 1189 1227 1229 possumus
1261 1177 1409 1227 dicere3

73 1245 112 1278 et
143 1244 273 1278 tamen
305 1239 450 1277 factum
478 1249 556 1276 non
591 1242 659 1288 est,
691 1238 886 1288 inquiunt,
918 1236 1020 1286 quod
1054 1237 1136 1273 sine
1169 1234 1246 1273 ulla
1279 1235 1408 1273 condi-

72 1299 184 1336 cione
210 1296 413 1348 praedixit.
474 1295 561 1333 Non
588 1297 691 1333 enim
723 1297 791 1333 ait:
821 1294 991 1346 „Nineve
1026 1299 1236 1344 evertetur,
1269 1294 1301 1331 si
1333 1305 1409 1330 non

73 1357 225 1406 egerint
255 1356 533 1406 paenitentiam
561 1366 680 1403 seque
714 1348 997 1403 correxe1·int“3
1031 1351 1097 1390 sed
1130 1351 1203 1389 hoc
1235 1362 1313 1389 non
1347 1351 1408 1388 ad·
1438 1366 1445 1372 ·

73 1414 153 1452 dito
173 1413 459 1464 praenuntiavit
479 1413 650 1450 futuram
671 1413 912 1450 eversionem
938 1410 1040 1448 illius
1067 1410 1241 1447 civitatis.
1287 1408 1410 1454 Quam

74 1473 415 1510 comminationem
447 1476 654 1521 propterea
686 1481 863 1507 veracem
894 1473 1043 1519 putant,
1076 1469 1163 1518 quia
1195 1467 1269 1505 1100
1300 1479 1409 1518 prae-

74 1530 170 1568 dixit
201 1529 303 1568 Deus
337 1529 439 1579 quod
471 1540 561 1566 vere
606 1528 711 1578 digni
744 1532 853 1565 erant
884 1528 979 1577 pati,
1022 1527 1195 1576 quamvis
1228 1525 1301 1563 hoc
1333 1537 1411 1563 non

75 1593 180 1626 esset
211 1589 293 1638 ipse
327 1588 512 1625 facturus.
574 1586 669 1624 Nam
703 1587 775 1623 0151
807 1583 1095 1635 paenitentibus
1127 1585 1322 1634 pepercit,
1354 1584 1409 1620 in—

73 1647 234 1697 quiunt,
271 1646 406 1695 utique
445 1644 531 1682 illos
568 1645 844 1695 paenitentiam
884 1655 961 1680 non
1002 1641 1204 1692 ignorabat
1242 1646 1409 1691 acturos,

75 1709 113 1742 et
145 1709 275 1742 tamen
309 1702 485 1741 absolute
524 1713 567 1740 30
609 1702 763 1740 definite
798 1713 931 1739 eorum
965 1701 1207 1737 eversionem
1239 1699 1410 1737 futuram

74 1773 161 1800 esse
199 1760 401 1812 praedixit.
463 1760 544 1797 Hoc
583 1772 675 1810 ergo
714 1764 814 1810 erat,
855 1760 1054 1809 inquiunt,
1086 1759 1125 1795 in
1158 1759 1318 1795 veritate
1353 1768 1410 1794 se-

75 1820 269 1871 veritatis,
303 1820 391 1869 quia
423 1818 460 1856 id
494 1824 604 1856 erant
636 1818 757 1868 digni,
798 1816 864 1854 sed
896 1818 935 1854 in
968 1817 1116 1854 ratione
1152 1815 1411 1853 miserationis

76 1889 153 1916 non
187 1882 281 1928 erat,
314 1887 429 1926 quam
455 1887 531 1914 non
560 1877 752 1914 continuit
783 1876 822 1913 in
854 1875 911 1912 ira
944 1886 1024 1925 5113,
1056 1879 1099 1911 111
1131 1872 1176 1910 ab
1211 1884 1254 1910 03
1286 1884 1410 1923 poena

1437 778 1476 808 10

1438 1069 1477 1097 15

1438 1649 1478 1678 25

75 1934 319 1986 supplicibus
344 1940 536 1985 parceret,
569 1945 683 1984 (1113111
715 1934 842 1971 fuerat
873 1930 1168 1971 contumacibus
1202 1932 1409 1968 commina-
1437 1938 1481 1968 30

76 1999 150 2032 tus.
214 1992 255 2031 Si
288 2005 380 2043 ergo
406 1998 500 2031 tunc
529 1993 716 2043 pepercit,
748 1993 867 2042 aiunt,
900 1990 1053 2041 quando
1087 1994 1263 2027 sanctum
1296 2000 1411 2026 suum

74 2051 305 2102 prophetam
344 2051 470 2089 fuerat
508 2049 702 2101 parcendo
742 2050 1062 2098 contristaturus,
1105 2052 1249 2097 quanto
1289 2048 1410 2096 magis

74 2114 169 2147 tunc
201 2107 460 2146 miserabilius
493 2107 801 2158 supplicantibus
834 2112 988 2157 parcet,
1021 2104 1173 2155 quando
1206 2109 1249 2143 ut
1280 2110 1413 2155 parcat

170 2211 204 2252 6)
230 2208 285 2242 Ps.
314 2212 368 2251 76,
398 2211 450 2242 10.
502 2210 557 2251 17)
585 2208 659 2243 Ion.
687 2212 718 2250 3,
745 2211 775 2241 4.

170 2317 201 2355 6,
229 2316 283 2355 10,
312 2316 352 2346 12
381 2323 445 2346 sua
470 2322 534 2346 om.
561 2312 596 2346 A
