1611 2465
57 718 98 749 10

58 1012 99 1042 15

57 1305 100 1335 20

57 1597 100 1629 25

58 1892 101 1922 30

122 84 207 125 580
664 93 691 118 s.
711 92 929 119 Areusnm

122 189 161 222 et
187 194 431 234 quacumque
458 182 567 220 ibant
593 180 872 220 convertebant
903 183 943 220 in
976 193 1017 220 se
1051 183 1216 221 civitatis
1249 188 1461 234 aspectum.

122 241 318 294 Nonnulli,
350 245 416 292 qui
443 252 509 279 eos
536 239 626 278 alibi
653 240 829 279 viderant
854 252 1089 291 causamque
1116 243 1300 280 tremoris
1327 253 1464 280 eorum

123 306 330 351 noverant,
369 299 471 351 aliis,
504 304 546 338 ut
578 300 719 349 cuique
751 304 952 351 poterant,
985 298 1218 338 indicabant.
1280 299 1393 338 Venit
1425 305 1464 339 et

122 358 282 410 Pascha,
314 364 429 408 atque
456 359 541 409 ipso
568 357 630 396 die
663 357 856 396 dominico
890 369 1015 409 mane,
1047 370 1137 396 cum
1168 360 1243 397 iam
1276 359 1463 409 frequens

122 417 291 469 populus
322 428 510 467 praesens
542 421 646 455 esset
683 422 721 454 et
752 416 828 455 loci
860 418 984 455 sancti
1016 416 1227 468 cancellos,
1265 416 1331 456 uhi
1364 429 1463 455 mar-

123 478 267 527 tyrium
300 481 394 527 erat,
425 474 530 513 idem
560 476 712 513 iuvenis
745 486 861 513 orans
892 480 1064 527 teneret,
1097 480 1259 526 repente
1291 481 1464 527 prostra-

123 541 186 573 tus
214 539 274 572 est
298 539 337 572 et
363 533 572 572 dormienti
599 533 817 572 simillimus
844 535 974 586 iacuit,
1006 545 1084 572 non
1115 539 1246 572 tamen
1278 539 1464 586 tremens,

125 595 226 632 sicut
267 594 384 631 etiam
420 604 492 644 per
530 604 710 631 somnum
748 591 934 631 solebant.
999 591 1257 644 Stupentibus
1297 594 1364 644 qui
1401 592 1464 631 ad-

124 656 237 690 erant
276 656 393 702 atque
435 650 518 689 aliis
560 650 811 703 paventibus,
850 650 934 689 aliis
972 650 1212 703 dolentibus,
1253 664 1342 691 cum
1375 663 1466 690 eum

127 710 282 761 quidam
320 709 463 748 vellent
500 711 670 761 erigere,
708 709 883 748 nonnulli
921 709 1211 761 prohibuerunt
1252 716 1290 749 et
1333 712 1466 761 potius

126 770 273 808 exitum
305 768 591 819 expectandum
624 780 709 807 esse
743 768 937 807 dixerunt.
998 767 1047 807 Et
1079 780 1170 807 ecce
1204 770 1395 821 surrexit,
1428 774 1467 808 et

126 839 204 866 non
235 826 445 879 tremebat,
477 828 660 878 quoniam
694 832 850 866 sanatus
885 832 987 879 erat,
1020 832 1059 865 et
1091 826 1216 866 stabat
1246 827 1466 879 incolumis,

126 888 283 925 intuens
320 887 530 925 intuentes.
594 885 689 932 Quis
729 897 821 937 ergo
860 897 901 924 se
943 887 1069 924 tenuit
1101 897 1122 923 a
1153 885 1332 924 laudibus
1365 883 1466 924 Dei?

127 944 384 983 Clamantium
410 944 767 996 gratulantiumque
793 943 953 983 vo'cibus
986 943 1151 983 ecclesia
1182 956 1466 996 usquequaque

127 1003 318 1054 completa
363 1008 435 1041 est.
495 1002 588 1041 Inde
634 1003 680 1041 ad
722 1014 783 1041 me
822 1004 1017 1055 curritur,
1060 1002 1128 1041 ubi
1168 1003 1351 1042 sedebam
1391 1004 1467 1041 iam

126 1074 403 1113 processuru83
435 1062 558 1099 inruit
584 1061 681 1100 alter
714 1063 879 1112 quisque
911 1067 1000 1111 post
1032 1061 1210 1113 alterum,
1242 1063 1369 1100 omnis
1400 1073 1468 1113 po-

126 1121 269 1159 sterior
295 1121 407 1170 quasi
433 1132 588 1172 novum,
620 1119 724 1170 quod
758 1119 854 1158 alius
886 1121 995 1170 prior
1027 1119 1190 1172 dixerat,
1222 1122 1467 1172 nuntiantes3

126 1190 265 1230 meque
299 1178 493 1229 gaudente
532 1184 569 1217 et
607 1178 708 1229 apud
748 1190 809 1216 me
841 1177 920 1216 Deo
953 1179 1095 1229 gratias
1128 1183 1266 1229 agente
1298 1178 1467 1230 ingredi-

127 1244 191 1276 tur
229 1238 345 1275 etiam
382 1238 466 1288 ipse
506 1249 595 1275 cum
632 1236 830 1287 pluribus,
871 1236 1081 1275 inclinatur
1120 1236 1166 1275 ad
1204 1249 1330 1288 genua
1371 1249 1468 1288 mea,

128 1297 292 1346 erigitur
336 1295 383 1334 ad
433 1295 612 1334 osculum
662 1307 804 1333 meum.
866 1294 1122 1333 Procedimus
1173 1295 1217 1333 ad
1267 1295 1468 1348 populum,

126 1354 239 1405 plena
278 1360 361 1392 erat
399 1353 586 1405 ecclesia,
625 1357 858 1405 personabat
895 1352 1056 1392 vocibus
1095 1353 1344 1404 gaudiorum:
1388 1353 1468 1393 Deo

126 1414 287 1464 gratias,
320 1412 400 1451 Deo
433 1411 584 1451 laudes!
624 1413 779 1451 nemine
814 1417 965 1451 tacente
997 1411 1088 1450 hinc
1121 1418 1236 1463 atque
1269 1412 1359 1451 inde
1393 1412 1466 1451 cla-

126 1473 327 1510 mantium.
392 1470 562 1510 Salutavi
587 1471 788 1524 populum,
821 1476 860 1509 et
890 1482 1030 1509 rursus
1062 1470 1198 1509 eadem
1229 1471 1467 1510 ferventiore

126 1542 220 1568 voce
260 1529 486 1568 clamabant.
548 1528 666 1568 Facto
709 1529 863 1568 tandem
896 1528 1050 1568 silentio
1095 1530 1380 1581 scripturarum
1412 1529 1467 1568 di-

128 1590 305 1627 vinarum
337 1593 430 1627 sunt
460 1588 561 1627 lecta
593 1588 805 1626 sollemnia.
867 1587 941 1626 Ubi
976 1593 1106 1626 autem
1139 1594 1297 1627 ventum
1330 1593 1389 1627 est
1421 1588 1468 1627 ad

128 1649 203 1686 mei
230 1648 422 1686 sermonis
447 1646 589 1699 locum,
621 1646 699 1685 dixi
724 1658 846 1698 pauca
878 1658 949 1697 pro
981 1651 1159 1697 tempore
1191 1652 1231 1685 et
1260 1659 1332 1698 pro
1363 1646 1467 1685 illius

127 1705 368 1745 iucunditate
418 1705 598 1744 laetitiae.
660 1705 780 1756 Magis
824 1706 927 1744 enim
979 1717 1045 1743 eos
1089 1707 1128 1743 in
1173 1717 1291 1756 opere
1337 1704 1466 1744 divino

128 1764 321 1815 quandam
365 1763 435 1802 Dei
480 1764 742 1814 eloquentiam
786 1775 863 1802 non
910 1763 1065 1816 audire,
1109 1763 1176 1802 sed
1219 1763 1467 1802 considerare

128 1824 299 1873 permisi.
374 1821 587 1861 Nobiscum
636 1823 751 1861 homo
801 1822 957 1873 prandit
1008 1827 1046 1861 et
1096 1821 1302 1872 diligenter
1355 1821 1468 1860 nobis

129 1893 283 1920 omnem
316 1893 408 1920 suae
452 1881 725 1931 fraternaeque
758 1893 801 1919 ac
834 1886 1031 1919 maternae
1064 1880 1291 1919 calamitatis
1323 1880 1466 1919 indica·

130 1941 181 1978 vit
219 1940 433 1978 historiam.
496 1938 684 1990 Sequenti
722 1940 852 1990 itaque
892 1939 953 1977 die
991 1944 1079 1989 post
1117 1950 1339 1976 sermonem
1380 1938 1467 1977 red-

128 1998 251 2036 ditum
285 1999 520 2036 narrationis
553 1999 637 2036 eius
669 1997 842 2036 libellum
874 1998 914 2035 in
947 1998 1161 2035 crastinum
1193 1996 1337 2048 populo
1369 1999 1467 2036 reci—

129 2056 289 2094 tandum
330 2057 503 2107 promisi.
573 2055 683 2102 Quod
730 2067 818 2094 cum
863 2067 909 2094 ex
953 2055 1146 2093 dominico
1191 2054 1361 2094 Paschae
1405 2055 1466 2094 die

224 2173 243 2203 8
271 2170 452 2204 somnium
478 2168 568 2203 R¹A
599 2170 611 2214 ΙΙ
639 2168 807 2203 solebant
831 2168 886 2209 R‚·
919 2167 1063 2202 solebat
1088 2168 1144 2201 Av
1175 2169 1188 2212 ΙΙ
1218 2171 1262 2203 26
1287 2178 1406 2213 pauca
1429 2168 1468 2203 in

128 2217 210 2251 loco
236 2216 272 2250 R
291 2218 302 2259 ΙΙ
322 2220 366 2250 30
392 2219 432 2250 ut
458 2217 577 2250 editur
603 2217 637 2250 Α
646 2229 658 2257 ,·
691 2214 935 2250 fraternitatis
961 2226 1004 2249 ac
1029 2215 1217 2249 maternae
1243 2214 1299 2257 R,
1324 2225 1366 2249 ac
1392 2226 1467 2250 ma-

129 2265 254 2298 ternae
280 2263 536 2306 fraternaeque
562 2273 582 2297 v
