1548 2562
453 171 505 196 DE
526 171 714 196 CIVITATE
734 171 803 195 DEI
822 171 856 195 L.
873 170 972 195 xxn.
994 169 1023 195 O.
1043 171 1084 195 29.
1358 159 1440 200 627

112 260 211 308 mul,
262 259 366 310 quod
410 259 513 297 nulla
557 265 694 297 natura
738 258 949 309 corporalis
993 263 1132 309 potest.
1201 257 1265 296 Vis
1309 260 1440 309 itaque

111 317 415 369 praepollentior
456 317 658 355 oculorum
699 319 773 355 erit
809 317 982 368 illorum,
1027 329 1103 354 non
1144 322 1184 355 ut
1222 317 1349 354 acrius
1390 317 1441 355 vi-

113 376 250 428 deant,
300 388 414 426 quam
466 375 620 425 quidam
664 374 922 426 perhibentur
963 375 1093 413 videre
1137 380 1340 425 serpentes
1384 374 1444 413 vel

112 434 260 485 aquilae
294 429 552 485 (quantalibet
592 435 694 471 enim
726 434 933 471 acrimonia
967 433 1151 471 cernendi
1183 432 1316 472 eadem
1349 445 1441 483 quo-

113 505 186 542 que
227 492 402 530 animalia
444 491 538 530 nihil
576 491 677 529 aliud
718 497 883 542 possunt
923 491 1053 529 videre
1094 504 1208 541 quam
1248 487 1443 543 corpora),

113 550 180 588 sed
224 556 267 588 ut
311 549 463 588 videant
503 556 542 588 et
584 549 852 600 incorporalia.
913 548 963 587 Et
1003 550 1166 588 fortasse
1204 551 1278 588 ista
1320 551 1443 588 virtus

112 620 249 659 magna
281 608 465 646 cernendi
505 607 591 645 data
623 608 741 646 fuerit
773 607 819 646 ad
851 607 985 645 horam
1019 609 1132 646 etiam
1164 609 1203 646 in
1235 610 1309 646 isto
1341 620 1443 646 mor-

112 667 179 705 tali
211 678 374 716 corpore
416 666 539 704 oculis
572 667 696 704 saneti
726 667 799 704 viri
829 665 914 717 101),
954 666 1105 716 quando
1139 668 1190 705 ait
1222 667 1267 705 ad
1299 666 1443 705 Deum:

113 726 162 763 In
195 726 386 763 obauditu
419 727 531 762 auris
570 725 781 762 audiebam
813 728 849 763 te
874 727 1009 772 prius,
1048 736 1155 763 mmo
1187 730 1319 764 autem
1350 737 1442 764 ocu-

113 786 172 821 lus
215 795 322 821 meus
365 784 470 821 videl
513 789 574 828 te;
613 788 830 831 propterea
868 784 1034 831 despexi
1069 788 1208 822 memet
1245 786 1370 832 ipsum
1408 789 1446 821 et

113 842 289 880 distabui
327 846 365 879 et
404 843 629 879 exe'ste'mam'
667 852 729 879 me
767 846 917 879 terram
955 846 993 879 et
1034 843 1230 887 einerem;
1271 843 1444 892 quamvis

114 899 207 937 nihil
250 899 312 937 hic
355 898 559 949 prohibeat
604 899 759 937 oculum
805 898 932 937 cordis
977 899 1166 951 intellegi,
1211 899 1257 938 de
1302 899 1444 950 quibus

113 957 235 995 oculis
280 959 331 995 ait
380 957 596 1007 apostolus:
641 958 902 995 Inlccminatos
946 960 1078 996 oculos
1123 957 1264 996 habere
1310 960 1445 997 cordis

113 1018 243 1054 vestri.
304 1015 403 1066 Ipsis
429 1021 557 1054 autem
584 1015 705 1053 videri
732 1015 866 1066 Deum,
899 1027 987 1053 eum
1022 1015 1225 1063 videbitur,
1260 1015 1442 1054 Christia-

113 1086 186 1112 nus
213 1073 370 1124 ambigit
396 1085 520 1124 nemo,
554 1075 618 1123 qui
646 1073 809 1111 fideliter
841 1075 991 1123 accipit,
1025 1074 1127 1123 quod
1160 1075 1212 1112 ait
1244 1073 1347 1112 Deus
1380 1074 1442 1112 ille

112 1133 316 1182 magister:
348 1132 465 1169 Beati
494 1133 639 1170 mundo
673 1133 810 1178 corde,
855 1134 1041 1179 quonlam
1075 1134 1150 1181 Ipsi
1180 1133 1306 1171 Deum
1340 1135 1443 1171 vide-

113 1192 219 1228 bunt.
283 1189 357 1227 Sed
390 1196 522 1228 utrum
561 1191 677 1227 etiam
717 1189 984 1240 corporalibus
1016 1189 1069 1228 ibi
1101 1190 1224 1228 oculis
1257 1191 1445 1243 videatur,

112 1248 184 1286 hoc
216 1249 255 1285 in
287 1249 360 1286 ista
392 1249 618 1298 quaestione
650 1259 860 1286 versamus.

229 1305 325 1343 Illud
353 1307 456 1343 enim
483 1305 585 1355 quod
613 1307 801 1356 scriptum
829 1312 904 1344 est:
936 1306 987 1343 El
1014 1308 1161 1344 videbit
1191 1310 1314 1346 omnis
1347 1320 1445 1347 caro

112 1367 292 1402 salutare
335 1365 429 1414 Dei,
475 1365 557 1401 sine
602 1363 716 1401 ullius
760 1364 860 1401 nodo
900 1364 1139 1402 difficultatis
1178 1366 1233 1403 sic
1272 1365 1445 1416 intellegi

112 1427 253 1474 potest,
285 1434 327 1460 ae
360 1423 393 1459 si
419 1421 564 1460 dictum
592 1422 726 1460 suerit:
757 1421 831 1473 „Et
860 1421 1006 1460 videbit
1037 1424 1161 1460 omnis
1193 1423 1307 1461 homo
1336 1423 1443 1462 Chri-

114 1486 216 1518 stum
260 1476 372 1531 Dei“‚
411 1481 477 1530 qui
515 1481 648 1529 utique
687 1481 726 1517 in
766 1492 928 1530 corpore
968 1481 1072 1518 visus
1105 1486 1165 1519 est
1211 1488 1249 1519 et
1288 1483 1326 1520 in
1360 1495 1443 1520 cor—

112 1550 207 1589 pore
240 1537 446 1590 videbitur,
479 1538 631 1588 quando
664 1539 768 1576 vivos
802 1544 839 1576 et
871 1543 1046 1576 mortuos
1079 1538 1275 1578 iudicabit.
1332 1540 1443 1585 Quod

114 1602 242 1635 autem
273 1597 356 1647 ipse
389 1597 439 1634 sit
465 1596 630 1634 salutare
664 1595 744 1647 Dei,
777 1596 894 1634 multa
927 1602 1018 1634 sunt
1050 1603 1088 1635 et
1119 1597 1190 1635 alia
1223 1600 1444 1637 testimonia

114 1656 415 1705 scripturarum3
449 1654 515 1692 sed
543 1653 760 1692 evidentius
788 1655 996 1692 venerandi
1030 1654 1132 1693 illius
1166 1657 1270 1693 senis
1297 1656 1442 1695 Simeo-
1471 1664 1480 1677 ⁵

113 1714 173 1750 nis
205 1712 321 1750 verba
353 1712 561 1764 declarant,
595 1714 672 1763 qui,
704 1724 793 1750 cum
823 1712 1010 1751 infantem
1043 1712 1241 1752 Christum
1274 1717 1442 1766 accepis-

114 1776 172 1809 set
197 1772 237 1808 in
263 1782 400 1809 manus
426 1782 532 1809 suas:
565 1771 690 1818 Nemo,
716 1772 853 1821 inquit,
880 1772 1053 1822 dimittis,
1080 1773 1255 1818 Domine,
1287 1785 1444 1812 servum

114 1835 222 1867 tuum
247 1830 465 1867 secundum
490 1830 652 1868 verbum
684 1833 792 1867 tuum
825 1831 864 1867 2'72
892 1841 1006 1878 paee,
1040 1833 1226 1877 quoniam
1259 1833 1446 1870 viderunt

113 1889 219 1925 oculi
258 1889 335 1925 mei
376 1890 556 1925 salutare
597 1892 716 1925 tuum.
778 1886 875 1924 Illud
916 1889 1052 1939 etiam,
1091 1888 1193 1937 quod
1234 1890 1285 1926 ait
1326 1901 1443 1940 supra

1469 499 1488 528 5

1472 792 1513 821 10

1473 1082 1513 1112 15

1471 1372 1515 1403 ‘20

114 1950 350 1983 memoratus
387 1944 472 1997 Iob,
511 1947 611 1983 sicut
642 1946 682 1983 in
714 1945 1017 1997 exemplaribus,
1059 1958 1155 1996 quae
1189 1958 1235 1984 ex
1266 1946 1443 1985 Hebraeo
1470 1955 1514 1985 30

209 2059 265 2099 11)
290 2057 364 2092 Iob.
392 2061 448 2099 42,
475 2061 495 2091 5
516 2069 566 2101 sq.
620 2059 677 2100 14)
696 2057 787 2101 Eph.
818 2062 846 2099 1,
876 2060 928 2091 18.
981 2060 1038 2101 17)
1065 2058 1128 2091 Mt.
1156 2062 1187 2101 5,
1215 2062 1246 2093 8.
1298 2061 1354 2102 20)
1381 2059 1441 2094 Lo.

114 2108 145 2146 3,
173 2108 203 2138 6.
254 2106 312 2146 29)
337 2104 398 2139 Le.
424 2108 458 2146 2,
484 2108 537 2139 29.

208 2235 225 2265 7
252 2242 388 2276 magna
412 2242 477 2265 om.
503 2230 539 2264 R
563 2232 574 2274 ΙΙ
596 2235 637 2266 16
663 2231 798 2266 mundo
826 2231 933 2265 eorde
960 2232 1041 2266 Aah
1068 2233 1165 2273 (457,
1192 2236 1279 2275 28),·
1305 2233 1441 2267 mundo

112 2277 319 2359 ῧοέἓῗὲθῆέ·
344 2277 600 2312 mundicordes
627 2279 678 2320 effi·
712 2278 836 2312 mundi
863 2278 967 2312 eorde
994 2289 1013 2312 v
1046 2280 1057 2322 ΙΙ
1089 2282 1131 2313 27
1160 2290 1301 2313 servum
1326 2282 1443 2323 tuum,

1094 2385 1162 2417 40*
