1548 2562
391 176 442 200 DE
462 175 650 201 CIVITATE
669 176 739 201 DEI
758 177 789 201 L.
809 177 873 201 xv.
893 176 922 202 0,
942 177 984 203 27.
1281 165 1361 206 117

37 264 253 316 intuendas,
285 263 351 302 ubi
383 270 506 315 certe,
538 270 582 303 ut
613 265 682 303 alia
715 267 899 316 omittam,
930 266 963 303 si
994 266 1253 303 numerositas
1285 265 1363 303 ani-

37 322 193 360 malium
243 321 404 373 cogebat
453 334 563 360 arcae
613 329 757 361 tantam
809 324 893 361 fieri
935 323 1257 373 magnitudinem,
1306 324 1362 360 in-

37 380 179 418 munda
222 379 312 418 bina
356 385 394 418 et
436 380 579 418 munda
617 386 775 431 septena
813 383 1019 419 intromitti
1057 380 1233 419 animalia
1272 381 1364 430 quid

37 437 218 489 cogebat,
263 450 350 476 cum
395 437 564 488 aequalis
602 440 754 476 numeri
791 446 951 489 possent
988 445 1152 489 utraque
1191 437 1365 477 servari?

36 496 112 534 Aut
148 507 238 534 vero
271 496 392 547 Deus,
432 498 498 546 qui
535 501 695 546 propter
732 508 855 546 genus
887 497 1145 547 reparandum
1177 497 1364 535 servanda

35 555 252 605 praecepit,
296 566 341 592 eo
382 553 494 592 modo
532 554 615 605 illa,
656 566 732 604 quo
772 556 1010 606 instituerat,
1047 556 1254 593 restituere
1287 567 1364 592 11011

36 609 211 650 valebat?

154 669 229 714 Qui
259 681 350 708 vero
377 682 454 708 11011
487 682 572 708 esse
604 676 722 721 gesta,
754 670 822 708 sed
854 670 953 708 solas
985 683 1117 709 rerum
1149 671 1364 720 significan-

37 728 173 766 darum
218 728 360 778 figuras
401 740 487 766 esse
528 728 786 779 contendunt,
829 730 998 778 primum
1039 730 1248 779 opinantur
1288 734 1364 766 tam

37 798 218 836 magnum
243 786 328 824 fieri
354 798 431 823 non
462 787 636 836 potuisse
669 786 867 837 diluvium,
899 792 942 824 ut
973 786 1180 824 altissimos
1213 791 1364 824 montes

37 843 259 894 quindecim
296 843 438 882 cubitis
476 856 574 894 aqua
612 844 824 882 crescendo
857 844 1166 890 transcenderet,
1205 850 1365 894 propter

37 901 189 952 Olympi
235 903 421 940 verticem
465 903 629 953 montis,
673 914 788 952 supra
833 914 948 952 quem
991 901 1198 953 perhibent
1241 901 1365 940 nubes

36 972 114 998 non
140 972 255 1010 posse
283 971 550 1011 concrescere,
582 960 684 1010 quod
712 965 787 998 tam
821 959 984 997 sublime
1016 961 1091 998 iam
1123 959 1271 997 caelum
1305 961 1364 1011 sit,

37 1023 80 1056 ut
117 1030 195 1056 non
232 1017 286 1056 ibi
323 1019 373 1056 sit
411 1030 476 1056 aer
514 1019 587 1056 iste
626 1020 810 1069 crassior,
848 1017 915 1056 ubi
952 1019 1057 1055 venti
1094 1017 1257 1055 nebulae
1294 1019 1362 1055 im-

35 1075 204 1126 bresque
243 1077 473 1127 gignuntur3
510 1087 582 1114 nec
621 1076 834 1114 adtendunt
872 1077 1043 1114 omnium
1083 1076 1364 1113 elementorum

36 1135 315 1172 crassissimam
354 1139 497 1172 terram
534 1133 589 1172 ibi
627 1146 711 1171 esse
749 1135 934 1184 potuisse.
995 1134 1052 1172 An
1091 1134 1190 1171 forte
1223 1140 1365 1184 negant

36 1203 120 1230 esse
158 1197 303 1230 terram
340 1193 524 1231 verticem
563 1189 734 1230 montis?
784 1191 861 1230 Cur
898 1193 1016 1242 igitur
1054 1204 1178 1241 usque
1217 1191 1262 1229 ad
1302 1192 1364 1229 illa

36 1249 131 1288 caeli
169 1251 290 1301 spatia
322 1251 438 1288 terris
481 1249 639 1288 exaltari
670 1250 849 1301 licuisse,
886 1256 925 1288 et
956 1251 1064 1299 aquis
1097 1249 1255 1287 exaltari
1287 1262 1364 1287 11011

35 1308 190 1346 licuisse
228 1308 487 1359 contendunt,
527 1320 616 1346 011111
654 1309 719 1346 isti
755 1320 956 1346 mensores
994 1313 1032 1345 et
1069 1319 1257 1358 pensores
1289 1308 1363 1345 ele-

35 1371 257 1404 mentorum
289 1377 407 1416 aquas
438 1367 555 1404 terris
586 1365 816 1416 perhibeant
847 1367 1070 1416 superiores
1101 1371 1216 1415 atque
1248 1365 1362 1403 levio-

35 1421 128 1462 res?
191 1423 290 1469 Quid
328 1426 460 1474 itaque
499 1426 658 1461 rationis
691 1424 889 1475 adferunt,
926 1435 1044 1474 quare
1078 1429 1181 1462 terra
1213 1425 1365 1473 gravior

36 1487 75 1520 et
113 1482 275 1520 inferior
313 1481 440 1520 locum
478 1482 573 1520 caeli
610 1481 889 1532 tranquillioris
932 1483 1116 1520 invaserit
1152 1493 1223 1531 per
1260 1482 1364 1519 volu-

36 1541 138 1578 mina
176 1545 234 1578 tot
272 1552 479 1587 annorum,
517 1545 555 1577 et
593 1552 690 1589 aqua
727 1540 846 1578 levior
884 1551 927 1577 ac
965 1541 1144 1590 superior
1176 1541 1365 1589 permissa

36 1610 113 1636 non
146 1599 195 1636 sit
227 1597 300 1636 hoc
333 1598 460 1636 facere
492 1597 625 1636 saltem
658 1597 704 1635 ad
736 1603 889 1647 tempns
921 1595 1130 1646 exiguum?

152 1655 295 1694 Dicunt
326 1657 439 1694 etiam
482 1668 558 1693 non
590 1656 764 1705 potuisse
797 1666 935 1705 capere
968 1667 1077 1692 arcae
1110 1654 1213 1692 illius
1245 1666 1364 1704 quan-

35 1715 185 1752 titatem
229 1713 449 1751 animalium
493 1725 635 1763 genera
679 1718 756 1750 tam
801 1712 919 1750 multa
962 1714 1002 1750 in
1046 1718 1213 1761 utroque
1258 1724 1365 1764 sexu,

35 1771 124 1809 bina
163 1772 209 1809 de
247 1771 461 1822 inmundis,
500 1776 658 1821 septena
696 1771 741 1808 de
775 1770 940 1808 mundis.
1003 1770 1077 1815 Qui
1109 1770 1202 1807 mihi
1234 1770 1363 1808 viden—

35 1835 99 1867 tur
131 1841 207 1867 non
241 1835 454 1879 conputare
488 1830 562 1866 nisi
593 1833 767 1866 trecenta
800 1827 928 1866 cubita
959 1827 1211 1878 longitudinis
1244 1833 1283 1865 et
1312 1828 1363 1865 la-

35 1887 211 1925 titudinis
243 1888 538 1937 quinquaginta,
578 1898 648 1924 nec
690 1887 859 1935 cogitare
892 1886 993 1924 aliud
1026 1891 1173 1923 tantum
1207 1897 1292 1924 esse
1324 1887 1364 1924 in

35 1944 303 1995 superioribus
341 1946 511 1995 itemque
552 1944 653 1982 aliud
692 1949 840 1981 tantum
878 1944 918 1981 in
950 1943 1219 1993 superioribus
1251 1955 1364 1994 supe-

35 2004 199 2055 riorum,
238 2014 280 2040 ac
318 2014 389 2053 per
426 2002 499 2040 hoc
536 2007 596 2040 ter
634 2002 748 2040 ducta
787 2001 849 2039 illa
887 2000 1017 2039 cubita
1054 2001 1138 2038 fieri
1171 2007 1365 2051 nongenta

34 2073 104 2111 per
130 2066 285 2099 centum
313 2061 602 2110 quinquaginta.
665 2059 707 2097 Si
737 2065 867 2098 autem
899 2060 1113 2109 cogitemus
1145 2059 1248 2108 quod
1280 2058 1364 2097 Ori-

128 2233 170 2264 12
215 2230 411 2274 perhibent
457 2229 506 2270 V,-
555 2229 793 2273 perhibentur
829 2229 923 2263 RAv
960 2231 971 2273 ΙΙ
1010 2233 1052 2263 13
1099 2229 1254 2264 sublime
1289 2230 1364 2263 iam

40 2275 247 2318 VRAFbe;
272 2275 427 2310 sublime
453 2286 562 2319 quam
587 2277 625 2318 ἢ·
660 2275 826 2309 sublimis
852 2286 962 2319 quam
988 2276 1100 2319 111132
1126 2286 1192 2319 per
1217 2277 1363 2310 centum

41 2321 202 2364 VRAF,·
226 2333 291 2366 per
317 2332 382 2356 om.
407 2333 427 2356 v
451 2323 568 2364 (locus
587 2333 721 2366 parum
747 2322 944 2364 dilucidus)

1391 505 1410 534 5

1391 797 1434 827 10

1391 1088 1433 1117 15

1391 1377 1434 1406 20

1391 1664 1434 1695 25

1390 1954 1434 1984 30
