<?xml version="1.0" encoding="UTF-8"?>
<!DOCTYPE html PUBLIC "-//W3C//DTD XHTML 1.0 Transitional//EN"
    "http://www.w3.org/TR/xhtml1/DTD/xhtml1-transitional.dtd">
<html xmlns="http://www.w3.org/1999/xhtml" xml:lang="en" lang="en">
 <head>
  <title>
</title>
<meta http-equiv="Content-Type" content="text/html;charset=utf-8" />
  <meta name='ocr-system' content='tesseract 3.04.00' />
  <meta name='ocr-capabilities' content='ocr_page ocr_carea ocr_par ocr_line ocrx_word'/>
</head>
<body>
  <div class='ocr_page' id='page_1' title='image "./sanctiaureliiaug02auguuoft_0348.png"; bbox 0 0 1611 2465; ppageno 0'>
   <div class='ocr_carea' id='block_1_1' title="bbox 74 764 114 793">
    <p class='ocr_par' dir='ltr' id='par_1_1' title="bbox 74 764 114 793">
     <span class='ocr_line' id='line_1_1' title="bbox 74 764 114 793; baseline 0 0"><span class='ocrx_word' id='word_1_1' title='bbox 74 764 114 793; x_wconf 79' lang='lat' dir='ltr'>lo</span> 
     </span>
    </p>
   </div>
   <div class='ocr_carea' id='block_1_2' title="bbox 72 1196 112 1227">
    <p class='ocr_par' dir='ltr' id='par_1_2' title="bbox 72 1196 112 1227">
     <span class='ocr_line' id='line_1_2' title="bbox 72 1196 112 1227; baseline 0 0"><span class='ocrx_word' id='word_1_2' title='bbox 72 1196 112 1227; x_wconf 84' lang='lat'>15</span> 
     </span>
    </p>
   </div>
   <div class='ocr_carea' id='block_1_3' title="bbox 72 1523 115 1554">
    <p class='ocr_par' dir='ltr' id='par_1_3' title="bbox 72 1523 115 1554">
     <span class='ocr_line' id='line_1_3' title="bbox 72 1523 115 1554; baseline -0.023 0"><span class='ocrx_word' id='word_1_3' title='bbox 72 1523 115 1554; x_wconf 83' lang='lat'>20</span> 
     </span>
    </p>
   </div>
   <div class='ocr_carea' id='block_1_4' title="bbox 73 1813 116 1844">
    <p class='ocr_par' dir='ltr' id='par_1_4' title="bbox 73 1813 116 1844">
     <span class='ocr_line' id='line_1_4' title="bbox 73 1813 116 1844; baseline -0.023 0"><span class='ocrx_word' id='word_1_4' title='bbox 73 1813 116 1844; x_wconf 82' lang='lat'>25</span> 
     </span>
    </p>
   </div>
   <div class='ocr_carea' id='block_1_5' title="bbox 73 2106 117 2136">
    <p class='ocr_par' dir='ltr' id='par_1_5' title="bbox 73 2106 117 2136">
     <span class='ocr_line' id='line_1_5' title="bbox 73 2106 117 2136; baseline 0.023 -1"><span class='ocrx_word' id='word_1_5' title='bbox 73 2106 117 2136; x_wconf 83' lang='lat'>30</span> 
     </span>
    </p>
   </div>
   <div class='ocr_carea' id='block_1_6' title="bbox 141 130 943 170">
    <p class='ocr_par' dir='ltr' id='par_1_6' title="bbox 141 130 943 170">
     <span class='ocr_line' id='line_1_6' title="bbox 141 130 943 170; baseline -0.01 0"><span class='ocrx_word' id='word_1_6' title='bbox 141 130 225 170; x_wconf 81' lang='lat'>342</span> <span class='ocrx_word' id='word_1_7' title='bbox 681 139 707 163; x_wconf 80' lang='lat' dir='ltr'>s.</span> <span class='ocrx_word' id='word_1_8' title='bbox 727 137 943 164; x_wconf 70' lang='lat' dir='ltr'>AUGUSHNI</span> 
     </span>
    </p>
   </div>
   <div class='ocr_carea' id='block_1_7' title="bbox 141 227 1483 571">
    <p class='ocr_par' dir='ltr' id='par_1_7' title="bbox 141 227 1483 571">
     <span class='ocr_line' id='line_1_7' title="bbox 142 227 1480 279; baseline 0 -13"><span class='ocrx_word' id='word_1_9' title='bbox 142 229 208 266; x_wconf 85' lang='lat' dir='ltr'>isti</span> <span class='ocrx_word' id='word_1_10' title='bbox 249 228 302 266; x_wconf 89' lang='lat' dir='ltr'>dii</span> <span class='ocrx_word' id='word_1_11' title='bbox 345 228 411 277; x_wconf 91' lang='lat' dir='ltr'>qui</span> <span class='ocrx_word' id='word_1_12' title='bbox 451 232 559 279; x_wconf 87' lang='lat' dir='ltr'>sunt,</span> <span class='ocrx_word' id='word_1_13' title='bbox 597 228 664 277; x_wconf 88' lang='lat' dir='ltr'>qui</span> <span class='ocrx_word' id='word_1_14' title='bbox 703 232 868 277; x_wconf 81' lang='lat' dir='ltr'>possunt</span> <span class='ocrx_word' id='word_1_15' title='bbox 905 228 978 265; x_wconf 89' lang='lat' dir='ltr'>ista</span> <span class='ocrx_word' id='word_1_16' title='bbox 1015 227 1241 278; x_wconf 79' lang='lat' dir='ltr'>praedicere</span> <span class='ocrx_word' id='word_1_17' title='bbox 1281 239 1353 266; x_wconf 90' lang='lat' dir='ltr'>nec</span> <span class='ocrx_word' id='word_1_18' title='bbox 1392 239 1480 279; x_wconf 91' lang='lat' dir='ltr'>pos-</span> 
     </span>
     <span class='ocr_line' id='line_1_8' title="bbox 141 284 1480 336; baseline -0.001 -11"><span class='ocrx_word' id='word_1_19' title='bbox 141 292 233 325; x_wconf 83' lang='lat' dir='ltr'>sunt</span> <span class='ocrx_word' id='word_1_20' title='bbox 267 291 461 336; x_wconf 86' lang='lat' dir='ltr'>avertere,</span> <span class='ocrx_word' id='word_1_21' title='bbox 502 287 554 323; x_wconf 85' lang='lat' dir='ltr'>ita</span> <span class='ocrx_word' id='word_1_22' title='bbox 587 284 889 324; x_wconf 82' lang='lat' dir='ltr'><strong>succumbentes</strong></span> <span class='ocrx_word' id='word_1_23' title='bbox 922 286 990 323; x_wconf 88' lang='lat' dir='ltr'>uni</span> <span class='ocrx_word' id='word_1_24' title='bbox 1021 285 1195 323; x_wconf 86' lang='lat' dir='ltr'>malefico</span> <span class='ocrx_word' id='word_1_25' title='bbox 1229 291 1268 323; x_wconf 90' lang='lat' dir='ltr'>et</span> <span class='ocrx_word' id='word_1_26' title='bbox 1298 287 1368 324; x_wconf 89' lang='lat' dir='ltr'>uni</span> <span class='ocrx_word' id='word_1_27' title='bbox 1399 297 1480 324; x_wconf 90' lang='lat' dir='ltr'>sce·</span> 
     </span>
     <span class='ocr_line' id='line_1_9' title="bbox 141 343 1483 396; baseline 0 -13"><span class='ocrx_word' id='word_1_28' title='bbox 141 344 213 383; x_wconf 90' lang='lat' dir='ltr'>leri</span> <span class='ocrx_word' id='word_1_29' title='bbox 253 345 423 396; x_wconf 78' lang='lat' dir='ltr'>magico,</span> <span class='ocrx_word' id='word_1_30' title='bbox 465 355 541 393; x_wconf 87' lang='lat' dir='ltr'>quo</span> <span class='ocrx_word' id='word_1_31' title='bbox 580 356 700 396; x_wconf 87' lang='lat' dir='ltr'>puer,</span> <span class='ocrx_word' id='word_1_32' title='bbox 738 349 780 382; x_wconf 93' lang='lat' dir='ltr'>ut</span> <span class='ocrx_word' id='word_1_33' title='bbox 818 343 973 395; x_wconf 88' lang='lat' dir='ltr'>dicunt,</span> <span class='ocrx_word' id='word_1_34' title='bbox 1011 343 1216 382; x_wconf 89' lang='lat' dir='ltr'>anniculus</span> <span class='ocrx_word' id='word_1_35' title='bbox 1257 345 1411 382; x_wconf 91' lang='lat' dir='ltr'>occisus</span> <span class='ocrx_word' id='word_1_36' title='bbox 1444 350 1483 383; x_wconf 88' lang='lat' dir='ltr'>et</span> 
     </span>
     <span class='ocr_line' id='line_1_10' title="bbox 142 401 1481 454; baseline 0 -13"><span class='ocrx_word' id='word_1_37' title='bbox 142 403 349 441; x_wconf 81' lang='lat' dir='ltr'>dilaniatus</span> <span class='ocrx_word' id='word_1_38' title='bbox 382 407 422 440; x_wconf 89' lang='lat' dir='ltr'>et</span> <span class='ocrx_word' id='word_1_39' title='bbox 452 403 532 440; x_wconf 89' lang='lat' dir='ltr'>ritu</span> <span class='ocrx_word' id='word_1_40' title='bbox 564 402 713 440; x_wconf 82' lang='lat' dir='ltr'>nefario</span> <span class='ocrx_word' id='word_1_41' title='bbox 747 402 924 453; x_wconf 87' lang='lat' dir='ltr'>sepultus</span> <span class='ocrx_word' id='word_1_42' title='bbox 957 408 1028 454; x_wconf 79' lang='lat' dir='ltr'>est7</span> <span class='ocrx_word' id='word_1_43' title='bbox 1059 408 1103 440; x_wconf 86' lang='lat' dir='ltr'>ut</span> <span class='ocrx_word' id='word_1_44' title='bbox 1134 407 1280 441; x_wconf 90' lang='lat' dir='ltr'>sectam</span> <span class='ocrx_word' id='word_1_45' title='bbox 1313 401 1386 441; x_wconf 88' lang='lat' dir='ltr'>sibi</span> <span class='ocrx_word' id='word_1_46' title='bbox 1418 402 1481 441; x_wconf 86' lang='lat' dir='ltr'>ad—</span> 
     </span>
     <span class='ocr_line' id='line_1_11' title="bbox 142 460 1481 513; baseline 0.001 -15"><span class='ocrx_word' id='word_1_47' title='bbox 142 463 352 499; x_wconf 85' lang='lat' dir='ltr'>versariam</span> <span class='ocrx_word' id='word_1_48' title='bbox 379 466 456 498; x_wconf 90' lang='lat' dir='ltr'>tam</span> <span class='ocrx_word' id='word_1_49' title='bbox 482 460 633 511; x_wconf 85' lang='lat' dir='ltr'>prolixo</span> <span class='ocrx_word' id='word_1_50' title='bbox 659 466 836 511; x_wconf 84' lang='lat' dir='ltr'>tempore</span> <span class='ocrx_word' id='word_1_51' title='bbox 862 461 1146 513; x_wconf 79' lang='lat' dir='ltr'>convalescere,</span> <span class='ocrx_word' id='word_1_52' title='bbox 1178 466 1236 499; x_wconf 83' lang='lat' dir='ltr'>tot</span> <span class='ocrx_word' id='word_1_53' title='bbox 1267 466 1481 499; x_wconf 89' lang='lat' dir='ltr'>tantarum-</span> 
     </span>
     <span class='ocr_line' id='line_1_12' title="bbox 142 519 1483 571; baseline 0 -14"><span class='ocrx_word' id='word_1_54' title='bbox 142 532 216 570; x_wconf 88' lang='lat' dir='ltr'>que</span> <span class='ocrx_word' id='word_1_55' title='bbox 249 520 570 570; x_wconf 82' lang='lat' dir='ltr'>persecutionum</span> <span class='ocrx_word' id='word_1_56' title='bbox 602 519 818 557; x_wconf 86' lang='lat' dir='ltr'>horrendas</span> <span class='ocrx_word' id='word_1_57' title='bbox 857 519 1109 558; x_wconf 82' lang='lat' dir='ltr'>crudelitates</span> <span class='ocrx_word' id='word_1_58' title='bbox 1142 531 1219 557; x_wconf 91' lang='lat' dir='ltr'>non</span> <span class='ocrx_word' id='word_1_59' title='bbox 1250 519 1483 571; x_wconf 78' lang='lat' dir='ltr'>resistendo,</span> 
     </span>
    </p>
   </div>
   <div class='ocr_carea' id='block_1_8' title="bbox 118 577 1481 628">
    <p class='ocr_par' dir='ltr' id='par_1_8' title="bbox 118 577 1481 628">
     <span class='ocr_line' id='line_1_13' title="bbox 118 577 1481 628; baseline 0.001 -13"><span class='ocrx_word' id='word_1_60' title='bbox 118 578 209 616; x_wconf 84' lang='lat' dir='ltr'>‘sed</span> <span class='ocrx_word' id='word_1_61' title='bbox 247 577 430 628; x_wconf 90' lang='lat' dir='ltr'>patiendo</span> <span class='ocrx_word' id='word_1_62' title='bbox 470 590 657 628; x_wconf 89' lang='lat' dir='ltr'>superare</span> <span class='ocrx_word' id='word_1_63' title='bbox 695 583 734 616; x_wconf 88' lang='lat' dir='ltr'>et</span> <span class='ocrx_word' id='word_1_64' title='bbox 771 577 817 615; x_wconf 91' lang='lat' dir='ltr'>ad</span> <span class='ocrx_word' id='word_1_65' title='bbox 860 589 1023 616; x_wconf 82' lang='lat' dir='ltr'>suorum</span> <span class='ocrx_word' id='word_1_66' title='bbox 1056 577 1355 616; x_wconf 82' lang='lat' dir='ltr'>simulacrorum</span> <span class='ocrx_word' id='word_1_67' title='bbox 1386 583 1481 616; x_wconf 88' lang='lat' dir='ltr'>tem·</span> 
     </span>
    </p>
   </div>
   <div class='ocr_carea' id='block_1_9' title="bbox 140 636 1483 981">
    <p class='ocr_par' dir='ltr' id='par_1_9' title="bbox 140 636 1483 981">
     <span class='ocr_line' id='line_1_14' title="bbox 140 636 1482 687; baseline 0 -13"><span class='ocrx_word' id='word_1_68' title='bbox 140 636 313 687; x_wconf 82' lang='lat' dir='ltr'>plorum,</span> <span class='ocrx_word' id='word_1_69' title='bbox 352 648 554 674; x_wconf 92' lang='lat' dir='ltr'>sacrorum</span> <span class='ocrx_word' id='word_1_70' title='bbox 593 636 842 682; x_wconf 85' lang='lat' dir='ltr'>oraculorum</span> <span class='ocrx_word' id='word_1_71' title='bbox 882 637 1125 674; x_wconf 87' lang='lat' dir='ltr'>eversionem</span> <span class='ocrx_word' id='word_1_72' title='bbox 1157 638 1363 687; x_wconf 85' lang='lat' dir='ltr'>pervenire</span> <span class='ocrx_word' id='word_1_73' title='bbox 1395 648 1482 687; x_wconf 88' lang='lat' dir='ltr'>per-</span> 
     </span>
     <span class='ocr_line' id='line_1_15' title="bbox 141 691 1483 747; baseline 0.001 -15"><span class='ocrx_word' id='word_1_74' title='bbox 141 691 372 733; x_wconf 76' lang='lat' dir='ltr'>mitterent?</span> <span class='ocrx_word' id='word_1_75' title='bbox 434 694 530 740; x_wconf 84' lang='lat' dir='ltr'>Quis</span> <span class='ocrx_word' id='word_1_76' title='bbox 572 700 770 745; x_wconf 90' lang='lat' dir='ltr'>postremo</span> <span class='ocrx_word' id='word_1_77' title='bbox 813 700 873 732; x_wconf 89' lang='lat' dir='ltr'>est</span> <span class='ocrx_word' id='word_1_78' title='bbox 904 694 1020 746; x_wconf 83' lang='lat' dir='ltr'>deus,</span> <span class='ocrx_word' id='word_1_79' title='bbox 1058 707 1136 732; x_wconf 89' lang='lat' dir='ltr'>non</span> <span class='ocrx_word' id='word_1_80' title='bbox 1169 700 1302 733; x_wconf 89' lang='lat' dir='ltr'>noster</span> <span class='ocrx_word' id='word_1_81' title='bbox 1335 697 1483 747; x_wconf 77' lang='lat' dir='ltr'>utique7</span> 
     </span>
     <span class='ocr_line' id='line_1_16' title="bbox 142 753 1482 804; baseline 0 -13"><span class='ocrx_word' id='word_1_82' title='bbox 142 753 207 792; x_wconf 88' lang='lat' dir='ltr'>sed</span> <span class='ocrx_word' id='word_1_83' title='bbox 248 754 443 804; x_wconf 82' lang='lat' dir='ltr'>ipsorum,</span> <span class='ocrx_word' id='word_1_84' title='bbox 482 754 550 803; x_wconf 81' lang='lat' dir='ltr'>qui</span> <span class='ocrx_word' id='word_1_85' title='bbox 588 753 646 791; x_wconf 85' lang='lat' dir='ltr'>vel</span> <span class='ocrx_word' id='word_1_86' title='bbox 684 753 851 791; x_wconf 89' lang='lat' dir='ltr'>inlectus</span> <span class='ocrx_word' id='word_1_87' title='bbox 890 759 998 791; x_wconf 90' lang='lat' dir='ltr'>tanto</span> <span class='ocrx_word' id='word_1_88' title='bbox 1031 753 1179 791; x_wconf 90' lang='lat' dir='ltr'>scelere</span> <span class='ocrx_word' id='word_1_89' title='bbox 1212 753 1271 791; x_wconf 88' lang='lat' dir='ltr'>vel</span> <span class='ocrx_word' id='word_1_90' title='bbox 1303 753 1482 803; x_wconf 90' lang='lat' dir='ltr'>inpulsus</span> 
     </span>
     <span class='ocr_line' id='line_1_17' title="bbox 141 809 1482 862; baseline 0 -12"><span class='ocrx_word' id='word_1_91' title='bbox 141 818 200 850; x_wconf 90' lang='lat' dir='ltr'>est</span> <span class='ocrx_word' id='word_1_92' title='bbox 239 813 313 850; x_wconf 90' lang='lat' dir='ltr'>ista</span> <span class='ocrx_word' id='word_1_93' title='bbox 350 809 581 862; x_wconf 76' lang='lat' dir='ltr'>praestare?</span> <span class='ocrx_word' id='word_1_94' title='bbox 642 811 727 850; x_wconf 88' lang='lat' dir='ltr'>Non</span> <span class='ocrx_word' id='word_1_95' title='bbox 771 813 875 849; x_wconf 85' lang='lat' dir='ltr'>enirn</span> <span class='ocrx_word' id='word_1_96' title='bbox 916 811 1031 849; x_wconf 90' lang='lat' dir='ltr'>alicui</span> <span class='ocrx_word' id='word_1_97' title='bbox 1063 811 1265 862; x_wconf 79' lang='lat' dir='ltr'>daemoni,</span> <span class='ocrx_word' id='word_1_98' title='bbox 1310 812 1377 850; x_wconf 86' lang='lat' dir='ltr'>sed</span> <span class='ocrx_word' id='word_1_99' title='bbox 1410 811 1482 850; x_wconf 89' lang='lat' dir='ltr'>deo</span> 
     </span>
     <span class='ocr_line' id='line_1_18' title="bbox 140 869 1482 920; baseline 0.001 -12"><span class='ocrx_word' id='word_1_100' title='bbox 140 870 275 908; x_wconf 88' lang='lat' dir='ltr'>dicunt</span> <span class='ocrx_word' id='word_1_101' title='bbox 319 870 374 908; x_wconf 92' lang='lat' dir='ltr'>illi</span> <span class='ocrx_word' id='word_1_102' title='bbox 419 882 554 908; x_wconf 92' lang='lat' dir='ltr'>versus</span> <span class='ocrx_word' id='word_1_103' title='bbox 604 870 699 908; x_wconf 90' lang='lat' dir='ltr'>haec</span> <span class='ocrx_word' id='word_1_104' title='bbox 743 870 905 908; x_wconf 89' lang='lat' dir='ltr'>Petrum</span> <span class='ocrx_word' id='word_1_105' title='bbox 955 876 1038 908; x_wconf 89' lang='lat' dir='ltr'>arte</span> <span class='ocrx_word' id='word_1_106' title='bbox 1089 871 1237 920; x_wconf 85' lang='lat' dir='ltr'>magica</span> <span class='ocrx_word' id='word_1_107' title='bbox 1287 869 1482 909; x_wconf 87' lang='lat' dir='ltr'>delinisse.</span> 
     </span>
     <span class='ocr_line' id='line_1_19' title="bbox 140 928 1239 981; baseline 0 -14"><span class='ocrx_word' id='word_1_108' title='bbox 140 929 272 967; x_wconf 84' lang='lat' dir='ltr'>Talem</span> <span class='ocrx_word' id='word_1_109' title='bbox 305 928 422 967; x_wconf 90' lang='lat' dir='ltr'>deum</span> <span class='ocrx_word' id='word_1_110' title='bbox 454 928 611 981; x_wconf 78' lang='lat' dir='ltr'>habent,</span> <span class='ocrx_word' id='word_1_111' title='bbox 643 930 710 979; x_wconf 90' lang='lat' dir='ltr'>qui</span> <span class='ocrx_word' id='word_1_112' title='bbox 742 928 941 967; x_wconf 84' lang='lat' dir='ltr'>Christum</span> <span class='ocrx_word' id='word_1_113' title='bbox 974 940 1052 966; x_wconf 90' lang='lat' dir='ltr'>non</span> <span class='ocrx_word' id='word_1_114' title='bbox 1085 928 1239 967; x_wconf 84' lang='lat' dir='ltr'>hahent.</span> 
     </span>
    </p>
   </div>
   <div class='ocr_carea' id='block_1_10' title="bbox 657 1088 959 1131">
    <p class='ocr_par' dir='ltr' id='par_1_10' title="bbox 657 1088 959 1131">
     <span class='ocr_line' id='line_1_20' title="bbox 657 1088 959 1131; baseline -0.007 0"><span class='ocrx_word' id='word_1_115' title='bbox 657 1088 814 1131; x_wconf 79' lang='lat' dir='ltr'>CAPUT</span> <span class='ocrx_word' id='word_1_116' title='bbox 850 1088 959 1129; x_wconf 90' lang='lat' dir='ltr'>LIV.</span> 
     </span>
    </p>
   </div>
   <div class='ocr_carea' id='block_1_11' title="bbox 172 1185 1452 1348">
    <p class='ocr_par' dir='ltr' id='par_1_11' title="bbox 172 1185 1452 1348">
     <span class='ocr_line' id='line_1_21' title="bbox 172 1185 1452 1234; baseline -0.001 -9"><span class='ocrx_word' id='word_1_117' title='bbox 172 1188 229 1225; x_wconf 79' lang='lat' dir='ltr'>De</span> <span class='ocrx_word' id='word_1_118' title='bbox 259 1188 487 1225; x_wconf 70' lang='lat' dir='ltr'>stultissimo</span> <span class='ocrx_word' id='word_1_119' title='bbox 519 1188 727 1224; x_wconf 67' lang='lat' dir='ltr'>mendacio</span> <span class='ocrx_word' id='word_1_120' title='bbox 755 1196 1029 1234; x_wconf 59' lang='lat' dir='ltr'>smyrneorum,</span> <span class='ocrx_word' id='word_1_121' title='bbox 1069 1196 1146 1232; x_wconf 76' lang='lat' dir='ltr'>quo</span> <span class='ocrx_word' id='word_1_122' title='bbox 1183 1185 1452 1224; x_wconf 71' lang='lat' dir='ltr'>Christianam</span> 
     </span>
     <span class='ocr_line' id='line_1_22' title="bbox 229 1245 1394 1293; baseline -0.002 -10"><span class='ocrx_word' id='word_1_123' title='bbox 229 1247 461 1293; x_wconf 72' lang='lat' dir='ltr'>rele&#39;qe&#39;onem</span> <span class='ocrx_word' id='word_1_124' title='bbox 493 1256 569 1283; x_wconf 73' lang='lat' dir='ltr'>non</span> <span class='ocrx_word' id='word_1_125' title='bbox 603 1247 712 1282; x_wconf 77' lang='lat' dir='ltr'>ultra</span> <span class='ocrx_word' id='word_1_126' title='bbox 745 1249 943 1282; x_wconf 78' lang='lat' dir='ltr'>trecentos</span> <span class='ocrx_word' id='word_1_127' title='bbox 973 1245 1189 1291; x_wconf 59' lang='lat' dir='ltr'>sexaginta</span> <span class='ocrx_word' id='word_1_128' title='bbox 1220 1246 1394 1291; x_wconf 70' lang='lat' dir='ltr'>quinque</span> 
     </span>
     <span class='ocr_line' id='line_1_23' title="bbox 435 1303 1187 1348; baseline -0.003 -7"><span class='ocrx_word' id='word_1_129' title='bbox 435 1314 560 1341; x_wconf 73' lang='lat' dir='ltr'>armos</span> <span class='ocrx_word' id='word_1_130' title='bbox 591 1313 823 1340; x_wconf 77' lang='lat' dir='ltr'>mansuram</span> <span class='ocrx_word' id='word_1_131' title='bbox 855 1313 939 1340; x_wconf 83' lang='lat' dir='ltr'>esse</span> <span class='ocrx_word' id='word_1_132' title='bbox 967 1303 1187 1348; x_wconf 74' lang='lat' dir='ltr'>finxerunt.</span> 
     </span>
    </p>
   </div>
   <div class='ocr_carea' id='block_1_12' title="bbox 142 1394 1484 2202">
    <p class='ocr_par' dir='ltr' id='par_1_12' title="bbox 142 1394 1484 2202">
     <span class='ocr_line' id='line_1_24' title="bbox 259 1394 1482 1446; baseline 0 -12"><span class='ocrx_word' id='word_1_133' title='bbox 259 1396 362 1434; x_wconf 88' lang='lat' dir='ltr'>Haec</span> <span class='ocrx_word' id='word_1_134' title='bbox 389 1401 505 1446; x_wconf 91' lang='lat' dir='ltr'>atque</span> <span class='ocrx_word' id='word_1_135' title='bbox 538 1394 655 1433; x_wconf 89' lang='lat' dir='ltr'>huius</span> <span class='ocrx_word' id='word_1_136' title='bbox 688 1394 792 1432; x_wconf 89' lang='lat' dir='ltr'>modi</span> <span class='ocrx_word' id='word_1_137' title='bbox 825 1394 945 1433; x_wconf 87' lang='lat' dir='ltr'>multa</span> <span class='ocrx_word' id='word_1_138' title='bbox 978 1394 1212 1446; x_wconf 84' lang='lat' dir='ltr'>colligerem,</span> <span class='ocrx_word' id='word_1_139' title='bbox 1246 1396 1278 1432; x_wconf 91' lang='lat' dir='ltr'>si</span> <span class='ocrx_word' id='word_1_140' title='bbox 1310 1395 1482 1434; x_wconf 89' lang='lat' dir='ltr'>nondum</span> 
     </span>
     <span class='ocr_line' id='line_1_25' title="bbox 142 1453 1484 1505; baseline 0 -12"><span class='ocrx_word' id='word_1_141' title='bbox 142 1468 266 1493; x_wconf 85' lang='lat' dir='ltr'>annus</span> <span class='ocrx_word' id='word_1_142' title='bbox 307 1456 390 1505; x_wconf 90' lang='lat' dir='ltr'>ipse</span> <span class='ocrx_word' id='word_1_143' title='bbox 436 1455 658 1504; x_wconf 79' lang='lat' dir='ltr'>transisset,</span> <span class='ocrx_word' id='word_1_144' title='bbox 703 1465 820 1503; x_wconf 87' lang='lat' dir='ltr'>quem</span> <span class='ocrx_word' id='word_1_145' title='bbox 864 1453 1047 1491; x_wconf 87' lang='lat' dir='ltr'>divinatio</span> <span class='ocrx_word' id='word_1_146' title='bbox 1094 1453 1182 1491; x_wconf 87' lang='lat' dir='ltr'>ficta</span> <span class='ocrx_word' id='word_1_147' title='bbox 1222 1454 1403 1503; x_wconf 85' lang='lat' dir='ltr'>promisit</span> <span class='ocrx_word' id='word_1_148' title='bbox 1444 1459 1484 1493; x_wconf 85' lang='lat' dir='ltr'>et</span> 
     </span>
     <span class='ocr_line' id='line_1_26' title="bbox 142 1510 1483 1564; baseline -0.001 -12"><span class='ocrx_word' id='word_1_149' title='bbox 142 1515 304 1564; x_wconf 88' lang='lat' dir='ltr'>decepta</span> <span class='ocrx_word' id='word_1_150' title='bbox 353 1514 500 1550; x_wconf 86' lang='lat' dir='ltr'>vanitas</span> <span class='ocrx_word' id='word_1_151' title='bbox 551 1511 728 1550; x_wconf 84' lang='lat' dir='ltr'>credidit..</span> <span class='ocrx_word' id='word_1_152' title='bbox 792 1510 888 1549; x_wconf 92' lang='lat' dir='ltr'>Cum</span> <span class='ocrx_word' id='word_1_153' title='bbox 934 1523 1046 1563; x_wconf 86' lang='lat' dir='ltr'>vero,</span> <span class='ocrx_word' id='word_1_154' title='bbox 1097 1524 1143 1549; x_wconf 80' lang='lat' dir='ltr'>ex</span> <span class='ocrx_word' id='word_1_155' title='bbox 1187 1523 1263 1561; x_wconf 93' lang='lat' dir='ltr'>quo</span> <span class='ocrx_word' id='word_1_156' title='bbox 1314 1513 1483 1551; x_wconf 90' lang='lat' dir='ltr'>nominis</span> 
     </span>
     <span class='ocr_line' id='line_1_27' title="bbox 143 1570 1482 1621; baseline -0.002 -11"><span class='ocrx_word' id='word_1_157' title='bbox 143 1572 289 1611; x_wconf 86' lang='lat' dir='ltr'>Christi</span> <span class='ocrx_word' id='word_1_158' title='bbox 322 1570 451 1609; x_wconf 91' lang='lat' dir='ltr'>cultus</span> <span class='ocrx_word' id='word_1_159' title='bbox 485 1582 556 1621; x_wconf 90' lang='lat' dir='ltr'>per</span> <span class='ocrx_word' id='word_1_160' title='bbox 588 1571 673 1608; x_wconf 90' lang='lat' dir='ltr'>eius</span> <span class='ocrx_word' id='word_1_161' title='bbox 705 1571 744 1608; x_wconf 93' lang='lat' dir='ltr'>in</span> <span class='ocrx_word' id='word_1_162' title='bbox 778 1582 893 1608; x_wconf 87' lang='lat' dir='ltr'>carne</span> <span class='ocrx_word' id='word_1_163' title='bbox 926 1571 1187 1620; x_wconf 83' lang='lat' dir='ltr'>praesentiam</span> <span class='ocrx_word' id='word_1_164' title='bbox 1221 1575 1259 1608; x_wconf 89' lang='lat' dir='ltr'>et</span> <span class='ocrx_word' id='word_1_165' title='bbox 1289 1582 1361 1620; x_wconf 92' lang='lat' dir='ltr'>per</span> <span class='ocrx_word' id='word_1_166' title='bbox 1393 1582 1482 1621; x_wconf 92' lang='lat' dir='ltr'>apo-</span> 
     </span>
     <span class='ocr_line' id='line_1_28' title="bbox 142 1628 1484 1680; baseline -0.002 -11"><span class='ocrx_word' id='word_1_167' title='bbox 142 1630 261 1669; x_wconf 88' lang='lat' dir='ltr'>stolos</span> <span class='ocrx_word' id='word_1_168' title='bbox 312 1631 515 1667; x_wconf 87' lang='lat' dir='ltr'>institutus</span> <span class='ocrx_word' id='word_1_169' title='bbox 559 1634 646 1680; x_wconf 80' lang='lat' dir='ltr'>est,</span> <span class='ocrx_word' id='word_1_170' title='bbox 690 1633 777 1666; x_wconf 85' lang='lat' dir='ltr'>ante</span> <span class='ocrx_word' id='word_1_171' title='bbox 824 1628 971 1679; x_wconf 84' lang='lat' dir='ltr'>aliquot</span> <span class='ocrx_word' id='word_1_172' title='bbox 1016 1640 1137 1666; x_wconf 88' lang='lat' dir='ltr'>annos</span> <span class='ocrx_word' id='word_1_173' title='bbox 1182 1629 1272 1666; x_wconf 89' lang='lat' dir='ltr'>anni</span> <span class='ocrx_word' id='word_1_174' title='bbox 1315 1630 1484 1667; x_wconf 85' lang='lat' dir='ltr'>trecenti</span> 
     </span>
     <span class='ocr_line' id='line_1_29' title="bbox 142 1685 1483 1739; baseline -0.002 -12"><span class='ocrx_word' id='word_1_175' title='bbox 142 1690 340 1739; x_wconf 80' lang='lat' dir='ltr'>sexaginta</span> <span class='ocrx_word' id='word_1_176' title='bbox 385 1689 558 1737; x_wconf 88' lang='lat' dir='ltr'>quinque</span> <span class='ocrx_word' id='word_1_177' title='bbox 601 1686 784 1737; x_wconf 88' lang='lat' dir='ltr'>completi</span> <span class='ocrx_word' id='word_1_178' title='bbox 826 1688 924 1738; x_wconf 83' lang='lat' dir='ltr'>sint,</span> <span class='ocrx_word' id='word_1_179' title='bbox 969 1685 1061 1737; x_wconf 89' lang='lat' dir='ltr'>quid</span> <span class='ocrx_word' id='word_1_180' title='bbox 1101 1686 1203 1725; x_wconf 88' lang='lat' dir='ltr'>aliud</span> <span class='ocrx_word' id='word_1_181' title='bbox 1246 1687 1483 1739; x_wconf 84' lang='lat' dir='ltr'>quaerimus,</span> 
     </span>
     <span class='ocr_line' id='line_1_30' title="bbox 144 1742 1482 1785; baseline -0.002 0"><span class='ocrx_word' id='word_1_182' title='bbox 144 1747 246 1785; x_wconf 91' lang='lat' dir='ltr'>unde</span> <span class='ocrx_word' id='word_1_183' title='bbox 284 1748 357 1784; x_wconf 88' lang='lat' dir='ltr'>ista</span> <span class='ocrx_word' id='word_1_184' title='bbox 396 1745 540 1783; x_wconf 79' lang='lat' dir='ltr'>salsitas</span> <span class='ocrx_word' id='word_1_185' title='bbox 580 1742 809 1783; x_wconf 75' lang='lat' dir='ltr'>refellatur?</span> <span class='ocrx_word' id='word_1_186' title='bbox 870 1744 919 1783; x_wconf 92' lang='lat' dir='ltr'>Ut</span> <span class='ocrx_word' id='word_1_187' title='bbox 957 1747 1059 1783; x_wconf 89' lang='lat' dir='ltr'>euim</span> <span class='ocrx_word' id='word_1_188' title='bbox 1099 1746 1138 1782; x_wconf 89' lang='lat' dir='ltr'>in</span> <span class='ocrx_word' id='word_1_189' title='bbox 1171 1743 1315 1783; x_wconf 87' lang='lat' dir='ltr'>Christi</span> <span class='ocrx_word' id='word_1_190' title='bbox 1348 1746 1482 1783; x_wconf 86' lang='lat' dir='ltr'>nativi-</span> 
     </span>
     <span class='ocr_line' id='line_1_31' title="bbox 145 1803 1483 1854; baseline -0.003 -10"><span class='ocrx_word' id='word_1_191' title='bbox 145 1811 223 1844; x_wconf 82' lang='lat' dir='ltr'>tate</span> <span class='ocrx_word' id='word_1_192' title='bbox 256 1804 373 1843; x_wconf 91' lang='lat' dir='ltr'>huius</span> <span class='ocrx_word' id='word_1_193' title='bbox 406 1805 464 1841; x_wconf 92' lang='lat' dir='ltr'>rei</span> <span class='ocrx_word' id='word_1_194' title='bbox 496 1816 576 1841; x_wconf 21' lang='lat' dir='ltr'>non*</span> <span class='ocrx_word' id='word_1_195' title='bbox 604 1815 794 1854; x_wconf 89' lang='lat' dir='ltr'>ponamus</span> <span class='ocrx_word' id='word_1_196' title='bbox 826 1805 1001 1854; x_wconf 82' lang='lat' dir='ltr'>initium,</span> <span class='ocrx_word' id='word_1_197' title='bbox 1033 1804 1123 1853; x_wconf 88' lang='lat' dir='ltr'>quia</span> <span class='ocrx_word' id='word_1_198' title='bbox 1155 1803 1282 1840; x_wconf 79' lang='lat' dir='ltr'>infans</span> <span class='ocrx_word' id='word_1_199' title='bbox 1314 1808 1353 1841; x_wconf 92' lang='lat' dir='ltr'>et</span> <span class='ocrx_word' id='word_1_200' title='bbox 1384 1815 1483 1854; x_wconf 91' lang='lat' dir='ltr'>puer</span> 
     </span>
     <span class='ocr_line' id='line_1_32' title="bbox 143 1860 1482 1914; baseline -0.003 -12"><span class='ocrx_word' id='word_1_201' title='bbox 143 1862 354 1914; x_wconf 87' lang='lat' dir='ltr'>discipulos</span> <span class='ocrx_word' id='word_1_202' title='bbox 382 1874 459 1899; x_wconf 86' lang='lat' dir='ltr'>uon</span> <span class='ocrx_word' id='word_1_203' title='bbox 485 1861 661 1912; x_wconf 82' lang='lat' dir='ltr'>habehat,</span> <span class='ocrx_word' id='word_1_204' title='bbox 694 1867 823 1899; x_wconf 85' lang='lat' dir='ltr'>tamen</span> <span class='ocrx_word' id='word_1_205' title='bbox 857 1861 1011 1911; x_wconf 88' lang='lat' dir='ltr'>quando</span> <span class='ocrx_word' id='word_1_206' title='bbox 1044 1860 1187 1898; x_wconf 90' lang='lat' dir='ltr'>habere</span> <span class='ocrx_word' id='word_1_207' title='bbox 1221 1862 1362 1912; x_wconf 86' lang='lat' dir='ltr'>coepit,</span> <span class='ocrx_word' id='word_1_208' title='bbox 1393 1873 1482 1912; x_wconf 92' lang='lat' dir='ltr'>pro-</span> 
     </span>
     <span class='ocr_line' id='line_1_33' title="bbox 144 1918 1482 1970; baseline -0.001 -10"><span class='ocrx_word' id='word_1_209' title='bbox 144 1922 206 1960; x_wconf 88' lang='lat' dir='ltr'>cul</span> <span class='ocrx_word' id='word_1_210' title='bbox 238 1920 356 1959; x_wconf 89' lang='lat' dir='ltr'>dubio</span> <span class='ocrx_word' id='word_1_211' title='bbox 389 1925 482 1958; x_wconf 87' lang='lat' dir='ltr'>tunc</span> <span class='ocrx_word' id='word_1_212' title='bbox 520 1921 690 1958; x_wconf 86' lang='lat' dir='ltr'>innotuit</span> <span class='ocrx_word' id='word_1_213' title='bbox 730 1931 800 1970; x_wconf 89' lang='lat' dir='ltr'>per</span> <span class='ocrx_word' id='word_1_214' title='bbox 832 1921 916 1957; x_wconf 92' lang='lat' dir='ltr'>eius</span> <span class='ocrx_word' id='word_1_215' title='bbox 949 1918 1191 1969; x_wconf 89' lang='lat' dir='ltr'>corporalem</span> <span class='ocrx_word' id='word_1_216' title='bbox 1223 1920 1482 1969; x_wconf 84' lang='lat' dir='ltr'>praesentiam</span> 
     </span>
     <span class='ocr_line' id='line_1_34' title="bbox 144 1977 1480 2029; baseline -0.001 -11"><span class='ocrx_word' id='word_1_217' title='bbox 144 1981 319 2018; x_wconf 85' lang='lat' dir='ltr'>doctrina</span> <span class='ocrx_word' id='word_1_218' title='bbox 365 1984 404 2017; x_wconf 91' lang='lat' dir='ltr'>et</span> <span class='ocrx_word' id='word_1_219' title='bbox 447 1977 582 2028; x_wconf 83' lang='lat' dir='ltr'>religio</span> <span class='ocrx_word' id='word_1_220' title='bbox 628 1977 866 2029; x_wconf 84' lang='lat' dir='ltr'>Christiana,</span> <span class='ocrx_word' id='word_1_221' title='bbox 909 1977 947 2015; x_wconf 91' lang='lat' dir='ltr'>id</span> <span class='ocrx_word' id='word_1_222' title='bbox 988 1982 1068 2027; x_wconf 89' lang='lat' dir='ltr'>est,</span> <span class='ocrx_word' id='word_1_223' title='bbox 1111 1982 1246 2027; x_wconf 89' lang='lat' dir='ltr'>postea</span> <span class='ocrx_word' id='word_1_224' title='bbox 1284 1989 1399 2027; x_wconf 85' lang='lat' dir='ltr'>quam</span> <span class='ocrx_word' id='word_1_225' title='bbox 1440 1978 1480 2016; x_wconf 91' lang='lat' dir='ltr'>in</span> 
     </span>
     <span class='ocr_line' id='line_1_35' title="bbox 145 2034 1482 2086; baseline -0.001 -11"><span class='ocrx_word' id='word_1_226' title='bbox 145 2038 260 2076; x_wconf 88' lang='lat' dir='ltr'>ssuvio</span> <span class='ocrx_word' id='word_1_227' title='bbox 288 2037 450 2075; x_wconf 88' lang='lat' dir='ltr'>Iordane</span> <span class='ocrx_word' id='word_1_228' title='bbox 478 2037 693 2074; x_wconf 88' lang='lat' dir='ltr'>ministerio</span> <span class='ocrx_word' id='word_1_229' title='bbox 720 2035 902 2073; x_wconf 80' lang='lat' dir='ltr'>Iohannis</span> <span class='ocrx_word' id='word_1_230' title='bbox 934 2041 994 2073; x_wconf 91' lang='lat' dir='ltr'>est</span> <span class='ocrx_word' id='word_1_231' title='bbox 1026 2035 1253 2086; x_wconf 88' lang='lat' dir='ltr'>baptizatus.</span> <span class='ocrx_word' id='word_1_232' title='bbox 1316 2034 1482 2085; x_wconf 89' lang='lat' dir='ltr'>Propter</span> 
     </span>
     <span class='ocr_line' id='line_1_36' title="bbox 145 2093 1484 2145; baseline -0.001 -12"><span class='ocrx_word' id='word_1_233' title='bbox 145 2097 216 2134; x_wconf 89' lang='lat' dir='ltr'>hoc</span> <span class='ocrx_word' id='word_1_234' title='bbox 249 2098 353 2133; x_wconf 86' lang='lat' dir='ltr'>euim</span> <span class='ocrx_word' id='word_1_235' title='bbox 385 2095 431 2133; x_wconf 93' lang='lat' dir='ltr'>de</span> <span class='ocrx_word' id='word_1_236' title='bbox 464 2094 528 2133; x_wconf 92' lang='lat' dir='ltr'>illo</span> <span class='ocrx_word' id='word_1_237' title='bbox 555 2094 758 2145; x_wconf 85' lang='lat' dir='ltr'>prophetia</span> <span class='ocrx_word' id='word_1_238' title='bbox 790 2093 853 2132; x_wconf 85' lang='lat' dir='ltr'>illa</span> <span class='ocrx_word' id='word_1_239' title='bbox 885 2099 1170 2144; x_wconf 90' lang='lat' dir='ltr'>praecesserat:</span> <span class='ocrx_word' id='word_1_240' title='bbox 1204 2094 1484 2132; x_wconf 73' lang='lat' dir='ltr'>Dominabitur</span> 
     </span>
     <span class='ocr_line' id='line_1_37' title="bbox 145 2153 1483 2202; baseline -0.001 -9"><span class='ocrx_word' id='word_1_241' title='bbox 145 2168 169 2193; x_wconf 79' lang='grc' dir='ltr'><em>α</em></span> <span class='ocrx_word' id='word_1_242' title='bbox 202 2157 308 2192; x_wconf 75' lang='lat' dir='ltr'>mari</span> <span class='ocrx_word' id='word_1_243' title='bbox 338 2165 462 2202; x_wconf 78' lang='lat' dir='ltr'>usque</span> <span class='ocrx_word' id='word_1_244' title='bbox 503 2154 560 2191; x_wconf 83' lang='lat' dir='ltr'>ad</span> <span class='ocrx_word' id='word_1_245' title='bbox 589 2164 702 2191; x_wconf 73' lang='lat' dir='ltr'>mare</span> <span class='ocrx_word' id='word_1_246' title='bbox 733 2158 771 2191; x_wconf 82' lang='lat' dir='ltr'>et</span> <span class='ocrx_word' id='word_1_247' title='bbox 803 2164 827 2190; x_wconf 85' lang='lat' dir='ltr'>a</span> <span class='ocrx_word' id='word_1_248' title='bbox 854 2153 1021 2200; x_wconf 71' lang='lat' dir='ltr'>flumine</span> <span class='ocrx_word' id='word_1_249' title='bbox 1052 2164 1177 2199; x_wconf 78' lang='lat' dir='ltr'>usque</span> <span class='ocrx_word' id='word_1_250' title='bbox 1208 2153 1265 2190; x_wconf 79' lang='lat' dir='ltr'>ad</span> <span class='ocrx_word' id='word_1_251' title='bbox 1295 2154 1483 2191; x_wconf 72' lang='lat' dir='ltr'>terminos</span> 
     </span>
    </p>
   </div>
   <div class='ocr_carea' id='block_1_13' title="bbox 240 2300 712 2344">
    <p class='ocr_par' dir='ltr' id='par_1_13' title="bbox 240 2300 712 2344">
     <span class='ocr_line' id='line_1_38' title="bbox 240 2300 712 2344; baseline 0 -10"><span class='ocrx_word' id='word_1_252' title='bbox 240 2305 259 2334; x_wconf 77' lang='lat'>‘2</span> <span class='ocrx_word' id='word_1_253' title='bbox 286 2303 429 2334; x_wconf 78' lang='lat' dir='ltr'>uertere</span> <span class='ocrx_word' id='word_1_254' title='bbox 456 2300 491 2334; x_wconf 81' lang='lat' dir='ltr'><em>R</em></span> <span class='ocrx_word' id='word_1_255' title='bbox 510 2302 521 2344; x_wconf 83' lang='grc' dir='ltr'>ΙΙ</span> <span class='ocrx_word' id='word_1_256' title='bbox 541 2304 560 2334; x_wconf 84' lang='grc'>9</span> <span class='ocrx_word' id='word_1_257' title='bbox 589 2300 649 2343; x_wconf 85' lang='lat' dir='ltr'>qui</span> <span class='ocrx_word' id='word_1_258' title='bbox 678 2300 712 2334; x_wconf 79' lang='lat' dir='ltr'><em>R</em></span> 
     </span>
    </p>
   </div>
  </div>
 </body>
</html>
