1548 2562
422 122 475 146 DE
494 121 681 147 CIVITATE
700 122 770 146 DEI
788 122 821 146 L.
840 122 903 148 xv.
923 121 952 146 c.
972 122 997 147 5.
1016 123 1031 147 6
1330 111 1386 151 65

57 211 145 260 quia
177 209 231 247 illi
256 209 348 248 honi
380 214 483 261 sunt,
513 209 569 248 illi
600 210 726 248 mali.
761 209 874 248 Nullo
908 211 1010 248 enim
1041 203 1154 247 modo
1187 210 1229 247 fit
1260 210 1387 247 minor

56 267 264 306 accedente
308 279 377 306 seu
420 274 672 318 permanente
723 274 903 307 consorte
946 269 1141 318 possessio
1191 266 1387 319 bonitatis,

55 327 172 364 immo
198 327 393 376 possessio
418 325 582 377 bonitas,
615 338 729 376 quam
755 332 861 364 tanto
893 326 1019 378 latius,
1050 331 1193 376 quanto
1227 338 1386 363 concor-

56 384 142 422 dius
183 384 378 422 individua
420 385 615 422 sociorum
661 385 834 434 possidet
882 387 1032 423 caritas.
1103 384 1188 422 Non
1229 383 1386 422 habebit

56 441 223 492 denique
273 443 386 480 istam
431 444 742 494 possessionem,
794 444 859 493 qui
904 455 988 481 eam
1031 442 1201 481 noluerit
1243 441 1385 480 habere
1413 449 1432 479 5

56 512 324 551 communem,
368 505 407 538 et
451 505 557 538 tanto
601 512 686 538 eam
730 502 900 551 reperiet
943 501 1192 552 ampliorem,
1241 507 1385 550 quanto

56 558 220 609 amplius
252 558 305 596 ibi
330 560 502 608 potuerit
534 570 663 596 amare
696 564 929 597 consortem.
991 559 1087 597 Illud
1120 560 1250 610 igitur,
1283 558 1385 608 quod

54 618 157 654 inter
189 616 353 654 Remum
385 622 424 654 et
449 616 656 655 Romulum
689 622 866 655 exortum
899 622 969 668 est,
1003 629 1117 667 quem
1150 617 1195 654 ad
1228 617 1385 654 modum

55 675 239 712 adversus
265 687 306 712 se
332 676 454 725 ipsam
481 680 636 713 terrena
663 676 796 713 civitas
829 675 1032 727 dividatur,
1065 675 1250 726 ostendit,
1283 675 1386 725 quod

55 737 184 771 autem
215 734 318 770 inter
350 732 443 771 Cain
475 738 514 770 et
545 732 655 784 Abel,
696 734 799 771 inter
831 733 926 771 duas
958 735 1060 783 ipsas
1093 735 1286 785 civitates,
1318 732 1387 771 Dei
1415 742 1456 771 10

56 796 94 829 et
119 790 331 842 hominum,
364 792 586 829 inimicitias
613 791 902 830 demonstravit.
963 791 1140 841 Pugnant
1166 804 1258 841 ergo
1284 793 1386 829 inter

56 860 98 886 se
124 848 214 886 mali
242 849 404 900 etmali3
436 851 529 887 item
556 855 729 899 pugnant
754 851 857 888 inter
889 862 929 887 se
962 850 1049 887 mali
1082 855 1120 887 et
1152 849 1262 887 boni:
1295 849 1387 887 boni

54 919 147 944 vero
179 912 218 944 et
248 906 351 958 boni,
384 909 415 945 si
446 907 610 957 perfecti
643 913 745 959 sunt,
777 909 878 945 inter
911 920 951 946 se
983 920 1157 958 pugnare
1190 920 1266 944 non
1298 919 1385 957 pos-

57 970 158 1003 sunt.
220 964 473 1003 Proficientes
499 970 628 1003 autem
655 966 905 1016 nondumque
932 966 1095 1016 perfecti
1128 967 1179 1003 ita
1212 970 1386 1016 possunt,

55 1028 98 1061 ut
122 1022 249 1060 honus
275 1025 439 1073 quisque
467 1035 513 1061 ex
545 1036 588 1061 ea
620 1030 728 1074 parte
761 1030 906 1074 pugnet
938 1030 1071 1062 contra
1104 1024 1280 1075 alterum,
1313 1036 1387 1073 qua
1415 1031 1456 1061 15

58 1082 174 1119 etiam
201 1087 334 1119 contra
362 1087 483 1119 semet
510 1078 655 1133 ipsum,
688 1087 725 1120 et
749 1083 788 1120 in
815 1094 892 1120 uno
925 1084 1066 1133 quippe
1101 1082 1254 1119 homine
1288 1093 1386 1120 caro

55 1141 303 1188 concupiscit
341 1142 534 1178 adversus
570 1143 753 1188 spiritum
791 1146 829 1179 et
864 1143 1030 1189 spiritus
1069 1142 1261 1178 [adversus
1295 1152 1384 1178 car-

55 1209 152 1236 nem.
216 1197 539 1248 Concupiscentia
566 1211 658 1248 ergo
685 1199 867 1249 spiritalis
900 1205 1035 1237 contra
1067 1198 1226 1237 alterius
1258 1204 1388 1248 potest

54 1267 227 1306 pugnare
266 1256 458 1294 carnalem
495 1256 554 1294 vel
586 1259 902 1307 coucupiscentia
934 1257 1096 1295 carnalis
1129 1261 1263 1294 contra
1296 1256 1386 1294 alte-

55 1315 137 1352 rius
175 1314 403 1365 spiritalem,
442 1316 542 1352 sicut
580 1316 682 1353 inter
724 1328 765 1352 se
798 1322 971 1365 pugnant
1002 1315 1093 1353 honi
1126 1320 1165 1352 et
1190 1315 1295 1365 mali3
1328 1315 1387 1352 vel
1413 1322 1456 1352 20

55 1377 161 1409 certe
194 1373 299 1422 ipsae
332 1374 670 1423 concupiscentiae
708 1374 882 1411 carnales
914 1375 1016 1412 iuter
1048 1385 1089 1411 se
1122 1373 1288 1411 duorum
1320 1372 1386 1410 bo—

56 1442 214 1481 norum,
252 1430 425 1468 nondum
464 1433 598 1481 utique
638 1432 924 1483 perfectorum,
963 1433 1063 1470 sicut
1101 1433 1203 1469 inter
1245 1444 1284 1469 se
1317 1443 1385 1481 pu-

54 1494 172 1538 gnant
204 1488 293 1526 mali
325 1494 363 1527 et
395 1489 499 1540 mali,
537 1489 660 1527 donec
693 1501 846 1541 eorum,

55 1558 155 1584 mam
187 1547 386 1584 victoriam
419 1549 560 1585 sanitas
592 1548 841 1598 perducatur.

886 1491 952 1540 qui
984 1496 1189 1541 curantur,
1221 1489 1266 1527 ad
1299 1489 1385 1527 ulti-

593 1671 747 1713 CAPUT
781 1671 853 1713 VI.
1413 1693 1456 1723 25

55 1745 115 1782 De
145 1745 417 1792 lanquoribus,
450 1756 546 1792 quos
577 1756 628 1782 ex
655 1756 787 1792 poena
814 1747 977 1793 peccati
1006 1747 1124 1783 etiam
1156 1747 1260 1783 cives
1292 1747 1385 1783 civi-

114 1805 206 1840 tatis
232 1803 309 1840 Dei
339 1805 379 1840 in
410 1804 528 1840 huius
560 1805 664 1841 vitae
690 1805 1020 1851 pereyre‘natione
1047 1805 1259 1852 patiuntur
1291 1808 1329 1841 et

340 1872 365 1898 a
397 1862 539 1908 quibus
571 1861 654 1899 Deo
685 1862 865 1899 medente
895 1867 1103 1899 sanantur.

172 1930 351 1982 Languor
377 1937 435 1968 est
462 1932 604 1981 quippe
637 1932 722 1982 iste,
754 1930 792 1968 id
825 1937 884 1969 est
914 1931 977 1969 illa
1008 1931 1306 1982 inoboedientia,
1338 1931 1384 1969 de

55 2000 129 2039 qua
169 1990 208 2026 in
246 1989 344 2027 libro
384 1995 521 2039 quarto
554 1988 704 2026 decimo
737 1988 1010 2040 disseruimus,
1050 1991 1195 2040 primae
1228 1989 1384 2027 inoboe-
1412 1997 1455 2026 30

54 2046 221 2085 dientiae
255 2046 499 2098 supplicium,
531 2052 570 2084 et
601 2047 687 2084 ideo
721 2059 798 2084 non
831 2053 979 2098 natura,
1012 2047 1078 2085 sed
1112 2049 1264 2099 vitium,
1297 2059 1383 2097 pro—

54 2109 141 2155 pter
179 2105 281 2155 quod
321 2105 462 2143 dicitur
503 2104 796 2155 proficientibus
838 2105 949 2143 honis
989 2110 1026 2143 et
1058 2117 1104 2143 ex
1136 2105 1209 2143 fide
1241 2107 1281 2143 in
1314 2105 1383 2143 hac

149 2184 204 2226 18)
231 2182 309 2217 Gal.
337 2185 369 2225 5,
398 2186 449 2217 17.
501 2184 559 2225 30)
587 2181 624 2217 C.
653 2185 689 2223 1;
718 2186 757 2215 11
787 2182 855 2216 etc.

148 2278 190 2308 32
217 2275 256 2308 et
280 2285 344 2309 om.
370 2274 443 2308 ΕΑ

125 2346 199 2364 Auo.
218 2346 259 2364 ms:
280 2345 341 2364 01v.
359 2346 422 2365 nm.
448 2340 488 2364 ΙΙ.
1081 2337 1101 2367 5
