1611 2465
233 50 253 87 1
263 47 314 88 76
767 55 792 81 s.
813 55 1032 82 AUGUs'rnn

228 145 343 184 batio.
406 145 453 184 Et
486 145 716 196 plerumque
744 145 856 182 aliter
889 146 1040 182 animus
1072 143 1265 183 humanus
1297 143 1372 182 sihi
1402 145 1478 194 ipsi
1509 145 1565 182 in-

229 210 543 242 notescerenon
577 207 724 254 potest,
758 204 833 241 nisi
865 203 966 240 vires
998 213 1088 240 suas
1121 201 1194 240 sihi
1226 214 1303 240 non
1336 201 1466 253 verbo,
1499 201 1568 240 sed

229 264 497 313 experimento
545 263 798 312 temptatione
839 260 1005 311 quodam
1043 259 1157 298 modo
1201 261 1466 311 interrogante
1505 271 1566 298 re-

230 321 436 371 spondeat3
469 319 536 357 ubi
563 321 595 358 si
622 319 691 357 Dei
717 331 860 358 munus
887 319 1098 370 agnoverit,
1132 324 1223 357 tunc
1249 320 1337 369 pius
1370 324 1441 369 est,
1473 323 1567 357 tuno

184 387 202 417 5
230 379 418 417 solidatur
457 378 636 416 firmitate
675 380 840 429 gratiae,
885 389 963 416 non
1006 377 1164 416 inflatur
1202 378 1385 415 inanitate
1424 378 1566 415 iactan-

232 439 316 475 tiae.
378 436 598 486 Numquam
645 448 736 475 sane
782 436 961 474 crederet
999 435 1210 486 Abraham,
1254 435 1357 485 quod
1401 436 1568 473 victimis

231 495 333 533 Deus
361 494 624 533 delectaretur
650 495 847 545 humanis;
874 495 1048 545 quamvis
1076 493 1211 532 divino'
1230 495 1431 532 intonante
1457 505 1567 544 prae-

231 560 343 604 cepto
377 553 664 592 oboediendum
696 555 762 604 sit,
804 565 880 591 non
914 551 1202 603 disputandum.
1263 550 1407 590 Verum
1438 557 1568 590 tamen

230 611 423 649 Abraham
456 612 663 650 confestim
694 611 835 663 filium,
874 623 963 650 cum
997 611 1136 649 fuisset
1166 609 1405 661 immolatus,
1437 622 1568 649 resur·

163 678 204 709 10
231 676 432 708 recturum
472 670 684 709 credidisse
723 669 937 708 laudandus
977 675 1046 707 est.
1109 668 1266 707 Dixerat
1310 680 1475 719 namque
1515 667 1570 706 ilii

231 728 350 780 Deus,
390 740 479 766 eum
518 728 564 766 de
603 728 740 767 ancilla
779 734 817 766 et
855 728 931 765 filio
965 728 1048 766 eius
1082 727 1184 765 foras
1217 726 1404 765 eiciendis
1435 726 1568 765 volun-

231 792 349 825 tatem
395 788 571 837 coniugis
616 786 736 825 nollet
778 786 958 837 implere:
1005 787 1050 824 In
1087 786 1207 824 Isaac
1247 787 1457 824 vocabitur
1498 786 1572 823 tibi

230 857 372 883 semen.
434 844 484 883 Et
511 851 617 884 certe
644 844 697 883 ibi
725 847 902 895 sequitur
929 857 971 882 ac
1005 844 1166 883 dicitur:
1199 844 1251 882 Et
1276 846 1405 891 filium
1437 848 1597 882 autem·

231 905 404 942 ancillae
435 905 552 942 huius
580 906 620 942 in
645 915 831 952 maqmtm
861 909 1018 951 §entem
1046 902 1201 951 faciam
1233 904 1352 950 illum,
1385 904 1481 951 quia
1511 913 1568 941 se-

163 969 204 999 15
231 974 319 1000 men
363 968 472 1000 tuum
516 967 584 1000 est.
647 961 731 1007 Quo
772 961 884 1000 modo
924 974 1016 1012 ergo
1056 961 1203 999 dictum
1241 966 1317 999 est:
1363 961 1411 999 In
1450 961 1571 999 Isaac

232 1022 442 1059 vocabitur
474 1022 548 1059 tibi
576 1032 727 1067 semen,
761 1032 850 1058 cum
882 1026 920 1058 et
952 1019 1153 1058 ismaelem
1186 1019 1289 1058 Deus
1320 1031 1453 1057 semen
1485 1020 1570 1057 eius

232 1076 457 1116 vocaverit?
508 1078 717 1129 Exponens
750 1084 878 1117 autem
912 1078 1108 1129 apostolus
1142 1077 1234 1128 quid
1267 1079 1334 1116 sit:
1368 1078 1416 1115 In
1449 1077 1570 1116 Isaac

231 1138 442 1175 vocabitur
475 1138 548 1175 libi
571 1149 721 1175 semen:
756 1138 806 1175 Id
836 1142 902 1184 est,
935 1138 1074 1188 inquit,
1106 1148 1183 1174 non
1216 1138 1286 1184 qui
1311 1138 1390 1182 filie·
1420 1137 1569 1182 carnis,

232 1196 276 1233 hi
307 1197 386 1241 filii
422 1196 512 1242 Dei,
551 1197 623 1233 sed
654 1198 733 1241 filii
763 1197 1040 1244 promissionis
1078 1196 1323 1244 deputantur
1355 1196 1397 1232 in
1426 1205 1569 1234 semen.

168 1261 212 1291 20
239 1254 291 1291 Ac
324 1265 395 1304 per
428 1253 499 1291 hoc
533 1253 597 1290 filii
631 1255 918 1304 promissionis,
956 1259 1000 1291 ut
1031 1254 1110 1291 sint
1141 1265 1274 1291 semen
1306 1251 1498 1304 Abrahae,
1530 1253 1570 1290 in

232 1310 337 1349 isaac
369 1317 570 1362 vocantur,
606 1311 679 1349 hoc
712 1318 771 1350 est
802 1314 840 1349 in
875 1311 1028 1349 Christo
1062 1317 1222 1350 vocante
1254 1312 1376 1362 gratia
1408 1322 1569 1361 congre·
1598 1336 1600 1338 -

233 1376 384 1420 gantur.
458 1369 565 1407 Hanc
616 1382 708 1419 ergo
758 1371 1057 1419 promissionem
1106 1375 1217 1420 pater
1266 1371 1354 1420 pius
1404 1369 1570 1408 fideliter

233 1434 382 1479 tenens,
415 1429 504 1477 quia
530 1440 600 1478 per
626 1427 731 1466 hunc
758 1427 962 1478 oportebat
987 1427 1152 1479 impleri,
1185 1439 1300 1478 quem
1327 1427 1430 1466 Deus
1461 1427 1568 1466 iuhe-

233 1485 298 1523 bat
330 1485 474 1537 occidi,
515 1498 590 1523 non
628 1486 831 1524 haesitavit
869 1485 972 1536 quod
1005 1485 1078 1524 sibi
1111 1485 1221 1524 reddi
1252 1491 1404 1536 poterat
1435 1487 1568 1524 immo-

163 1552 206 1583 25
234 1543 353 1595 latus,
392 1545 457 1594 qui
496 1544 579 1582 dari
617 1546 744 1595 potuit
777 1557 854 1582 non
887 1550 1076 1595 speratus.
1141 1544 1204 1582 Sic
1236 1543 1479 1583 intellectum
1511 1549 1571 1583 est

233 1608 271 1641 et
303 1604 343 1640 in
375 1602 539 1653 epistula
583 1602 629 1641 ad
662 1602 878 1653 Hebraeos,
916 1608 954 1641 et
986 1604 1041 1641 sic
1075 1604 1303 1653 expositum.
1365 1603 1481 1651 Fide,
1512 1603 1568 1641 in—

235 1662 328 1711 quit,
357 1663 582 1709 praecessit
606 1662 812 1700 Abraham
841 1662 960 1700 Isaac
998 1666 1208 1710 temptatus
1241 1665 1278 1700 et
1309 1662 1472 1700 unicum
1503 1662 1568 1700 ob·

234 1721 332 1766 tulit,
365 1720 435 1766 qui
461 1721 745 1767 promissiones
777 1721 967 1768 suscepit,
1001 1721 1057 1758 ad
1085 1731 1200 1768 quem
1231 1720 1381 1758 dictum
1413 1723 1488 1758 est:
1521 1720 1570 1758 In

234 1777 355 1815 Isaac
388 1778 598 1815 vocabitur
630 1779 703 1815 tibi
731 1789 879 1824 semen,
913 1779 1094 1826 coqitans
1125 1780 1220 1825 quia
1253 1782 1291 1816 et
1321 1789 1372 1816 ex
1403 1779 1570 1816 mortuis

163 1844 207 1873 30
234 1837 417 1874 excitare
449 1840 579 1883 potest
617 1836 733 1873 Deus.
802 1835 969 1873 Proinde
1014 1835 1175 1873 addidit:
1220 1836 1300 1873 Pro
1337 1836 1413 1874 hoc
1451 1838 1569 1874 etiam

329 1938 386 1978 15)
415 1934 503 1970 Gen.
531 1939 586 1978 21,
616 1939 656 1969 12
683 1947 734 1979 sq.
789 1937 842 1977 19)
870 1935 973 1969 Rom.
1001 1938 1034 1978 9,
1060 1938 1090 1970 8.
1142 1936 1201 1978 30)
1227 1935 1334 1969 Hebr.
1365 1939 1419 1979 11,
1447 1940 1488 1971 17
1515 1948 1567 1980 sq.

328 2079 368 2108 13
391 2076 428 2109 et
454 2074 578 2116 VRA‚·
604 2085 668 2109 om.
690 2074 748 2108 Fv
767 2076 779 2119 ΙΙ
801 2079 841 2109 19
869 2085 992 2109 semen
1021 2074 1104 2108 V¹R
1132 2074 1197 2117 (εἰς
1224 2075 1402 2119 σπέρμα);
1429 2076 1566 2112 semine

240 2120 386 2155 V2AF2·
406 2123 417 2164 ΙΙ
438 2125 479 2155 ‘21
498 2122 634 2156 christo
658 2121 780 2162 V¹R¹,·
801 2121 985 2155 Christum
1000 2133 1018 2156 v
1034 2123 1050 2177 fl
1070 2125 1112 2155 27
1128 2122 1327 2166 praecessit
1347 2122 1568 2167 VRAFessyv

234 2167 561 2212 (nposvty'voxsv?);
601 2168 736 2202 obtulit
767 2168 836 2210 abf
867 2169 1186 2212 (προσενηνοχεν);
1212 2179 1284 2203 non
1309 2170 1476 2214 pepercit
1500 2170 1533 2204 e¹
1558 2172 1568 2214 [ι

234 2214 331 2249 isaac
356 2214 461 2258 (isac)
497 2214 635 2256 VRAe,·
660 2214 698 2248 in
725 2214 826 2249 Isaac
853 2226 871 2249 v
