1611 2465
77 732 118 762 10

79 1023 120 1054 15

79 1316 122 1346 20

83 1902 127 1933 30

142 98 228 139 564
678 105 704 130 S.
724 104 942 131 Achsrnn

140 197 239 236 blica
278 195 467 247 disputari
507 194 656 233 nullum
696 193 841 232 bellum
879 194 1026 244 suscipi
1065 205 1086 232 a
1133 195 1286 232 civitate
1327 195 1483 245 optima,

142 257 216 294 nisi
254 260 320 293 aut
356 265 427 305 pro
466 252 539 291 fide
579 258 645 291 aut
675 264 746 303 pro
779 251 915 290 salute..
979 251 1080 298 Quid
1113 258 1245 290 autem
1279 251 1381 291 dicat
1411 265 1483 304 pro

142 314 265 353 salute
296 312 357 351 vel
388 311 560 362 intellegi
599 323 714 362 quam
756 310 921 349 salutem
953 310 1062 362 velit,
1101 309 1174 349 alio
1206 310 1291 349 loco
1325 310 1483 350 demon-

143 378 290 411 strans:
332 370 440 423 „Sed
478 369 537 408 his
576 371 730 422 poenis,
774 371 918 421 inquit,
967 380 1062 420 quas
1105 370 1221 407 etiam
1262 368 1484 409 stultissimi

145 433 339 480 sentiunt,
384 434 555 480 egestate
602 427 734 479 exilio,
776 427 942 466 vinculis
983 426 1232 479 verberibus,
1277 427 1485 467 elabuntur

143 501 257 540 saepe
299 488 439 539 privati
483 486 610 525 oblata
653 488 791 525 mortis
830 486 1046 538 celeritate3
1092 485 1315 525 civitatibus
1355 492 1485 526 autem

143 560 249 586 mors
280 548 363 598 ipsa
395 558 521 597 poena
553 551 630 597 est,
671 557 769 596 quae
802 545 955 584 videtur
988 557 1008 583 a
1039 557 1165 596 poena
1199 544 1374 596 singulos
1404 546 1484 584 vin-

144 607 285 645 dicare.
347 604 471 643 Debet
498 606 601 643 enim
628 605 839 643 constituta
866 605 921 642 sic
955 615 1041 642 esse
1074 605 1221 656 civitas,
1253 609 1297 642 ut
1329 609 1485 642 aeterna

145 667 205 704 sit.
268 664 402 715 Itaque
435 663 565 702 nullus
596 664 780 701 interitus
812 667 872 701 est
903 663 961 700 rei
991 661 1170 713 publicae
1203 662 1411 715 naturalis,
1444 669 1487 701 ut

144 724 324 774 hominis,
350 724 390 760 in
412 734 488 773 quo
509 734 615 760 mors
634 733 713 760 non
735 721 848 760 modo
870 722 1091 759 necessaria
1112 727 1182 774 est,
1208 733 1345 760 verum
1371 722 1488 760 etiam

145 781 310 834 optanda
336 793 537 832 persaepe.
588 779 730 819 Civitas
757 786 887 819 autem
919 791 1007 818 cum
1034 779 1194 832 tollitur,
1226 779 1390 832 deletur,
1423 792 1485 818 ex·

145 841 357 891 tinguitur:
389 839 513 878 simile
541 844 601 877 est
633 839 799 889 quodam
832 839 959 890 modo,
993 844 1034 877 ut
1065 850 1181 889 parva
1214 839 1362 889 magnis
1396 850 1485 877 con-

146 900 335 950 feramus,
377 910 420 936 ac
460 899 492 936 si
533 899 658 936 omnis
696 897 758 936 hic
801 897 971 946 mundus
1003 898 1172 935 intereat
1204 902 1242 935 et
1274 893 1489 935 00110idat‚“

146 957 228 996 Hoc
254 957 342 996 ideo
369 957 466 995 dixit
491 955 640 1008 Cicero,
673 957 762 1006 quia
788 956 978 994 mundum
1004 967 1081 994 non
1113 956 1366 994 interiturum
1399 967 1488 994 cum

148 1016 357 1055 Platonicis
385 1017 513 1053 sentit.
565 1014 725 1053 Constat
752 1026 844 1065 ergo
872 1026 962 1053 eum
988 1026 1059 1065 pro
1089 1026 1132 1052 ea
1165 1013 1287 1052 salute
1320 1013 1488 1053 voluisse

147 1075 292 1114 bellum
331 1075 478 1125 suscipi
515 1085 534 1111 a
574 1074 745 1124 civitate,
784 1085 858 1123 qua
897 1073 938 1111 fit
975 1078 1019 1111 ut
1060 1077 1214 1111 maneat
1245 1072 1308 1111 hic
1342 1074 1488 1124 civitas,

148 1135 250 1172 sicut
288 1133 398 1184 dicit,
437 1137 611 1179 aeterna,
650 1132 825 1182 quamvis
866 1130 1125 1169 morientibus
1164 1136 1203 1170 et
1234 1130 1488 1170 nascentibus

149 1191 330 1242 singulis,
363 1192 465 1229 sicut
496 1191 681 1241 perennis
715 1196 773 1228 est
806 1191 976 1240 opacitas
1009 1189 1115 1227 oleae
1148 1189 1208 1227 vel
1240 1189 1340 1228 lauri
1372 1195 1488 1241 atque

147 1250 266 1289 huius
298 1248 403 1287 modi
430 1254 652 1287 ceterarum
684 1248 868 1286 arborum
901 1247 1144 1298 singulorum
1176 1247 1287 1298 lapsu
1321 1254 1488 1299 ortuque

150 1308 343 1347 foliorum.
406 1307 509 1345 Mors
544 1308 709 1358 quippe,
750 1312 794 1345 ut
826 1307 936 1358 dicit,
975 1318 1053 1344 non
1085 1306 1288 1344 hominurn
1321 1306 1490 1357 singulo-

149 1379 261 1418 rum,
306 1365 374 1404 sed
417 1367 621 1404 universae
665 1377 791 1416 poena
835 1370 894 1404 est
938 1366 1122 1416 civitatis,
1164 1376 1261 1415 quae
1305 1376 1326 1404 a
1366 1377 1491 1416 poena

149 1425 381 1477 plerumque
403 1423 577 1475 singulos
603 1424 783 1462 vindicat.
827 1422 937 1462 Unde
958 1425 1097 1462 merito
1118 1425 1333 1476 quaeritur,
1359 1430 1491 1462 utrum

151 1490 258 1522 recte
284 1484 451 1522 fecerint
479 1482 695 1534 Saguntini,
728 1483 881 1533 quando
908 1483 1128 1521 universam
1155 1483 1350 1520 civitatem
1382 1494 1492 1521 suam

151 1544 312 1581 interire
356 1541 580 1580 maluerunt
621 1553 737 1592 quam
774 1541 889 1580 fidem
927 1542 1127 1592 frangere,
1169 1552 1244 1591 qua
1282 1553 1372 1580 cum
1408 1542 1492 1593 ipsa

108 1609 120 1618 ”
152 1601 324 1639 Romana
355 1612 399 1639 re
430 1599 586 1651 publica
618 1599 871 1652 tenebantur3
909 1601 947 1638 in
987 1611 1063 1650 quo
1097 1612 1167 1638 suo
1201 1599 1303 1638 facto
1335 1599 1491 1638 laudan-

152 1666 216 1699 tur
255 1659 301 1697 ab
341 1658 522 1697 omnibus
560 1664 739 1697 terrenae
778 1659 836 1696 rei
872 1657 1050 1709 publicae
1083 1657 1243 1697 civibus.
1306 1658 1382 1697 Sed
1415 1670 1492 1709 quo

153 1718 266 1757 inodo
298 1718 389 1756 huic
422 1717 674 1768 disputationi
712 1722 873 1768 possent
904 1715 1105 1768 oboedire,
1147 1728 1226 1755 non
1257 1716 1388 1769 video,
1425 1716 1493 1756 ubi

152 1778 296 1816 dicitur
340 1775 489 1815 nullum
528 1775 821 1826 suscipiendum
865 1787 951 1813 esse
996 1775 1142 1814 bellum
1187 1776 1263 1814 nisi
1313 1781 1379 1814 aut
1420 1787 1491 1827 pro

154 1836 227 1874 fide
266 1840 331 1873 aut
362 1846 433 1886 pro
467 1833 610 1886 salute,
648 1845 719 1872 nec
753 1834 914 1886 dicitur,
953 1835 986 1872 si
1017 1835 1056 1872 in
1089 1845 1210 1872 unum
1243 1833 1357 1872 simul
1389 1835 1491 1885 peri·

155 1894 286 1933 culum
322 1895 375 1932 ita
412 1892 488 1931 duo
526 1894 599 1931 ista
637 1894 928 1944 concurrerint,
969 1898 1012 1931 ut
1055 1893 1180 1931 teneri
1211 1891 1374 1930 alterum
1409 1893 1492 1930 sine

156 1953 316 1991 alterius
349 1952 556 1990 amissione
595 1962 672 1989 non
712 1952 852 2002 possit,
891 1950 983 2001 quid
1016 1952 1065 1988 sit
1095 1951 1225 2001 potius
1259 1950 1491 2000 eligendum.

155 2011 335 2050 Profecto
381 2011 484 2048 enim
524 2009 728 2059 Saguntini
773 2010 804 2047 si
845 2009 1009 2047 salutem
1048 2008 1260 2060 eligerent,
1304 2008 1399 2047 fides
1437 2010 1492 2047 eis

156 2070 283 2107 fuerat
309 2068 542 2119 deserenda,
575 2069 608 2105 si
635 2067 730 2105 fides
757 2066 934 2118 tenenda,
966 2066 1176 2106 amittenda
1208 2068 1344 2118 utique
1377 2066 1492 2118 salus,

157 2129 258 2166 sicut
296 2132 335 2165 et
372 2127 517 2165 factum
556 2131 627 2164 est.
690 2125 801 2165 Salus
843 2132 972 2164 autem
1005 2126 1169 2164 civitatis
1202 2124 1271 2164 Dei
1304 2125 1389 2164 talis
1422 2131 1493 2178 est,

254 2278 272 2308 9
300 2275 443 2319 Itaque]
470 2274 524 2309 ita
550 2273 585 2308 R
603 2275 614 2318 ΙΙ
635 2278 677 2308 26
705 2273 872 2308 omnibus
899 2283 983 2316 mss;
1010 2272 1219 2308 hominibus
1244 2284 1263 2306 ὐ
