<?xml version="1.0" encoding="UTF-8"?>
<!DOCTYPE html PUBLIC "-//W3C//DTD XHTML 1.0 Transitional//EN"
    "http://www.w3.org/TR/xhtml1/DTD/xhtml1-transitional.dtd">
<html xmlns="http://www.w3.org/1999/xhtml" xml:lang="en" lang="en">
 <head>
  <title>
</title>
<meta http-equiv="Content-Type" content="text/html;charset=utf-8" />
  <meta name='ocr-system' content='tesseract 3.04.00' />
  <meta name='ocr-capabilities' content='ocr_page ocr_carea ocr_par ocr_line ocrx_word'/>
</head>
<body>
  <div class='ocr_page' id='page_1' title='image "./sanctiaureliiaug02auguuoft_0467.png"; bbox 0 0 1548 2562; ppageno 0'>
   <div class='ocr_carea' id='block_1_1' title="bbox 382 99 1349 140">
    <p class='ocr_par' dir='ltr' id='par_1_1' title="bbox 382 99 1349 140">
     <span class='ocr_line' id='line_1_1' title="bbox 382 99 1349 140; baseline 0 -6"><span class='ocrx_word' id='word_1_1' title='bbox 382 110 434 134; x_wconf 75' lang='lat' dir='ltr'>DE</span> <span class='ocrx_word' id='word_1_2' title='bbox 452 109 640 135; x_wconf 79' lang='lat' dir='ltr'>CIVITATE</span> <span class='ocrx_word' id='word_1_3' title='bbox 659 109 729 134; x_wconf 83' lang='lat' dir='ltr'>DEI</span> <span class='ocrx_word' id='word_1_4' title='bbox 747 109 779 134; x_wconf 84' lang='lat' dir='ltr'>L.</span> <span class='ocrx_word' id='word_1_5' title='bbox 800 110 864 134; x_wconf 79' lang='lat' dir='ltr'>xx.</span> <span class='ocrx_word' id='word_1_6' title='bbox 885 110 913 134; x_wconf 88' lang='lat' dir='ltr'>e.</span> <span class='ocrx_word' id='word_1_7' title='bbox 933 111 974 134; x_wconf 79' lang='lat'>21.</span> <span class='ocrx_word' id='word_1_8' title='bbox 1266 99 1349 140; x_wconf 77' lang='lat'>461</span> 
     </span>
    </p>
   </div>
   <div class='ocr_carea' id='block_1_2' title="bbox 21 197 1354 2114">
    <p class='ocr_par' dir='ltr' id='par_1_2' title="bbox 21 197 1354 2114">
     <span class='ocr_line' id='line_1_2' title="bbox 141 197 1353 250; baseline 0 -14"><span class='ocrx_word' id='word_1_9' title='bbox 141 198 243 237; x_wconf 86' lang='lat' dir='ltr'>Haec</span> <span class='ocrx_word' id='word_1_10' title='bbox 285 210 373 237; x_wconf 89' lang='lat' dir='ltr'>cum</span> <span class='ocrx_word' id='word_1_11' title='bbox 414 197 461 236; x_wconf 90' lang='lat' dir='ltr'>de</span> <span class='ocrx_word' id='word_1_12' title='bbox 501 199 591 250; x_wconf 87' lang='lat' dir='ltr'>ista,</span> <span class='ocrx_word' id='word_1_13' title='bbox 629 210 725 248; x_wconf 87' lang='lat' dir='ltr'>quae</span> <span class='ocrx_word' id='word_1_14' title='bbox 765 210 868 236; x_wconf 89' lang='lat' dir='ltr'>nunc</span> <span class='ocrx_word' id='word_1_15' title='bbox 906 198 1116 248; x_wconf 80' lang='lat' dir='ltr'>inpertitur</span> <span class='ocrx_word' id='word_1_16' title='bbox 1154 197 1353 249; x_wconf 87' lang='lat' dir='ltr'>ecclesiae,</span> 
     </span>
     <span class='ocr_line' id='line_1_3' title="bbox 23 256 1353 308; baseline -0.001 -13"><span class='ocrx_word' id='word_1_17' title='bbox 23 258 228 308; x_wconf 87' lang='lat' dir='ltr'>perspicua</span> <span class='ocrx_word' id='word_1_18' title='bbox 280 256 469 306; x_wconf 80' lang='lat' dir='ltr'>nobisque</span> <span class='ocrx_word' id='word_1_19' title='bbox 520 258 718 294; x_wconf 85' lang='lat' dir='ltr'>notissima</span> <span class='ocrx_word' id='word_1_20' title='bbox 770 256 838 294; x_wconf 90' lang='lat' dir='ltr'>Dei</span> <span class='ocrx_word' id='word_1_21' title='bbox 889 257 1136 294; x_wconf 86' lang='lat' dir='ltr'>miseratione</span> <span class='ocrx_word' id='word_1_22' title='bbox 1180 256 1353 308; x_wconf 76' lang='lat' dir='ltr'><strong>dixisset,</strong></span> 
     </span>
     <span class='ocr_line' id='line_1_4' title="bbox 23 313 1352 366; baseline -0.001 -13"><span class='ocrx_word' id='word_1_23' title='bbox 23 316 202 366; x_wconf 80' lang='lat' dir='ltr'>promisit</span> <span class='ocrx_word' id='word_1_24' title='bbox 243 320 281 352; x_wconf 87' lang='lat' dir='ltr'>et</span> <span class='ocrx_word' id='word_1_25' title='bbox 320 314 434 364; x_wconf 87' lang='lat' dir='ltr'>fines,</span> <span class='ocrx_word' id='word_1_26' title='bbox 479 314 523 352; x_wconf 88' lang='lat' dir='ltr'>ad</span> <span class='ocrx_word' id='word_1_27' title='bbox 569 326 666 364; x_wconf 88' lang='lat' dir='ltr'>quos</span> <span class='ocrx_word' id='word_1_28' title='bbox 703 327 773 364; x_wconf 87' lang='lat' dir='ltr'>per</span> <span class='ocrx_word' id='word_1_29' title='bbox 810 313 990 353; x_wconf 87' lang='lat' dir='ltr'>ultimum</span> <span class='ocrx_word' id='word_1_30' title='bbox 1029 314 1216 352; x_wconf 87' lang='lat' dir='ltr'>iudicium</span> <span class='ocrx_word' id='word_1_31' title='bbox 1254 314 1352 352; x_wconf 84' lang='lat' dir='ltr'>sacta</span> 
     </span>
     <span class='ocr_line' id='line_1_5' title="bbox 22 372 1352 424; baseline 0 -14"><span class='ocrx_word' id='word_1_32' title='bbox 22 373 214 411; x_wconf 89' lang='lat' dir='ltr'>bonorum</span> <span class='ocrx_word' id='word_1_33' title='bbox 258 372 525 422; x_wconf 86' lang='lat' dir='ltr'>malorumque</span> <span class='ocrx_word' id='word_1_34' title='bbox 571 372 804 410; x_wconf 73' lang='lat' dir='ltr'>discretione</span> <span class='ocrx_word' id='word_1_35' title='bbox 856 374 1055 424; x_wconf 83' lang='lat' dir='ltr'>venietur,</span> <span class='ocrx_word' id='word_1_36' title='bbox 1105 372 1238 410; x_wconf 90' lang='lat' dir='ltr'>dicens</span> <span class='ocrx_word' id='word_1_37' title='bbox 1281 385 1352 423; x_wconf 87' lang='lat' dir='ltr'>per</span> 
     </span>
     <span class='ocr_line' id='line_1_6' title="bbox 21 430 1352 482; baseline 0 -13"><span class='ocrx_word' id='word_1_38' title='bbox 21 430 267 482; x_wconf 84' lang='lat' dir='ltr'>prophetam,</span> <span class='ocrx_word' id='word_1_39' title='bbox 310 430 369 468; x_wconf 91' lang='lat' dir='ltr'>vel</span> <span class='ocrx_word' id='word_1_40' title='bbox 413 430 460 467; x_wconf 88' lang='lat' dir='ltr'>de</span> <span class='ocrx_word' id='word_1_41' title='bbox 510 430 671 468; x_wconf 91' lang='lat' dir='ltr'>Domino</span> <span class='ocrx_word' id='word_1_42' title='bbox 716 431 848 469; x_wconf 79' lang='lat' dir='ltr'>dicens</span> <span class='ocrx_word' id='word_1_43' title='bbox 892 432 974 481; x_wconf 90' lang='lat' dir='ltr'>ipse</span> <span class='ocrx_word' id='word_1_44' title='bbox 1015 431 1220 482; x_wconf 84' lang='lat' dir='ltr'>propbeta:</span> <span class='ocrx_word' id='word_1_45' title='bbox 1270 432 1352 477; x_wconf 75' lang='lat' dir='ltr'>Quo</span> 
     </span>
     <span class='ocr_line' id='line_1_7' title="bbox 22 491 1351 528; baseline -0.002 0"><span class='ocrx_word' id='word_1_46' title='bbox 22 491 135 528; x_wconf 81' lang='lat' dir='ltr'>modo</span> <span class='ocrx_word' id='word_1_47' title='bbox 167 492 270 528; x_wconf 81' lang='lat' dir='ltr'>em&#39;m</span> <span class='ocrx_word' id='word_1_48' title='bbox 302 491 454 527; x_wconf 78' lang='lat' dir='ltr'>caelum</span> <span class='ocrx_word' id='word_1_49' title='bbox 493 500 633 527; x_wconf 75' lang='lat' dir='ltr'>novum</span> <span class='ocrx_word' id='word_1_50' title='bbox 666 495 702 527; x_wconf 81' lang='lat' dir='ltr'>et</span> <span class='ocrx_word' id='word_1_51' title='bbox 734 495 846 527; x_wconf 76' lang='lat' dir='ltr'>terra</span> <span class='ocrx_word' id='word_1_52' title='bbox 878 501 980 528; x_wconf 67' lang='lat' dir='ltr'>nova</span> <span class='ocrx_word' id='word_1_53' title='bbox 1011 491 1184 527; x_wconf 74' lang='lat' dir='ltr'>manebit</span> <span class='ocrx_word' id='word_1_54' title='bbox 1214 501 1351 528; x_wconf 78' lang='lat' dir='ltr'>eoram</span> 
     </span>
     <span class='ocr_line' id='line_1_8' title="bbox 21 548 1351 595; baseline -0.001 -9"><span class='ocrx_word' id='word_1_55' title='bbox 21 560 98 595; x_wconf 84' lang='lat' dir='ltr'>me,</span> <span class='ocrx_word' id='word_1_56' title='bbox 137 549 235 586; x_wconf 72' lang='lat' dir='ltr'>dicit</span> <span class='ocrx_word' id='word_1_57' title='bbox 265 548 474 593; x_wconf 71' lang='lat' dir='ltr'>Dominus,</span> <span class='ocrx_word' id='word_1_58' title='bbox 518 549 577 585; x_wconf 74' lang='lat' dir='ltr'>sic</span> <span class='ocrx_word' id='word_1_59' title='bbox 613 548 735 585; x_wconf 72' lang='lat' dir='ltr'>stabit</span> <span class='ocrx_word' id='word_1_60' title='bbox 769 559 899 586; x_wconf 79' lang='lat' dir='ltr'>semen</span> <span class='ocrx_word' id='word_1_61' title='bbox 940 552 1110 586; x_wconf 72' lang='lat' dir='ltr'>restrum</span> <span class='ocrx_word' id='word_1_62' title='bbox 1144 552 1181 586; x_wconf 80' lang='lat' dir='ltr'>et</span> <span class='ocrx_word' id='word_1_63' title='bbox 1211 559 1351 586; x_wconf 79' lang='lat' dir='ltr'>nomen</span> 
     </span>
     <span class='ocr_line' id='line_1_9' title="bbox 22 607 1351 653; baseline 0 -9"><span class='ocrx_word' id='word_1_64' title='bbox 22 611 210 653; x_wconf 67' lang='lat' dir='ltr'>vestrum,</span> <span class='ocrx_word' id='word_1_65' title='bbox 250 610 289 644; x_wconf 85' lang='lat' dir='ltr'>et</span> <span class='ocrx_word' id='word_1_66' title='bbox 325 608 403 644; x_wconf 66' lang='lat' dir='ltr'>erit</span> <span class='ocrx_word' id='word_1_67' title='bbox 438 608 580 643; x_wconf 72' lang='lat' dir='ltr'>mensis</span> <span class='ocrx_word' id='word_1_68' title='bbox 618 618 669 644; x_wconf 75' lang='lat' dir='ltr'>ex</span> <span class='ocrx_word' id='word_1_69' title='bbox 706 617 836 644; x_wconf 83' lang='lat' dir='ltr'>mense</span> <span class='ocrx_word' id='word_1_70' title='bbox 875 611 913 644; x_wconf 81' lang='lat' dir='ltr'>et</span> <span class='ocrx_word' id='word_1_71' title='bbox 942 607 1149 643; x_wconf 70' lang='lat' dir='ltr'>sabbalum</span> <span class='ocrx_word' id='word_1_72' title='bbox 1181 618 1232 643; x_wconf 73' lang='lat' dir='ltr'>ex</span> <span class='ocrx_word' id='word_1_73' title='bbox 1262 607 1351 644; x_wconf 77' lang='lat' dir='ltr'>sab-</span> 
     </span>
     <span class='ocr_line' id='line_1_10' title="bbox 23 663 1352 712; baseline 0 -10"><span class='ocrx_word' id='word_1_74' title='bbox 23 666 124 703; x_wconf 80' lang='lat' dir='ltr'>bato.</span> <span class='ocrx_word' id='word_1_75' title='bbox 195 663 330 702; x_wconf 71' lang='lat' dir='ltr'>Veniet</span> <span class='ocrx_word' id='word_1_76' title='bbox 365 666 489 702; x_wconf 74' lang='lat' dir='ltr'>omnis</span> <span class='ocrx_word' id='word_1_77' title='bbox 527 675 624 702; x_wconf 79' lang='lat' dir='ltr'>caro</span> <span class='ocrx_word' id='word_1_78' title='bbox 664 666 702 702; x_wconf 73' lang='lat' dir='ltr'>in</span> <span class='ocrx_word' id='word_1_79' title='bbox 743 669 954 712; x_wconf 69' lang='lat' dir='ltr'>conspeetu</span> <span class='ocrx_word' id='word_1_80' title='bbox 987 676 1070 702; x_wconf 82' lang='lat' dir='ltr'>meo</span> <span class='ocrx_word' id='word_1_81' title='bbox 1103 666 1280 702; x_wconf 80' lang='lat' dir='ltr'>adorare</span> <span class='ocrx_word' id='word_1_82' title='bbox 1312 666 1352 702; x_wconf 77' lang='lat' dir='ltr'>in</span> 
     </span>
     <span class='ocr_line' id='line_1_11' title="bbox 22 723 1353 770; baseline -0.001 -9"><span class='ocrx_word' id='word_1_83' title='bbox 22 724 288 769; x_wconf 74' lang='lat' dir='ltr'>Hierusalem,</span> <span class='ocrx_word' id='word_1_84' title='bbox 328 724 432 760; x_wconf 68' lang='lat' dir='ltr'>discit</span> <span class='ocrx_word' id='word_1_85' title='bbox 468 723 679 767; x_wconf 74' lang='lat' dir='ltr'>Domimcs;</span> <span class='ocrx_word' id='word_1_86' title='bbox 723 727 760 760; x_wconf 85' lang='lat' dir='ltr'>et</span> <span class='ocrx_word' id='word_1_87' title='bbox 797 724 1054 770; x_wconf 73' lang='lat' dir='ltr'>eqredientur</span> <span class='ocrx_word' id='word_1_88' title='bbox 1092 727 1130 760; x_wconf 80' lang='lat' dir='ltr'>et</span> <span class='ocrx_word' id='word_1_89' title='bbox 1166 724 1353 760; x_wconf 75' lang='lat' dir='ltr'>videbunt</span> 
     </span>
     <span class='ocr_line' id='line_1_12' title="bbox 22 780 1352 831; baseline -0.002 -11"><span class='ocrx_word' id='word_1_90' title='bbox 22 781 197 820; x_wconf 80' lang='lat' dir='ltr'>membra</span> <span class='ocrx_word' id='word_1_91' title='bbox 223 782 432 831; x_wconf 71' lang='lat' dir='ltr'>hominum,</span> <span class='ocrx_word' id='word_1_92' title='bbox 464 783 534 828; x_wconf 74' lang='lat' dir='ltr'>qui</span> <span class='ocrx_word' id='word_1_93' title='bbox 558 783 839 829; x_wconf 71' lang='lat' dir='ltr'>praevaricati</span> <span class='ocrx_word' id='word_1_94' title='bbox 867 786 959 819; x_wconf 70' lang='lat' dir='ltr'>sunt</span> <span class='ocrx_word' id='word_1_95' title='bbox 991 783 1029 818; x_wconf 71' lang='lat' dir='ltr'>in</span> <span class='ocrx_word' id='word_1_96' title='bbox 1062 792 1132 819; x_wconf 84' lang='lat' dir='ltr'>me.</span> <span class='ocrx_word' id='word_1_97' title='bbox 1203 780 1352 819; x_wconf 72' lang='lat' dir='ltr'>Vermz’s</span> 
     </span>
     <span class='ocr_line' id='line_1_13' title="bbox 22 841 1354 890; baseline -0.001 -13"><span class='ocrx_word' id='word_1_98' title='bbox 22 851 158 878; x_wconf 84' lang='lat' dir='ltr'>eorum</span> <span class='ocrx_word' id='word_1_99' title='bbox 190 850 267 877; x_wconf 80' lang='lat' dir='ltr'>non</span> <span class='ocrx_word' id='word_1_100' title='bbox 299 841 502 885; x_wconf 76' lang='lat' dir='ltr'>morietur,</span> <span class='ocrx_word' id='word_1_101' title='bbox 534 844 573 877; x_wconf 84' lang='lat' dir='ltr'>et</span> <span class='ocrx_word' id='word_1_102' title='bbox 604 841 706 886; x_wconf 59' lang='lat' dir='ltr'>&amp;nis</span> <span class='ocrx_word' id='word_1_103' title='bbox 738 850 873 877; x_wconf 79' lang='lat' dir='ltr'>eorum</span> <span class='ocrx_word' id='word_1_104' title='bbox 905 850 980 876; x_wconf 73' lang='lat' dir='ltr'>non</span> <span class='ocrx_word' id='word_1_105' title='bbox 1014 842 1283 890; x_wconf 62' lang='lat' dir='ltr'>eoete&#39;nquetur,</span> <span class='ocrx_word' id='word_1_106' title='bbox 1316 843 1354 877; x_wconf 81' lang='lat' dir='ltr'>et</span> 
     </span>
     <span class='ocr_line' id='line_1_14' title="bbox 22 896 1352 947; baseline -0.001 -11"><span class='ocrx_word' id='word_1_107' title='bbox 22 902 141 936; x_wconf 79' lang='lat' dir='ltr'>erunt</span> <span class='ocrx_word' id='word_1_108' title='bbox 166 899 269 935; x_wconf 75' lang='lat' dir='ltr'>visui</span> <span class='ocrx_word' id='word_1_109' title='bbox 293 899 399 935; x_wconf 67' lang='lat' dir='ltr'>omni</span> <span class='ocrx_word' id='word_1_110' title='bbox 423 899 550 935; x_wconf 74' lang='lat' dir='ltr'>carni.</span> <span class='ocrx_word' id='word_1_111' title='bbox 613 897 668 933; x_wconf 89' lang='lat' dir='ltr'>Ad</span> <span class='ocrx_word' id='word_1_112' title='bbox 701 896 773 934; x_wconf 88' lang='lat' dir='ltr'>boc</span> <span class='ocrx_word' id='word_1_113' title='bbox 805 898 877 934; x_wconf 90' lang='lat' dir='ltr'>iste</span> <span class='ocrx_word' id='word_1_114' title='bbox 910 897 1098 947; x_wconf 88' lang='lat' dir='ltr'>propheta</span> <span class='ocrx_word' id='word_1_115' title='bbox 1132 898 1352 935; x_wconf 75' lang='lat' dir='ltr'>terminavit</span> 
     </span>
     <span class='ocr_line' id='line_1_15' title="bbox 22 954 1349 1006; baseline 0 -13"><span class='ocrx_word' id='word_1_116' title='bbox 22 955 185 1006; x_wconf 84' lang='lat' dir='ltr'>librum,</span> <span class='ocrx_word' id='word_1_117' title='bbox 229 955 273 992; x_wconf 89' lang='lat' dir='ltr'>ad</span> <span class='ocrx_word' id='word_1_118' title='bbox 316 954 417 1005; x_wconf 90' lang='lat' dir='ltr'>quod</span> <span class='ocrx_word' id='word_1_119' title='bbox 462 954 734 993; x_wconf 78' lang='lat' dir='ltr'>terminabitur</span> <span class='ocrx_word' id='word_1_120' title='bbox 779 954 986 992; x_wconf 91' lang='lat' dir='ltr'>saeculum.</span> <span class='ocrx_word' id='word_1_121' title='bbox 1050 954 1213 999; x_wconf 82' lang='lat' dir='ltr'>Quidam</span> <span class='ocrx_word' id='word_1_122' title='bbox 1258 967 1349 993; x_wconf 88' lang='lat' dir='ltr'>sane</span> 
     </span>
     <span class='ocr_line' id='line_1_16' title="bbox 23 1013 1351 1064; baseline 0 -13"><span class='ocrx_word' id='word_1_123' title='bbox 23 1026 100 1051; x_wconf 90' lang='lat' dir='ltr'>non</span> <span class='ocrx_word' id='word_1_124' title='bbox 137 1015 381 1064; x_wconf 86' lang='lat' dir='ltr'>interpretati</span> <span class='ocrx_word' id='word_1_125' title='bbox 420 1018 527 1051; x_wconf 88' lang='lat' dir='ltr'>sunt:</span> <span class='ocrx_word' id='word_1_126' title='bbox 566 1013 749 1051; x_wconf 75' lang='lat' dir='ltr'>Membra</span> <span class='ocrx_word' id='word_1_127' title='bbox 785 1014 1000 1059; x_wconf 75' lang='lat' dir='ltr'>hominum,</span> <span class='ocrx_word' id='word_1_128' title='bbox 1040 1013 1106 1051; x_wconf 87' lang='lat' dir='ltr'>sed</span> <span class='ocrx_word' id='word_1_129' title='bbox 1146 1015 1351 1051; x_wconf 74' lang='lat' dir='ltr'>cadavera</span> 
     </span>
     <span class='ocr_line' id='line_1_17' title="bbox 21 1071 1351 1122; baseline -0.001 -12"><span class='ocrx_word' id='word_1_130' title='bbox 21 1075 215 1118; x_wconf 71' lang='lat' dir='ltr'>virorum,</span> <span class='ocrx_word' id='word_1_131' title='bbox 254 1083 323 1122; x_wconf 84' lang='lat' dir='ltr'>per</span> <span class='ocrx_word' id='word_1_132' title='bbox 362 1071 545 1109; x_wconf 88' lang='lat' dir='ltr'>cadavera</span> <span class='ocrx_word' id='word_1_133' title='bbox 584 1071 844 1121; x_wconf 84' lang='lat' dir='ltr'>significantes</span> <span class='ocrx_word' id='word_1_134' title='bbox 884 1071 1100 1109; x_wconf 78' lang='lat' dir='ltr'>evidentem</span> <span class='ocrx_word' id='word_1_135' title='bbox 1142 1084 1351 1122; x_wconf 85' lang='lat' dir='ltr'>corporum</span> 
     </span>
     <span class='ocr_line' id='line_1_18' title="bbox 22 1129 1353 1181; baseline 0 -14"><span class='ocrx_word' id='word_1_136' title='bbox 22 1141 202 1181; x_wconf 84' lang='lat' dir='ltr'>poenam3</span> <span class='ocrx_word' id='word_1_137' title='bbox 241 1131 413 1179; x_wconf 85' lang='lat' dir='ltr'>quamvis</span> <span class='ocrx_word' id='word_1_138' title='bbox 451 1129 612 1167; x_wconf 88' lang='lat' dir='ltr'>cadaver</span> <span class='ocrx_word' id='word_1_139' title='bbox 651 1131 725 1167; x_wconf 91' lang='lat' dir='ltr'>nisi</span> <span class='ocrx_word' id='word_1_140' title='bbox 762 1141 852 1167; x_wconf 87' lang='lat' dir='ltr'>caro</span> <span class='ocrx_word' id='word_1_141' title='bbox 891 1131 1077 1167; x_wconf 83' lang='lat' dir='ltr'>exanimis</span> <span class='ocrx_word' id='word_1_142' title='bbox 1116 1142 1191 1167; x_wconf 92' lang='lat' dir='ltr'>non</span> <span class='ocrx_word' id='word_1_143' title='bbox 1232 1130 1353 1168; x_wconf 81' lang='lat' dir='ltr'>soleat</span> 
     </span>
     <span class='ocr_line' id='line_1_19' title="bbox 22 1187 1352 1239; baseline 0 -13"><span class='ocrx_word' id='word_1_144' title='bbox 22 1189 252 1239; x_wconf 89' lang='lat' dir='ltr'>nuncupari,</span> <span class='ocrx_word' id='word_1_145' title='bbox 283 1187 344 1225; x_wconf 89' lang='lat' dir='ltr'>illa</span> <span class='ocrx_word' id='word_1_146' title='bbox 376 1199 468 1225; x_wconf 88' lang='lat' dir='ltr'>vero</span> <span class='ocrx_word' id='word_1_147' title='bbox 494 1189 658 1226; x_wconf 89' lang='lat' dir='ltr'>animata</span> <span class='ocrx_word' id='word_1_148' title='bbox 691 1194 807 1226; x_wconf 87' lang='lat' dir='ltr'>erunt</span> <span class='ocrx_word' id='word_1_149' title='bbox 838 1200 1013 1239; x_wconf 88' lang='lat' dir='ltr'>corpora,</span> <span class='ocrx_word' id='word_1_150' title='bbox 1045 1188 1215 1238; x_wconf 87' lang='lat' dir='ltr'>alioquin</span> <span class='ocrx_word' id='word_1_151' title='bbox 1250 1188 1352 1226; x_wconf 86' lang='lat' dir='ltr'>nulla</span> 
     </span>
     <span class='ocr_line' id='line_1_20' title="bbox 22 1246 1350 1297; baseline 0 -13"><span class='ocrx_word' id='word_1_152' title='bbox 22 1251 208 1297; x_wconf 84' lang='lat' dir='ltr'>poterunt</span> <span class='ocrx_word' id='word_1_153' title='bbox 248 1247 392 1284; x_wconf 87' lang='lat' dir='ltr'>sentire</span> <span class='ocrx_word' id='word_1_154' title='bbox 436 1251 646 1296; x_wconf 82' lang='lat' dir='ltr'>tormenta3</span> <span class='ocrx_word' id='word_1_155' title='bbox 690 1247 764 1284; x_wconf 92' lang='lat' dir='ltr'>nisi</span> <span class='ocrx_word' id='word_1_156' title='bbox 808 1246 928 1297; x_wconf 88' lang='lat' dir='ltr'>forte,</span> <span class='ocrx_word' id='word_1_157' title='bbox 973 1248 1061 1296; x_wconf 88' lang='lat' dir='ltr'>quia</span> <span class='ocrx_word' id='word_1_158' title='bbox 1106 1254 1350 1284; x_wconf 86' lang='lat' dir='ltr'>mortuorum</span> 
     </span>
     <span class='ocr_line' id='line_1_21' title="bbox 22 1303 1351 1355; baseline 0.001 -13"><span class='ocrx_word' id='word_1_159' title='bbox 22 1309 139 1342; x_wconf 84' lang='lat' dir='ltr'>erunt</span> <span class='ocrx_word' id='word_1_160' title='bbox 176 1316 359 1355; x_wconf 89' lang='lat' dir='ltr'>corpora,</span> <span class='ocrx_word' id='word_1_161' title='bbox 397 1303 434 1341; x_wconf 92' lang='lat' dir='ltr'>id</span> <span class='ocrx_word' id='word_1_162' title='bbox 474 1310 532 1342; x_wconf 91' lang='lat' dir='ltr'>est</span> <span class='ocrx_word' id='word_1_163' title='bbox 569 1316 725 1355; x_wconf 86' lang='lat' dir='ltr'>eorum,</span> <span class='ocrx_word' id='word_1_164' title='bbox 767 1305 833 1354; x_wconf 84' lang='lat' dir='ltr'>qui</span> <span class='ocrx_word' id='word_1_165' title='bbox 872 1306 911 1342; x_wconf 90' lang='lat' dir='ltr'>in</span> <span class='ocrx_word' id='word_1_166' title='bbox 944 1305 1153 1343; x_wconf 89' lang='lat' dir='ltr'>secundam</span> <span class='ocrx_word' id='word_1_167' title='bbox 1185 1312 1351 1343; x_wconf 86' lang='lat' dir='ltr'>mortem</span> 
     </span>
     <span class='ocr_line' id='line_1_22' title="bbox 24 1361 1351 1414; baseline 0.001 -14"><span class='ocrx_word' id='word_1_168' title='bbox 24 1362 182 1414; x_wconf 88' lang='lat' dir='ltr'>cadent,</span> <span class='ocrx_word' id='word_1_169' title='bbox 224 1362 310 1400; x_wconf 91' lang='lat' dir='ltr'>ideo</span> <span class='ocrx_word' id='word_1_170' title='bbox 356 1374 433 1400; x_wconf 88' lang='lat' dir='ltr'>non</span> <span class='ocrx_word' id='word_1_171' title='bbox 476 1361 642 1400; x_wconf 83' lang='lat' dir='ltr'>absurde</span> <span class='ocrx_word' id='word_1_172' title='bbox 681 1364 796 1400; x_wconf 86' lang='lat' dir='ltr'>etiam</span> <span class='ocrx_word' id='word_1_173' title='bbox 834 1362 1018 1401; x_wconf 87' lang='lat' dir='ltr'>cadavera</span> <span class='ocrx_word' id='word_1_174' title='bbox 1059 1363 1134 1401; x_wconf 89' lang='lat' dir='ltr'>dici</span> <span class='ocrx_word' id='word_1_175' title='bbox 1176 1369 1351 1413; x_wconf 84' lang='lat' dir='ltr'>possunt.</span> 
     </span>
     <span class='ocr_line' id='line_1_23' title="bbox 25 1419 1351 1471; baseline 0.001 -12"><span class='ocrx_word' id='word_1_176' title='bbox 25 1420 131 1459; x_wconf 90' lang='lat' dir='ltr'>Unde</span> <span class='ocrx_word' id='word_1_177' title='bbox 172 1426 230 1458; x_wconf 91' lang='lat' dir='ltr'>est</span> <span class='ocrx_word' id='word_1_178' title='bbox 268 1426 307 1458; x_wconf 92' lang='lat' dir='ltr'>et</span> <span class='ocrx_word' id='word_1_179' title='bbox 342 1419 453 1470; x_wconf 89' lang='lat' dir='ltr'>illud,</span> <span class='ocrx_word' id='word_1_180' title='bbox 495 1420 598 1471; x_wconf 88' lang='lat' dir='ltr'>quod</span> <span class='ocrx_word' id='word_1_181' title='bbox 630 1420 676 1458; x_wconf 87' lang='lat' dir='ltr'>ab</span> <span class='ocrx_word' id='word_1_182' title='bbox 710 1420 845 1458; x_wconf 90' lang='lat' dir='ltr'>eodem</span> <span class='ocrx_word' id='word_1_183' title='bbox 878 1421 1066 1471; x_wconf 87' lang='lat' dir='ltr'>propheta</span> <span class='ocrx_word' id='word_1_184' title='bbox 1099 1422 1244 1460; x_wconf 88' lang='lat' dir='ltr'>dietum</span> <span class='ocrx_word' id='word_1_185' title='bbox 1277 1423 1351 1460; x_wconf 87' lang='lat' dir='ltr'>iam</span> 
     </span>
     <span class='ocr_line' id='line_1_24' title="bbox 23 1478 1351 1530; baseline 0.002 -14"><span class='ocrx_word' id='word_1_186' title='bbox 23 1491 140 1529; x_wconf 87' lang='lat' dir='ltr'>supra</span> <span class='ocrx_word' id='word_1_187' title='bbox 176 1480 305 1530; x_wconf 88' lang='lat' dir='ltr'>posui:</span> <span class='ocrx_word' id='word_1_188' title='bbox 357 1478 482 1517; x_wconf 79' lang='lat' dir='ltr'>Terra</span> <span class='ocrx_word' id='word_1_189' title='bbox 521 1491 613 1517; x_wconf 77' lang='lat' dir='ltr'>vero</span> <span class='ocrx_word' id='word_1_190' title='bbox 654 1482 861 1528; x_wconf 69' lang='lat' dir='ltr'>implorum</span> <span class='ocrx_word' id='word_1_191' title='bbox 900 1482 1026 1518; x_wconf 77' lang='lat' dir='ltr'>cadet.</span> <span class='ocrx_word' id='word_1_192' title='bbox 1090 1480 1184 1524; x_wconf 88' lang='lat' dir='ltr'>Quis</span> <span class='ocrx_word' id='word_1_193' title='bbox 1222 1485 1351 1518; x_wconf 90' lang='lat' dir='ltr'>autem</span> 
     </span>
     <span class='ocr_line' id='line_1_25' title="bbox 23 1535 1350 1588; baseline 0.001 -13"><span class='ocrx_word' id='word_1_194' title='bbox 23 1550 99 1575; x_wconf 92' lang='lat' dir='ltr'>non</span> <span class='ocrx_word' id='word_1_195' title='bbox 132 1537 258 1575; x_wconf 90' lang='lat' dir='ltr'>videat</span> <span class='ocrx_word' id='word_1_196' title='bbox 290 1550 310 1574; x_wconf 88' lang='lat' dir='ltr'>a</span> <span class='ocrx_word' id='word_1_197' title='bbox 342 1537 513 1575; x_wconf 86' lang='lat' dir='ltr'>cadendo</span> <span class='ocrx_word' id='word_1_198' title='bbox 546 1549 631 1575; x_wconf 90' lang='lat' dir='ltr'>esse</span> <span class='ocrx_word' id='word_1_199' title='bbox 665 1537 851 1588; x_wconf 85' lang='lat' dir='ltr'>appellata</span> <span class='ocrx_word' id='word_1_200' title='bbox 883 1535 1096 1576; x_wconf 74' lang='lat' dir='ltr'>cadavera?</span> <span class='ocrx_word' id='word_1_201' title='bbox 1167 1539 1350 1577; x_wconf 72' lang='lat' dir='ltr'>Virorum</span> 
     </span>
     <span class='ocr_line' id='line_1_26' title="bbox 22 1596 1348 1647; baseline 0.001 -14"><span class='ocrx_word' id='word_1_202' title='bbox 22 1600 151 1634; x_wconf 89' lang='lat' dir='ltr'>autem</span> <span class='ocrx_word' id='word_1_203' title='bbox 184 1607 255 1646; x_wconf 90' lang='lat' dir='ltr'>pro</span> <span class='ocrx_word' id='word_1_204' title='bbox 287 1607 332 1633; x_wconf 91' lang='lat' dir='ltr'>eo</span> <span class='ocrx_word' id='word_1_205' title='bbox 365 1596 542 1646; x_wconf 87' lang='lat' dir='ltr'>posuisse</span> <span class='ocrx_word' id='word_1_206' title='bbox 574 1596 660 1634; x_wconf 83' lang='lat' dir='ltr'>illos</span> <span class='ocrx_word' id='word_1_207' title='bbox 693 1598 946 1647; x_wconf 80' lang='lat' dir='ltr'>interpretes,</span> <span class='ocrx_word' id='word_1_208' title='bbox 978 1596 1081 1646; x_wconf 91' lang='lat' dir='ltr'>quod</span> <span class='ocrx_word' id='word_1_209' title='bbox 1114 1602 1173 1634; x_wconf 91' lang='lat' dir='ltr'>est</span> <span class='ocrx_word' id='word_1_210' title='bbox 1204 1596 1348 1647; x_wconf 86' lang='lat' dir='ltr'>„homi-</span> 
     </span>
     <span class='ocr_line' id='line_1_27' title="bbox 23 1650 1350 1705; baseline 0.002 -14"><span class='ocrx_word' id='word_1_211' title='bbox 23 1650 157 1705; x_wconf 81' lang='lat' dir='ltr'>num“,</span> <span class='ocrx_word' id='word_1_212' title='bbox 195 1654 442 1691; x_wconf 87' lang='lat' dir='ltr'>manifestum</span> <span class='ocrx_word' id='word_1_213' title='bbox 480 1660 549 1692; x_wconf 90' lang='lat' dir='ltr'>est.</span> <span class='ocrx_word' id='word_1_214' title='bbox 611 1654 746 1704; x_wconf 88' lang='lat' dir='ltr'>Neque</span> <span class='ocrx_word' id='word_1_215' title='bbox 786 1656 888 1691; x_wconf 88' lang='lat' dir='ltr'>enim</span> <span class='ocrx_word' id='word_1_216' title='bbox 927 1656 1131 1705; x_wconf 84' lang='lat' dir='ltr'>quisquam</span> <span class='ocrx_word' id='word_1_217' title='bbox 1174 1654 1350 1693; x_wconf 80' lang='lat' dir='ltr'>dicturus</span> 
     </span>
     <span class='ocr_line' id='line_1_28' title="bbox 22 1712 1350 1765; baseline 0.001 -15"><span class='ocrx_word' id='word_1_218' title='bbox 22 1717 82 1750; x_wconf 85' lang='lat' dir='ltr'>est</span> <span class='ocrx_word' id='word_1_219' title='bbox 112 1713 453 1762; x_wconf 83' lang='lat' dir='ltr'>praevaricatrices</span> <span class='ocrx_word' id='word_1_220' title='bbox 484 1712 647 1750; x_wconf 84' lang='lat' dir='ltr'>feminas</span> <span class='ocrx_word' id='word_1_221' title='bbox 684 1714 723 1750; x_wconf 91' lang='lat' dir='ltr'>in</span> <span class='ocrx_word' id='word_1_222' title='bbox 755 1712 818 1749; x_wconf 93' lang='lat' dir='ltr'>illo</span> <span class='ocrx_word' id='word_1_223' title='bbox 851 1713 1040 1763; x_wconf 87' lang='lat' dir='ltr'>supplicio</span> <span class='ocrx_word' id='word_1_224' title='bbox 1073 1725 1149 1750; x_wconf 92' lang='lat' dir='ltr'>non</span> <span class='ocrx_word' id='word_1_225' title='bbox 1183 1714 1350 1765; x_wconf 81' lang='lat' dir='ltr'>futuras3</span> 
     </span>
     <span class='ocr_line' id='line_1_29' title="bbox 22 1769 1349 1821; baseline 0.002 -14"><span class='ocrx_word' id='word_1_226' title='bbox 22 1769 89 1807; x_wconf 90' lang='lat' dir='ltr'>sed</span> <span class='ocrx_word' id='word_1_227' title='bbox 122 1782 168 1808; x_wconf 87' lang='lat' dir='ltr'>ex</span> <span class='ocrx_word' id='word_1_228' title='bbox 194 1771 357 1820; x_wconf 90' lang='lat' dir='ltr'>potiore,</span> <span class='ocrx_word' id='word_1_229' title='bbox 388 1771 618 1820; x_wconf 87' lang='lat' dir='ltr'>praesertim</span> <span class='ocrx_word' id='word_1_230' title='bbox 651 1771 697 1809; x_wconf 92' lang='lat' dir='ltr'>de</span> <span class='ocrx_word' id='word_1_231' title='bbox 731 1782 806 1821; x_wconf 91' lang='lat' dir='ltr'>quo</span> <span class='ocrx_word' id='word_1_232' title='bbox 839 1771 980 1809; x_wconf 88' lang='lat' dir='ltr'>femina</span> <span class='ocrx_word' id='word_1_233' title='bbox 1013 1772 1110 1809; x_wconf 86' lang='lat' dir='ltr'>saeta</span> <span class='ocrx_word' id='word_1_234' title='bbox 1144 1777 1214 1821; x_wconf 89' lang='lat' dir='ltr'>est,</span> <span class='ocrx_word' id='word_1_235' title='bbox 1246 1777 1349 1810; x_wconf 85' lang='lat' dir='ltr'>uter-</span> 
     </span>
     <span class='ocr_line' id='line_1_30' title="bbox 22 1827 1349 1880; baseline 0.001 -14"><span class='ocrx_word' id='word_1_236' title='bbox 22 1840 96 1878; x_wconf 84' lang='lat' dir='ltr'>que</span> <span class='ocrx_word' id='word_1_237' title='bbox 130 1840 245 1866; x_wconf 86' lang='lat' dir='ltr'>sexus</span> <span class='ocrx_word' id='word_1_238' title='bbox 283 1829 482 1878; x_wconf 81' lang='lat' dir='ltr'>accipitur.</span> <span class='ocrx_word' id='word_1_239' title='bbox 544 1827 707 1880; x_wconf 87' lang='lat' dir='ltr'>Verum,</span> <span class='ocrx_word' id='word_1_240' title='bbox 740 1829 842 1879; x_wconf 90' lang='lat' dir='ltr'>quod</span> <span class='ocrx_word' id='word_1_241' title='bbox 875 1829 920 1867; x_wconf 91' lang='lat' dir='ltr'>ad</span> <span class='ocrx_word' id='word_1_242' title='bbox 954 1842 1036 1868; x_wconf 88' lang='lat' dir='ltr'>rem</span> <span class='ocrx_word' id='word_1_243' title='bbox 1069 1831 1231 1867; x_wconf 89' lang='lat' dir='ltr'>maxime</span> <span class='ocrx_word' id='word_1_244' title='bbox 1264 1843 1349 1880; x_wconf 87' lang='lat' dir='ltr'>per-</span> 
     </span>
     <span class='ocr_line' id='line_1_31' title="bbox 21 1886 1350 1938; baseline 0.002 -14"><span class='ocrx_word' id='word_1_245' title='bbox 21 1888 135 1938; x_wconf 85' lang='lat' dir='ltr'>tinet,</span> <span class='ocrx_word' id='word_1_246' title='bbox 173 1898 262 1924; x_wconf 90' lang='lat' dir='ltr'>cum</span> <span class='ocrx_word' id='word_1_247' title='bbox 293 1892 332 1925; x_wconf 89' lang='lat' dir='ltr'>et</span> <span class='ocrx_word' id='word_1_248' title='bbox 363 1888 401 1925; x_wconf 94' lang='lat' dir='ltr'>in</span> <span class='ocrx_word' id='word_1_249' title='bbox 434 1886 545 1924; x_wconf 91' lang='lat' dir='ltr'>bonis</span> <span class='ocrx_word' id='word_1_250' title='bbox 578 1887 737 1926; x_wconf 87' lang='lat' dir='ltr'>dicitur:</span> <span class='ocrx_word' id='word_1_251' title='bbox 785 1888 919 1926; x_wconf 69' lang='lat' dir='ltr'>Veniet</span> <span class='ocrx_word' id='word_1_252' title='bbox 949 1890 1073 1926; x_wconf 74' lang='lat' dir='ltr'>omnis</span> <span class='ocrx_word' id='word_1_253' title='bbox 1105 1900 1220 1937; x_wconf 69' lang='lat' dir='ltr'>caro,</span> <span class='ocrx_word' id='word_1_254' title='bbox 1261 1890 1350 1938; x_wconf 85' lang='lat' dir='ltr'>quia</span> 
     </span>
     <span class='ocr_line' id='line_1_32' title="bbox 22 1944 1350 1998; baseline 0.002 -16"><span class='ocrx_word' id='word_1_255' title='bbox 22 1957 68 1982; x_wconf 79' lang='lat' dir='ltr'>ex</span> <span class='ocrx_word' id='word_1_256' title='bbox 111 1946 215 1982; x_wconf 91' lang='lat' dir='ltr'>omni</span> <span class='ocrx_word' id='word_1_257' title='bbox 259 1957 400 1995; x_wconf 83' lang='lat' dir='ltr'>genere</span> <span class='ocrx_word' id='word_1_258' title='bbox 445 1945 645 1983; x_wconf 89' lang='lat' dir='ltr'>hominum</span> <span class='ocrx_word' id='word_1_259' title='bbox 690 1946 856 1996; x_wconf 85' lang='lat' dir='ltr'>populus</span> <span class='ocrx_word' id='word_1_260' title='bbox 898 1948 969 1984; x_wconf 87' lang='lat' dir='ltr'>iste</span> <span class='ocrx_word' id='word_1_261' title='bbox 1017 1945 1209 1984; x_wconf 89' lang='lat' dir='ltr'>constabit</span> <span class='ocrx_word' id='word_1_262' title='bbox 1252 1944 1350 1998; x_wconf 90' lang='lat' dir='ltr'>(non</span> 
     </span>
     <span class='ocr_line' id='line_1_33' title="bbox 21 2002 1349 2055; baseline 0.002 -15"><span class='ocrx_word' id='word_1_263' title='bbox 21 2004 125 2040; x_wconf 89' lang='lat' dir='ltr'>enim</span> <span class='ocrx_word' id='word_1_264' title='bbox 157 2015 291 2041; x_wconf 89' lang='lat' dir='ltr'>omnes</span> <span class='ocrx_word' id='word_1_265' title='bbox 324 2002 499 2041; x_wconf 85' lang='lat' dir='ltr'>homines</span> <span class='ocrx_word' id='word_1_266' title='bbox 532 2003 585 2041; x_wconf 91' lang='lat' dir='ltr'>ibi</span> <span class='ocrx_word' id='word_1_267' title='bbox 619 2011 751 2055; x_wconf 87' lang='lat' dir='ltr'>erunt,</span> <span class='ocrx_word' id='word_1_268' title='bbox 793 2004 945 2055; x_wconf 87' lang='lat' dir='ltr'>quando</span> <span class='ocrx_word' id='word_1_269' title='bbox 978 2006 1017 2042; x_wconf 92' lang='lat' dir='ltr'>in</span> <span class='ocrx_word' id='word_1_270' title='bbox 1050 2006 1185 2055; x_wconf 89' lang='lat' dir='ltr'>poenis</span> <span class='ocrx_word' id='word_1_271' title='bbox 1218 2005 1349 2055; x_wconf 90' lang='lat' dir='ltr'>plures</span> 
     </span>
     <span class='ocr_line' id='line_1_34' title="bbox 22 2057 1349 2114; baseline 0.002 -16"><span class='ocrx_word' id='word_1_272' title='bbox 22 2057 167 2113; x_wconf 87' lang='lat' dir='ltr'>erunt),</span> <span class='ocrx_word' id='word_1_273' title='bbox 192 2082 248 2088; x_wconf 96' lang='lat'>—-</span> <span class='ocrx_word' id='word_1_274' title='bbox 275 2061 354 2113; x_wconf 87' lang='lat' dir='ltr'>sed,</span> <span class='ocrx_word' id='word_1_275' title='bbox 387 2067 429 2099; x_wconf 92' lang='lat' dir='ltr'>ut</span> <span class='ocrx_word' id='word_1_276' title='bbox 454 2062 584 2100; x_wconf 88' lang='lat' dir='ltr'>dicere</span> <span class='ocrx_word' id='word_1_277' title='bbox 611 2074 827 2114; x_wconf 75' lang='lat' dir='ltr'>coeperam,</span> <span class='ocrx_word' id='word_1_278' title='bbox 860 2075 948 2101; x_wconf 89' lang='lat' dir='ltr'>cum</span> <span class='ocrx_word' id='word_1_279' title='bbox 982 2068 1020 2101; x_wconf 92' lang='lat' dir='ltr'>et</span> <span class='ocrx_word' id='word_1_280' title='bbox 1052 2064 1090 2101; x_wconf 92' lang='lat' dir='ltr'>in</span> <span class='ocrx_word' id='word_1_281' title='bbox 1117 2062 1229 2101; x_wconf 89' lang='lat' dir='ltr'>honis</span> <span class='ocrx_word' id='word_1_282' title='bbox 1260 2076 1349 2101; x_wconf 87' lang='lat' dir='ltr'>caro</span> 
     </span>
    </p>
   </div>
   <div class='ocr_carea' id='block_1_3' title="bbox 117 2150 547 2194">
    <p class='ocr_par' dir='ltr' id='par_1_3' title="bbox 117 2150 547 2194">
     <span class='ocr_line' id='line_1_35' title="bbox 117 2150 547 2194; baseline 0.005 -11"><span class='ocrx_word' id='word_1_283' title='bbox 117 2154 172 2186; x_wconf 69' lang='lat'>153)</span> <span class='ocrx_word' id='word_1_284' title='bbox 199 2150 293 2183; x_wconf 79' lang='lat' dir='ltr'>Esai.</span> <span class='ocrx_word' id='word_1_285' title='bbox 321 2154 375 2192; x_wconf 83' lang='grc'>66,</span> <span class='ocrx_word' id='word_1_286' title='bbox 401 2154 445 2184; x_wconf 91' lang='grc'>22</span> <span class='ocrx_word' id='word_1_287' title='bbox 472 2161 547 2194; x_wconf 86' lang='lat' dir='ltr'>sqq.</span> 
     </span>
    </p>
   </div>
   <div class='ocr_carea' id='block_1_4' title="bbox 116 2265 826 2311">
    <p class='ocr_par' dir='ltr' id='par_1_4' title="bbox 116 2265 826 2311">
     <span class='ocr_line' id='line_1_36' title="bbox 116 2265 826 2311; baseline 0.003 -12"><span class='ocrx_word' id='word_1_288' title='bbox 116 2270 133 2299; x_wconf 73' lang='grc' dir='ltr'>Τ</span> <span class='ocrx_word' id='word_1_289' title='bbox 161 2266 250 2300; x_wconf 75' lang='lat' dir='ltr'>dicit:</span> <span class='ocrx_word' id='word_1_290' title='bbox 274 2266 327 2309; x_wconf 73' lang='lat' dir='ltr'>R3</span> <span class='ocrx_word' id='word_1_291' title='bbox 354 2265 446 2300; x_wconf 76' lang='lat' dir='ltr'>dixit</span> <span class='ocrx_word' id='word_1_292' title='bbox 470 2278 489 2300; x_wconf 85' lang='lat' dir='ltr'><em>v</em></span> <span class='ocrx_word' id='word_1_293' title='bbox 509 2268 520 2309; x_wconf 80' lang='grc' dir='ltr'>Η</span> <span class='ocrx_word' id='word_1_294' title='bbox 539 2271 581 2301; x_wconf 90' lang='grc'>23</span> <span class='ocrx_word' id='word_1_295' title='bbox 610 2267 732 2311; x_wconf 77' lang='lat' dir='ltr'>posuit</span> <span class='ocrx_word' id='word_1_296' title='bbox 757 2267 826 2301; x_wconf 73' lang='grc' dir='ltr'>ΒΛ</span> 
     </span>
    </p>
   </div>
   <div class='ocr_carea' id='block_1_5' title="bbox 1381 729 1422 759">
    <p class='ocr_par' dir='ltr' id='par_1_5' title="bbox 1381 729 1422 759">
     <span class='ocr_line' id='line_1_37' title="bbox 1381 729 1422 759; baseline 0.024 -1"><span class='ocrx_word' id='word_1_297' title='bbox 1381 729 1422 759; x_wconf 84' lang='grc'>10</span> 
     </span>
    </p>
   </div>
   <div class='ocr_carea' id='block_1_6' title="bbox 1380 1020 1421 1050">
    <p class='ocr_par' dir='ltr' id='par_1_6' title="bbox 1380 1020 1421 1050">
     <span class='ocr_line' id='line_1_38' title="bbox 1380 1020 1421 1050; baseline 0 0"><span class='ocrx_word' id='word_1_298' title='bbox 1380 1020 1421 1050; x_wconf 82' lang='grc'>15</span> 
     </span>
    </p>
   </div>
   <div class='ocr_carea' id='block_1_7' title="bbox 1378 1312 1421 1342">
    <p class='ocr_par' dir='ltr' id='par_1_7' title="bbox 1378 1312 1421 1342">
     <span class='ocr_line' id='line_1_39' title="bbox 1378 1312 1421 1342; baseline 0 0"><span class='ocrx_word' id='word_1_299' title='bbox 1378 1312 1421 1342; x_wconf 87' lang='grc'>20</span> 
     </span>
    </p>
   </div>
   <div class='ocr_carea' id='block_1_8' title="bbox 1378 1604 1420 1633">
    <p class='ocr_par' dir='ltr' id='par_1_8' title="bbox 1378 1604 1420 1633">
     <span class='ocr_line' id='line_1_40' title="bbox 1378 1604 1420 1633; baseline 0 0"><span class='ocrx_word' id='word_1_300' title='bbox 1378 1604 1420 1633; x_wconf 85' lang='grc'>25</span> 
     </span>
    </p>
   </div>
   <div class='ocr_carea' id='block_1_9' title="bbox 1377 1897 1420 1927">
    <p class='ocr_par' dir='ltr' id='par_1_9' title="bbox 1377 1897 1420 1927">
     <span class='ocr_line' id='line_1_41' title="bbox 1377 1897 1420 1927; baseline -0.023 0"><span class='ocrx_word' id='word_1_301' title='bbox 1377 1897 1420 1927; x_wconf 92' lang='grc'>30</span> 
     </span>
    </p>
   </div>
  </div>
 </body>
</html>
