1548 2562
418 112 468 136 DE
489 111 675 137 CIVITATE
694 112 763 136 DEI
782 112 814 137 L.
834 112 913 137 ΧΠ.
934 112 962 137 c.
983 115 1006 137 ε.
1321 104 1370 144 17

51 207 122 253 ter,
155 200 247 239 illud
274 202 402 238 inveni
435 200 535 250 quod
569 202 621 238 ait
650 200 856 251 propheta:
888 202 974 239 Non
1006 206 1063 239 est
1090 204 1274 249 qaudere
1305 205 1372 240 im—

44 262 136 311 piis,
169 261 267 297 dicit
291 260 482 297 Dominus
491 272 506 303 ;
536 264 730 308 tamquam
763 260 869 309 impii
901 259 1033 297 laetari
1064 261 1214 309 possint
1244 262 1373 310 potius

49 329 163 367 quam
200 317 367 367 gaudere
405 315 451 353 de
490 316 616 366 malis,
663 318 751 366 quia
782 317 963 367 gaudium
994 319 1149 367 proprie
1182 317 1372 357 honorum

48 381 87 413 et
111 376 264 426 piorum
291 380 360 413 est.
412 374 507 412 Item
535 374 627 412 illud
655 376 695 412 in
716 375 929 425 evangelio:
962 377 1239 423 Quaecumque
1259 379 1373 415 vultis

48 438 92 471 ut
118 433 281 481 faciant
311 434 417 471 vobis
447 434 634 480 homines,
666 434 766 471 haee
798 438 837 471 et
868 446 931 472 vos
959 434 1085 481 facile
1117 436 1203 482 illis,
1236 436 1287 472 ita
1319 435 1372 472 di-

49 497 155 529 ctum
182 491 345 542 videtur,
376 496 571 540 tamquam
602 502 715 528 nemo
745 493 869 541 possit
900 492 1042 542 aliquid
1074 491 1170 530 male
1202 492 1260 530 vel
1292 498 1372 531 tur-

48 551 149 600 piter
181 549 294 601 velle,
333 548 399 587 sed
441 560 594 599 cupere.
656 548 829 598 Denique
862 556 1021 600 propter
1053 551 1372 589 consuetudinem

48 607 256 645 locutionis
293 607 469 645 nonnulli
506 608 740 657 interpretes
779 606 1011 646 addiderunt
1047 605 1207 660 ‚7h0na“
1243 614 1282 647 et
1321 610 1372 647 ita

49 667 293 716 interpretati
337 671 444 703 sunt:
487 670 513 716 '„
527 664 800 715 Quaecumque
846 665 960 703 vultis
1000 672 1042 704 ut
1088 667 1229 705 faciant
1265 666 1372 705 vohis

50 723 225 761 homines
251 720 386 761 hona.“
435 722 653 761 Cavendum
680 725 782 761 enim
814 729 1058 775 putaverunt,
1090 737 1137 762 ne
1171 726 1372 775 quisquam

50 781 253 820 inhonesta
284 781 375 819 velit
407 780 480 819 sibi
512 782 595 819 fieri
628 781 672 818 ab
705 781 943 833 hominihus,
982 787 1024 819 ut
1056 782 1101 820 de
1134 783 1374 833 turpioribus

48 845 207 891 taceam,
240 845 345 877 certe
377 839 573 877 luxuriosa
606 841 797 890 convivia,
829 841 868 877 in
901 840 1042 889 quibus
1074 853 1127 892 se,
1159 842 1190 878 si
1223 847 1261 879 et
1291 844 1373 892 ipse

49 898 124 936 illis
166 899 295 950 faciat,
333 897 405 935 hoc
452 903 703 948 praeceptum
744 899 936 936 existimet
976 898 1236 949 impleturum.
1299 900 1374 938 Sed

49 958 88 994 in
130 956 275 994 Graeco
318 955 530 1006 evangelio,
584 956 685 993 unde
728 957 768 993 in
811 955 990 994 Latinum
1033 957 1260 995 translatum
1304 963 1375 1009 est,

49 1027 126 1052 non
158 1014 298 1064 legitur
335 1010 507 1065 „hona“‚
557 1014 640 1052 sed:
690 1015 968 1062 Quaecumque
1000 1017 1113 1053 vultis
1145 1021 1189 1053 ut
1216 1015 1376 1063 faciant

48 1074 155 1111 vobis
192 1075 381 1118 homines,
423 1074 524 1110 lutee
556 1077 594 1110 et
624 1084 689 1111 vos
717 1072 844 1120 facite
876 1075 973 1117 illis,·
1011 1073 1126 1110 credo
1158 1079 1375 1124 propterea,

49 1132 138 1180 quia
178 1132 217 1168 in
251 1143 295 1168 eo
329 1130 430 1180 quod
464 1130 558 1168 dixit
590 1133 721 1178 vullis,
760 1132 833 1168 iam
865 1131 985 1169 voluit
1016 1131 1186 1181 intellegi
1216 1128 1374 1183 7,hona“.

48 1188 132 1226 Non
164 1190 266 1226 enim
299 1190 350 1226 ait
381 1185 579 1240 „cupitis“.

167 1246 252 1284 Non
290 1251 419 1285 tamen
460 1259 613 1297 semper
644 1247 703 1284 his
736 1247 1037 1298 proprietatibus
1069 1248 1212 1286 locutio
1244 1254 1376 1286 nostra

50 1305 233 1343 frenanda
260 1311 329 1356 est,
362 1304 428 1343 sed
452 1305 649 1343 interdum
675 1305 734 1343 his
766 1306 952 1343 utendum
986 1312 1060 1356 est3
1094 1312 1132 1344 et
1163 1318 1251 1344 cum
1283 1306 1373 1356 legi—

50 1375 135 1401 mus
175 1375 258 1414 eos,
297 1375 462 1413 quorum
509 1365 729 1401 auctoritati
766 1363 955 1401 resultare
994 1365 1048 1401 sas
1090 1376 1167 1402 non
1206 1370 1281 1416 est,
1321 1364 1375 1402 ibi

50 1427 141 1459 sunt
177 1421 474 1473 intellegendae,
516 1421 582 1459 uhi
620 1427 751 1459 rectus
790 1434 927 1460 sensus
966 1421 1081 1460 alium
1120 1424 1266 1460 exitum
1297 1435 1375 1461 non

49 1484 178 1529 potest
208 1480 400 1530 invenire;
433 1480 534 1517 sicut
565 1481 637 1518 ista
670 1486 777 1530 sunt,
810 1492 906 1530 quae
940 1480 1105 1531 exempli
1137 1482 1258 1531 gratia
1289 1494 1373 1531 par-

49 1538 118 1575 tim
156 1549 201 1575 ex
239 1537 444 1588 propheta,
481 1539 621 1588 partim
660 1550 705 1575 ex
744 1538 938 1588 evangelio
978 1541 1373 1577 commemoravimus.

50 1595 145 1640 Quis
177 1597 280 1633 enim
306 1597 431 1633 nescit
461 1597 599 1646 impios
631 1596 803 1634 exultare
835 1594 1007 1634 laetitia?
1040 1603 1077 1634 et
1108 1602 1254 1635 tamen:
1288 1599 1373 1636 Non

50 1659 106 1691 est
123 1655 304 1701 §audere
325 1656 462 1702 impiis,
484 1655 582 1692 dicit
601 1655 800 1692 Dominus.
865 1654 982 1706 Unde,
1004 1656 1076 1692 nisi
1097 1657 1184 1704 quia
1205 1656 1372 1704 gaudere

49 1711 152 1749 aliud
179 1717 249 1762 est,
281 1711 432 1761 quando
458 1713 614 1761 proprie
641 1713 866 1762 signateque
891 1712 964 1750 hoc
997 1712 1157 1750 verbum
1188 1711 1375 1763 ponitur?

49 1768 144 1807 Item
192 1770 278 1819 quis
320 1771 517 1819 negaverit
560 1781 637 1807 non
678 1776 783 1808 recte
831 1772 1001 1821 praecipi
1048 1770 1288 1822 hominihus,
1331 1777 1375 1809 ut

50 1839 316 1877 quaecumque
356 1826 402 1865 ab
441 1827 523 1865 aliis
562 1827 634 1865 sibi
671 1828 754 1866 sieri
792 1830 970 1879 cupiunt,
1012 1828 1105 1866 haec
1144 1831 1198 1866 eis
1231 1835 1269 1867 et
1300 1831 1373 1880 ipsi

1399 443 1418 472 σε

1402 734 1442 764 10

1402 1025 1443 1055 15

1401 1315 1444 1345 20

1400 1606 1442 1636 25

51 1885 208 1936 faciant3
249 1897 296 1923 ne
330 1897 369 1923 se
402 1887 565 1923 invicem
598 1886 836 1936 turpitudine
870 1886 1037 1924 inlicitae
1069 1887 1275 1938 voluptatis
1307 1887 1370 1925 oh·
1399 1897 1442 1927 30

51 1941 222 1981 lectent‘?
274 1948 312 1981 et
361 1949 488 1981 tamen
545 1943 842 1982 saluberrinnnn
891 1946 1212 1995 verissimumque
1262 1958 1369 1996 prae—

52 2007 209 2052 ceptum
235 2007 311 2040 est:
350 2003 627 2050 Quaecumque
653 2005 767 2041 vultis
792 2008 836 2041 ut
863 2002 1023 2051 faciant
1052 2005 1158 2042 vobis
1188 2005 1372 2052 homines,

143 2092 177 2133 2)
205 2089 299 2124 Esai.
327 2093 381 2133 57,
408 2094 463 2124 21.
513 2092 546 2133 5)
572 2091 636 2125 Mt.
665 2095 695 2134 7,
723 2095 776 2125 12.

144 2221 184 2251 13
210 2216 321 2251 faciat
348 2217 471 2258 VAE·
495 2217 519 2251 f.
547 2218 680 2252 similia
698 2229 717 2252 v
737 2220 748 2263 ΙΙ
771 2223 810 2252 19
839 2219 896 2253 his
923 2230 959 2253 se
985 2220 1019 2253 A
1045 2219 1291 2264 (hisee?)1122
1318 2220 1366 2253 in*

49 2262 277 2307 tellegendae
302 2264 384 2305 Fv,·
408 2264 647 2309 intellegendi
681 2265 811 2308 VAbef

118 2334 191 2353 Ano.
212 2335 252 2353 DE
273 2335 332 2354 cxv.
352 2335 415 2353 Dm.
452 2329 492 2355 11.
1070 2328 1089 2358 2
