1548 2562
428 126 480 168 m:
502 143 690 169 CIVITATE
708 122 779 168 pm
799 144 831 169 L.
852 144 948 169 xvn.
968 144 998 169 c.
1018 146 1041 169 2.
1321 134 1401 175 199

77 235 161 284 ipso
194 232 336 283 populo
367 231 691 283 promissionibus
724 232 793 270 Dei
824 245 958 283 magna
989 234 1064 270 iam
1096 244 1142 270 ex
1173 238 1294 283 parte,
1326 245 1403 270 non

80 291 204 329 solum
238 302 335 341 quae
367 290 493 328 tribus
525 290 599 327 illis
631 290 1041 342 patribus,Abraham
1072 290 1177 328 Isaac
1209 296 1248 329 et
1277 290 1403 342 Iacob,

77 355 117 387 et
142 361 409 399 quaecumque
436 348 529 386 aliae
557 348 797 399 temporibus
824 361 971 400 eorum,
1003 361 1138 387 verum
1164 350 1279 387 etiam
1306 361 1402 399 quae

75 419 146 458 per
177 409 304 458 ipsum
337 407 510 457 Moysen,
549 418 620 456 per
660 419 773 457 quem
806 407 972 457 populus
1003 407 1105 445 idem
1137 407 1183 445 de
1215 409 1401 446 servitute

75 466 259 516 Aegyptia
290 464 476 503 liberatus
509 470 547 502 et
577 477 647 515 per
679 477 794 515 quem
826 472 965 504 cuncta
996 467 1204 516 praeterita
1236 466 1403 504 revelata

75 529 178 574 sunt,
210 523 450 574 temporibus
475 524 571 574 eius,
604 535 691 561 cum
718 523 903 574 populum
929 536 999 574 per
1026 536 1197 562 eremum
1230 524 1403 576 duceret,

74 582 196 620 factae
229 582 392 620 fuerant.
454 580 587 631 Neque
621 587 749 620 autem
779 593 850 632 per
881 583 1072 632 insignem
1105 582 1243 620 ducem
1274 582 1402 621 Iesum

73 639 188 692 Nave,
219 652 290 691 per
322 651 437 690 quem
463 639 629 690 populus
661 639 723 677 ille
756 641 795 678 in
826 641 1097 691 promissionis
1129 640 1312 679 inductus
1344 647 1403 679 est

74 704 218 736 terram
260 700 566 749 expugnatisque
614 698 795 748 gentibus
842 710 926 736 eam
967 698 1171 736 duodecim
1209 698 1402 751 tribubus,

73 756 215 807 quibus
247 756 349 795 Deus
380 758 562 808 iusserat,
601 756 730 794 divisit
761 762 800 794 et
830 762 1007 795 mortuus
1040 762 1115 809 est,
1156 769 1283 807 neque
1314 764 1403 808 post

73 815 180 853 illum
214 820 293 853 toto
333 821 507 865 tempore
546 815 717 853 iudicum
749 814 905 865 impleta
936 815 1063 853 fuerat
1094 817 1300 866 promissio
1333 816 1402 855 Dei

72 873 120 911 de
165 879 269 912 terra
306 873 483 912 (1113113311
523 885 542 910 3
580 873 746 923 quodam
789 873 947 911 flumine
985 874 1064 911 Ae
1042 875 1147 924 gypti
1190 887 1313 924 usque
1356 875 1402 914 ad

73 932 217 970 ssumen
256 944 436 982 magnum
473 931 714 982 Euphr3aten
755 943 827 970 nec
867 938 995 970 tamen
1035 932 1158 970 adhuc
1196 933 1400 983 piopheta-

73 990 187 1028 batur
231 991 423 1040 futurum,
469 990 534 1027 sed
573 989 848 1040 expectabatur
886 991 1135 1041 implendum.
1196 990 1402 1041 Impletum

73 1054 133 1086 est
164 1054 292 1087 autem
323 1060 394 1099 per
420 1048 536 1085 David
569 1054 607 1086 et
639 1050 722 1086 eius
754 1048 875 1086 filium
908 1048 1164 1095 Salomonem,
1198 1051 1308 1088 cuius
1342 1063 1401 1088 re-

72 1119 191 1158 gnum
223 1112 350 1158 tanto,
383 1113 570 1156 quantum
601 1108 837 1157 promissum
870 1108 1014 1159 fuerat,
1046 1109 1168 1158 spatio
1201 1107 1401 1147 dilatatum

71 1171 148 1217 est3
204 1167 406 1203 universos
456 1166 598 1215 quippe
655 1165 741 1203 illos
790 1164 1048 1204 subdiderunt
1096 1165 1400 1217 tributariosque

74 1224 264 1262 fecerunt.
327 1223 390 1261 Sic
420 1224 538 1273 igitur
570 1225 609 1261 111
641 1230 744 1262 terra
770 1226 1039 1274 promissionis
1072 1224 1286 1263 secundum
1319 1238 1399 1263 car-

74 1294 181 1333 nem,
221 1282 294 1320 hoc
332 1287 391 1320 est
428 1283 467 1319 in
506 1287 610 1319 terra
643 1281 844 1334 Chanaan,
876 1282 948 1320 sub
986 1282 1045 1320 his
1078 1282 1235 1333 regibus
1266 1295 1400 1322 semen

72 1339 245 1378 Abrahae
290 1340 416 1378 fuerat
458 1341 730 1391 constitutum,
774 1346 817 1378 ut
856 1340 950 1378 nihil
988 1341 1125 1379 deinde
1166 1348 1401 1395 superesset,

73 1411 149 1449 quo
175 1404 329 1437 terrena
362 1398 423 1436 illa
451 1398 519 1436 Dei
545 1400 750 1449 promissio
783 1399 1056 1451 compleretur,
1089 1401 1163 1437 nisi
1195 1406 1238 1438 ut
1269 1402 1307 1438 in
1340 1413 1400 1439 ea-

73 1457 160 1495 dem
191 1463 307 1508 terra,
339 1463 525 1506 quantum
552 1457 596 1495 ad
629 1459 926 1507 prosperitatem
959 1458 1105 1496 adtinet
1136 1459 1401 1511 temporalem,

71 1527 142 1566 per
180 1517 418 1566 posteritatis
455 1517 744 1554 successionem
785 1517 1018 1554 inconcusso
1057 1521 1158 1554 statu
1198 1529 1321 1567 usque
1355 1517 1400 1556 ad

72 1573 244 1612 mortalis
269 1574 385 1612 huius
412 1573 555 1612 saeculi
580 1576 789 1612 terminum
815 1586 910 1624 gens
942 1581 1190 1625 permaneret
1215 1574 1401 1628 Hebraea,

70 1634 105 1670 si
137 1632 290 1670 Domini
322 1631 391 1670 Dei
422 1634 482 1670 sui
520 1632 671 1682 legibus
703 1632 914 1670 oboediret.
976 1632 1052 1671 Sed
1085 1634 1266 1682 quoniam
1300 1633 1401 1672 Deus

73 1696 233 1728 noverat
263 1690 336 1728 hoc
368 1702 452 1728 eam
483 1702 561 1728 non
593 1702 678 1728 esse
712 1691 920 1742 facturam,
952 1703 1046 1729 usus
1079 1697 1139 1729 est
1170 1693 1254 1730 eius
1285 1694 1401 1730 etiam

72 1747 351 1799 temporalibus
389 1750 524 1799 poenis
562 1748 608 1786 ad
649 1749 886 1787 exercendos
926 1750 965 1787 in
1006 1761 1049 1787 ea
1086 1761 1230 1800 paucos
1269 1750 1400 1789 fideles

72 1819 163 1845 suos
201 1812 240 1845 et
279 1807 541 1845 admonendos
580 1808 646 1857 qui
683 1812 817 1857 postea
855 1807 976 1846 futuri
1008 1814 1118 1846 erant
1150 1810 1188 1846 in
1221 1808 1401 1848 omnibus

70 1865 265 1932 gentibus,
299 1865 401 1915 quod
428 1878 493 1903 eos
520 1865 719 1903 admoneii
751 1865 965 1918 oportebat,
997 1868 1036 1904 in
1069 1866 1210 1917 quibus
1241 1867 1399 1905 alteram

71 1925 368 1974 promissionem
401 1923 568 1962 revelato
601 1936 698 1961 novo
731 1929 961 1962 testamento
994 1937 1064 1975 per
1095 1927 1401 1964 incarnationem

71 1981 216 2020 Christi
247 1982 373 2020 fuerat
403 1982 646 2033 impleturus.

166 2085 222 2124 13)
250 2083 339 2118 Gen.
368 2086 420 2126 15,
450 2086 502 2118 18.

164 2215 184 2245 5
210 2211 386 2246 liberatus
412 2221 498 2252 mss;
524 2211 586 2245 lib.
614 2212 669 2245 est
693 2223 711 2245 v
732 2214 743 2255 Η
766 2216 805 2246 16
833 2213 969 2255 quant-o
994 2223 1014 2246 v

1430 769 1472 800 10

1431 1060 1471 1091 15

1428 1353 1471 1383 20

1428 1644 1471 1675 25

1425 1936 1468 1967 30
