1548 2562
424 165 476 190 DE
496 165 684 190 CIVITATE
704 166 772 190 DEI
791 166 823 191 L.
843 167 939 191 xxn.
960 166 988 191 C.
1009 167 1050 191 30.
1329 157 1413 198 635

79 254 225 292 dentur
269 255 465 305 expressi,
514 255 586 291 iste
638 253 910 293 sabbatismus*
942 254 1157 292 evidentius
1202 254 1413 306 apparebit,

84 313 268 362 quoniam
296 312 483 362 septimus
510 313 724 363 invenitur3
756 318 799 351 ut
823 313 946 363 prima
973 317 1076 351 aetas
1108 318 1304 363 tamquam
1336 315 1412 364 pri-

82 382 169 408 mus
210 370 291 408 dies
331 372 380 408 sit
417 369 463 408 ab
494 370 615 408 Adam
645 382 770 420 usque
801 370 847 408 ad
880 370 1083 422 diluvium,
1122 370 1291 409 secunda
1323 372 1411 409 inde

82 440 205 478 usque
233 428 278 466 ad
299 427 505 480 Abraham,
530 439 608 466 non
634 428 863 479 aequalitate
890 434 1122 480 temporum,
1155 428 1221 466 sed
1249 441 1411 468 numero

80 487 394 537 generati0num3
446 486 566 524 denas
619 487 761 537 quippe
804 486 946 524 habere
990 488 1253 537 reperiuntur.
1314 487 1412 525 Hine

81 546 175 595 iam,
215 546 316 582 sieut
346 544 562 582 Matthaeus
604 544 835 595 evangelista
868 545 1116 596 determinat,
1155 551 1235 583 tres
1268 551 1411 584 aetates

82 614 206 652 usque
245 602 291 640 ad
331 601 475 640 Christi
516 601 810 652 subsequuntur
846 602 1071 654 adventum,
1109 615 1205 653 quae
1239 603 1411 654 singulae

82 660 193 698 denis
231 665 271 698 et
308 662 508 710 quaternis
548 660 864 711 generationibus
906 661 1165 712 explicantur:
1207 661 1252 699 ab
1294 661 1409 699 Abra-

82 717 170 756 ham
202 730 327 768 usque
361 718 407 756 ad
440 718 555 756 David
591 731 688 770 una,
726 719 844 757 altera
876 719 965 757 inde
998 731 1121 769 usque
1154 719 1200 757 ad
1232 722 1410 758 transmi-

79 777 297 826 grationem
337 777 377 814 in
420 776 691 828 Babyloniam,
732 779 845 815 tertia
886 777 975 815 inde
1018 789 1142 828 usque
1183 777 1229 815 ad
1269 777 1412 816 Christi

81 834 275 872 carnalem
301 836 549 873 nativitatem.
598 834 715 873 Fiunt
740 837 870 885 itaque
897 847 1030 873 omnes
1063 837 1244 886 quinque.
1297 835 1410 874 Sexta

79 905 184 930 nune
211 894 337 943 agitur
362 892 467 930 nullo
500 895 794 943 generationum
828 905 989 931 numero
1026 893 1218 932 metienda
1250 900 1411 945 propter

78 950 116 988 id
150 950 252 1000 quod
279 950 426 989 dietum
452 957 528 989 est:
561 952 646 989 Non
673 956 731 989 est
754 956 925 990 vestrum
950 954 1056 990 scire
1088 957 1276 1001 tempora,
1309 964 1411 1000 quae

79 1009 204 1047 Pater
240 1011 376 1058 posuit
414 1011 454 1047 in
492 1021 565 1047 sua
598 1014 803 1058 potestate.
865 1009 958 1048 Post
995 1009 1094 1048 hane
1135 1016 1329 1061 tamquam
1371 1012 1410 1048 in

78 1066 138 1104 die
168 1068 332 1117 septimo
358 1068 581 1117 requiescet
607 1066 722 1118 Deus,
755 1080 843 1106 cum
870 1068 1035 1106 eundem
1063 1068 1163 1106 diem
1191 1070 1410 1119 septimum,

78 1124 181 1174 quod
213 1137 283 1162 nos
316 1126 481 1176 erimus,
513 1126 552 1163 in
585 1137 625 1163 se
658 1127 742 1176 ipso
775 1125 853 1163 Deo
887 1126 1001 1164 faciet
1033 1127 1292 1176 requiescere.
1355 1126 1408 1164 De

76 1184 161 1220 istis
198 1195 316 1233 porro
355 1182 546 1221 aetatibus
586 1183 748 1234 singulis
788 1196 891 1222 nuno
924 1183 1128 1234 diligenter
1160 1184 1319 1235 longum
1351 1191 1409 1222 est

78 1241 293 1292 disputare3
337 1241 432 1279 haee
478 1247 607 1279 tamen
652 1243 815 1292 septima
856 1243 930 1280 erit
974 1241 1174 1280 sabbatum
1219 1248 1408 1294 nostrum,

77 1300 189 1337 cuius
234 1300 320 1336 finis
366 1311 442 1337 non
487 1301 561 1337 erit
598 1312 776 1351 vespera,
822 1300 887 1337 sed
927 1300 1144 1338 dominicus
1182 1300 1263 1338 dies
1304 1300 1408 1339 velut

77 1363 235 1395 octavus
274 1362 474 1408 aeternus,
513 1358 579 1407 qui
613 1357 755 1396 Christi
794 1360 1081 1396 resurreetione
1122 1365 1294 1397 sacratus
1336 1366 1442 1410 est,-

77 1421 272 1453 aeternam
317 1428 394 1453 non
434 1415 557 1453 solum
597 1417 774 1466 spiritus,
818 1428 952 1454 verum
994 1418 1108 1455 etiam
1141 1418 1315 1467 corporis
1348 1429 1406 1455 re-

77 1474 207 1523 quiem
239 1474 517 1524 praefigurans.
580 1473 637 1511 Ibi
669 1473 888 1512 vacabimus
921 1481 959 1512 et
991 1474 1223 1526 videbimus,
1263 1474 1406 1513 videbi-

77 1543 164 1569 mus
197 1536 235 1569 et
267 1530 499 1582 amabimus,
538 1531 750 1570 amabimus
788 1538 826 1570 et
857 1532 1108 1571 laudabimus.
1170 1532 1272 1571 Eece
1305 1533 1406 1583 quod

76 1590 151 1627 erit
188 1590 228 1627 in
267 1590 341 1627 fine
381 1591 463 1627 sine
502 1590 588 1627 fine.
649 1589 744 1628 Nam
784 1592 869 1640 quis
908 1590 1004 1628 alius
1042 1597 1174 1629 noster
1224 1597 1283 1629 est
1320 1592 1406 1629 linis

78 1648 151 1685 nisi
183 1649 387 1698 pervenire
420 1648 465 1685 ad
499 1660 673 1699 regnum,
705 1649 815 1686 cuius
848 1648 977 1687 nullus
1009 1655 1068 1687 est
1099 1647 1214 1687 finis‘?

194 1704 335 1743 Videor
367 1705 460 1743 mihi
493 1705 665 1744 debitum
697 1707 863 1756 ingentis
895 1706 1010 1745 huius
1043 1709 1171 1757 operis
1204 1707 1405 1746 adiuvante

78 1761 241 1801 Domino
269 1763 497 1801 reddidisse.
549 1763 699 1809 Quibus
725 1776 862 1815 parum
888 1764 946 1802 vel
974 1765 1115 1815 quibus
1142 1766 1303 1803 nimium
1336 1771 1407 1817 est,

76 1821 169 1858 mihi
195 1822 414 1873 ignoscant3
443 1821 585 1872 quibus
611 1828 739 1860 autem
766 1824 858 1860 satis
891 1829 960 1874 est,
993 1835 1069 1861 non
1096 1823 1200 1870 mihi,
1234 1823 1300 1861 sed
1327 1822 1405 1861 Deo

77 1890 229 1917 mecum
260 1881 402 1930 gratias
434 1880 745 1930 congratulantes
778 1887 900 1931 agant.
962 1881 1093 1919 Amen.
1156 1881 1287 1920 Amen.

171 1969 226 2012 14)
253 1970 332 2002 Act.
362 1974 390 2012 1,
420 1973 448 2002 7.

169 2076 213 2106 25
239 2073 374 2118 nullus]
402 2083 475 2106 non
500 2074 535 2106 A
553 2075 564 2116 ΙΙ
584 2077 627 2107 29
655 2084 770 2107 amen.
799 2084 905 2107 amen
930 2073 965 2107 R
971 2086 983 2114 ‚⁴
1016 2083 1123 2107 amen
1148 2073 1204 2108 Av
1223 2075 1234 2117 ΙΙ
1253 2074 1405 2109 subscri-

73 2119 152 2161 ptz'o
178 2119 218 2152 in
242 2118 297 2153 R:
329 2119 478 2163 explicit
503 2119 596 2153 liber
621 2119 722 2153 XXII
748 2120 865 2154 saneti
889 2119 1076 2164 augustini
1102 2119 1145 2154 de
1173 2119 1321 2155 civitate
1348 2121 1403 2162 di3

74 2165 115 2198 in
139 2165 192 2198 A:
226 2165 376 2210 explicit]
402 2167 529 2200 eontra
552 2176 716 2209 paganos
742 2166 834 2200 liber
865 2165 1055 2200 vicesimus
1086 2167 1265 2201 secundus
1290 2167 1406 2202 aureli

74 2211 260 2256 augustini
286 2212 343 2256 epi
369 2212 687 2256 ypponiregiensis
713 2212 872 2246 civitatis
899 2213 968 2247 dei.

599 2338 614 2340 s.
642 2331 875 2347 -—<..-—.

1441 787 1480 817 10

1439 1077 1479 1107 15

1433 1657 1475 1688 <25
