<?xml version="1.0" encoding="UTF-8"?>
<!DOCTYPE html PUBLIC "-//W3C//DTD XHTML 1.0 Transitional//EN"
    "http://www.w3.org/TR/xhtml1/DTD/xhtml1-transitional.dtd">
<html xmlns="http://www.w3.org/1999/xhtml" xml:lang="en" lang="en">
 <head>
  <title>
</title>
<meta http-equiv="Content-Type" content="text/html;charset=utf-8" />
  <meta name='ocr-system' content='tesseract 3.04.00' />
  <meta name='ocr-capabilities' content='ocr_page ocr_carea ocr_par ocr_line ocrx_word'/>
</head>
<body>
  <div class='ocr_page' id='page_1' title='image "./sanctiaureliiaug02auguuoft_0492.png"; bbox 0 0 1611 2465; ppageno 0'>
   <div class='ocr_carea' id='block_1_1' title="bbox 154 124 966 166">
    <p class='ocr_par' dir='ltr' id='par_1_1' title="bbox 154 124 966 166">
     <span class='ocr_line' id='line_1_1' title="bbox 154 124 966 166; baseline -0.005 -2"><span class='ocrx_word' id='word_1_1' title='bbox 154 124 240 166; x_wconf 83' lang='lat'>486</span> <span class='ocrx_word' id='word_1_2' title='bbox 701 134 727 161; x_wconf 86' lang='lat' dir='ltr'>s.</span> <span class='ocrx_word' id='word_1_3' title='bbox 747 134 966 162; x_wconf 74' lang='lat' dir='ltr'>AUGUSTm</span> 
     </span>
    </p>
   </div>
   <div class='ocr_carea' id='block_1_2' title="bbox 84 223 1494 1852">
    <p class='ocr_par' dir='ltr' id='par_1_2' title="bbox 156 223 1493 452">
     <span class='ocr_line' id='line_1_2' title="bbox 273 223 1492 275; baseline 0.002 -13"><span class='ocrx_word' id='word_1_4' title='bbox 273 223 411 262; x_wconf 89' lang='lat' dir='ltr'>Nullus</span> <span class='ocrx_word' id='word_1_5' title='bbox 442 224 561 273; x_wconf 84' lang='lat' dir='ltr'>igitur</span> <span class='ocrx_word' id='word_1_6' title='bbox 593 223 651 262; x_wconf 88' lang='lat' dir='ltr'>vel</span> <span class='ocrx_word' id='word_1_7' title='bbox 684 230 799 275; x_wconf 85' lang='lat' dir='ltr'>negat</span> <span class='ocrx_word' id='word_1_8' title='bbox 830 224 889 263; x_wconf 91' lang='lat' dir='ltr'>vel</span> <span class='ocrx_word' id='word_1_9' title='bbox 921 223 1072 263; x_wconf 87' lang='lat' dir='ltr'>dubitat</span> <span class='ocrx_word' id='word_1_10' title='bbox 1102 237 1171 275; x_wconf 86' lang='lat' dir='ltr'>per</span> <span class='ocrx_word' id='word_1_11' title='bbox 1204 224 1403 264; x_wconf 83' lang='lat' dir='ltr'>Christum</span> <span class='ocrx_word' id='word_1_12' title='bbox 1435 226 1492 265; x_wconf 90' lang='lat' dir='ltr'>Ie·</span> 
     </span>
     <span class='ocr_line' id='line_1_3' title="bbox 156 281 1491 335; baseline 0.001 -14"><span class='ocrx_word' id='word_1_13' title='bbox 156 294 243 321; x_wconf 90' lang='lat' dir='ltr'>sum</span> <span class='ocrx_word' id='word_1_14' title='bbox 274 282 366 333; x_wconf 87' lang='lat' dir='ltr'>tale,</span> <span class='ocrx_word' id='word_1_15' title='bbox 400 281 510 331; x_wconf 89' lang='lat' dir='ltr'>quale</span> <span class='ocrx_word' id='word_1_16' title='bbox 543 283 628 320; x_wconf 86' lang='lat' dir='ltr'>istis</span> <span class='ocrx_word' id='word_1_17' title='bbox 661 284 783 321; x_wconf 90' lang='lat' dir='ltr'>sacris</span> <span class='ocrx_word' id='word_1_18' title='bbox 814 282 955 321; x_wconf 88' lang='lat' dir='ltr'>litteris</span> <span class='ocrx_word' id='word_1_19' title='bbox 987 285 1298 335; x_wconf 85' lang='lat' dir='ltr'>praenuntiatur,</span> <span class='ocrx_word' id='word_1_20' title='bbox 1329 285 1491 323; x_wconf 87' lang='lat' dir='ltr'>novissi-</span> 
     </span>
     <span class='ocr_line' id='line_1_4' title="bbox 156 340 1492 392; baseline 0.001 -13"><span class='ocrx_word' id='word_1_21' title='bbox 156 353 263 379; x_wconf 89' lang='lat' dir='ltr'>mum</span> <span class='ocrx_word' id='word_1_22' title='bbox 295 341 469 378; x_wconf 86' lang='lat' dir='ltr'>futurum</span> <span class='ocrx_word' id='word_1_23' title='bbox 504 352 589 378; x_wconf 88' lang='lat' dir='ltr'>esse</span> <span class='ocrx_word' id='word_1_24' title='bbox 621 340 826 392; x_wconf 89' lang='lat' dir='ltr'>iudicium,</span> <span class='ocrx_word' id='word_1_25' title='bbox 869 342 943 379; x_wconf 89' lang='lat' dir='ltr'>nisi</span> <span class='ocrx_word' id='word_1_26' title='bbox 975 342 1042 392; x_wconf 91' lang='lat' dir='ltr'>qui</span> <span class='ocrx_word' id='word_1_27' title='bbox 1074 341 1219 380; x_wconf 87' lang='lat' dir='ltr'>eisdem</span> <span class='ocrx_word' id='word_1_28' title='bbox 1252 341 1393 381; x_wconf 90' lang='lat' dir='ltr'>litteris</span> <span class='ocrx_word' id='word_1_29' title='bbox 1427 355 1492 381; x_wconf 89' lang='lat' dir='ltr'>ne-</span> 
     </span>
     <span class='ocr_line' id='line_1_5' title="bbox 157 397 1493 452; baseline 0.001 -14"><span class='ocrx_word' id='word_1_30' title='bbox 157 401 237 438; x_wconf 89' lang='lat' dir='ltr'>scio</span> <span class='ocrx_word' id='word_1_31' title='bbox 270 410 345 449; x_wconf 86' lang='lat' dir='ltr'>qua</span> <span class='ocrx_word' id='word_1_32' title='bbox 381 397 600 436; x_wconf 82' lang='lat' dir='ltr'>incredibili</span> <span class='ocrx_word' id='word_1_33' title='bbox 640 400 883 438; x_wconf 81' lang='lat' dir='ltr'>animositate</span> <span class='ocrx_word' id='word_1_34' title='bbox 926 411 996 438; x_wconf 88' lang='lat' dir='ltr'>seu</span> <span class='ocrx_word' id='word_1_35' title='bbox 1028 401 1212 438; x_wconf 86' lang='lat' dir='ltr'>caecitate</span> <span class='ocrx_word' id='word_1_36' title='bbox 1246 412 1324 439; x_wconf 89' lang='lat' dir='ltr'>non</span> <span class='ocrx_word' id='word_1_37' title='bbox 1357 401 1493 452; x_wconf 87' lang='lat' dir='ltr'>credit,</span> 
     </span>
    </p>

    <p class='ocr_par' dir='ltr' id='par_1_3' title="bbox 110 456 1493 743">
     <span class='ocr_line' id='line_1_6' title="bbox 110 456 1492 509; baseline 0.002 -14"><span class='ocrx_word' id='word_1_38' title='bbox 110 464 130 495; x_wconf 87' lang='lat'>5</span> <span class='ocrx_word' id='word_1_39' title='bbox 157 470 254 509; x_wconf 86' lang='lat' dir='ltr'>quae</span> <span class='ocrx_word' id='word_1_40' title='bbox 300 458 375 494; x_wconf 84' lang='lat' dir='ltr'>iam</span> <span class='ocrx_word' id='word_1_41' title='bbox 411 457 613 495; x_wconf 82' lang='lat' dir='ltr'>veritatem</span> <span class='ocrx_word' id='word_1_42' title='bbox 658 469 767 496; x_wconf 89' lang='lat' dir='ltr'>suam</span> <span class='ocrx_word' id='word_1_43' title='bbox 805 456 890 496; x_wconf 86' lang='lat' dir='ltr'>orbi</span> <span class='ocrx_word' id='word_1_44' title='bbox 928 457 1244 497; x_wconf 79' lang='lat' dir='ltr'>demonstravere</span> <span class='ocrx_word' id='word_1_45' title='bbox 1285 464 1492 498; x_wconf 88' lang='lat' dir='ltr'>terrarum.</span> 
     </span>
     <span class='ocr_line' id='line_1_7' title="bbox 156 515 1491 565; baseline 0.001 -11"><span class='ocrx_word' id='word_1_46' title='bbox 156 516 199 554; x_wconf 93' lang='lat' dir='ltr'>ln</span> <span class='ocrx_word' id='word_1_47' title='bbox 231 515 295 553; x_wconf 91' lang='lat' dir='ltr'>illo</span> <span class='ocrx_word' id='word_1_48' title='bbox 327 516 457 565; x_wconf 90' lang='lat' dir='ltr'>itaque</span> <span class='ocrx_word' id='word_1_49' title='bbox 490 515 633 554; x_wconf 91' lang='lat' dir='ltr'>iudicio</span> <span class='ocrx_word' id='word_1_50' title='bbox 665 515 725 554; x_wconf 88' lang='lat' dir='ltr'>vel</span> <span class='ocrx_word' id='word_1_51' title='bbox 757 517 860 555; x_wconf 87' lang='lat' dir='ltr'>circa</span> <span class='ocrx_word' id='word_1_52' title='bbox 891 516 986 555; x_wconf 93' lang='lat' dir='ltr'>illud</span> <span class='ocrx_word' id='word_1_53' title='bbox 1018 516 1206 555; x_wconf 88' lang='lat' dir='ltr'>iudicium</span> <span class='ocrx_word' id='word_1_54' title='bbox 1238 517 1308 555; x_wconf 89' lang='lat' dir='ltr'>has</span> <span class='ocrx_word' id='word_1_55' title='bbox 1340 529 1404 556; x_wconf 85' lang='lat' dir='ltr'>res</span> <span class='ocrx_word' id='word_1_56' title='bbox 1436 517 1491 556; x_wconf 93' lang='lat' dir='ltr'>di-</span> 
     </span>
     <span class='ocr_line' id='line_1_8' title="bbox 156 573 1491 626; baseline 0.001 -14"><span class='ocrx_word' id='word_1_57' title='bbox 156 574 321 612; x_wconf 84' lang='lat' dir='ltr'>dicimus</span> <span class='ocrx_word' id='word_1_58' title='bbox 360 585 445 612; x_wconf 85' lang='lat' dir='ltr'>esse</span> <span class='ocrx_word' id='word_1_59' title='bbox 486 580 691 623; x_wconf 86' lang='lat' dir='ltr'>venturas,</span> <span class='ocrx_word' id='word_1_60' title='bbox 731 573 880 612; x_wconf 79' lang='lat' dir='ltr'>Heliam</span> <span class='ocrx_word' id='word_1_61' title='bbox 912 574 1147 626; x_wconf 80' lang='lat' dir='ltr'>Thesbiten,</span> <span class='ocrx_word' id='word_1_62' title='bbox 1185 575 1301 613; x_wconf 89' lang='lat' dir='ltr'>fidem</span> <span class='ocrx_word' id='word_1_63' title='bbox 1332 575 1491 614; x_wconf 89' lang='lat' dir='ltr'>Iudaeo-</span> 
     </span>
     <span class='ocr_line' id='line_1_9' title="bbox 155 631 1493 687; baseline 0.001 -16"><span class='ocrx_word' id='word_1_64' title='bbox 155 644 261 684; x_wconf 89' lang='lat' dir='ltr'>rum,</span> <span class='ocrx_word' id='word_1_65' title='bbox 299 631 583 671; x_wconf 88' lang='lat' dir='ltr'>Antichristum</span> <span class='ocrx_word' id='word_1_66' title='bbox 620 638 939 684; x_wconf 71' lang='lat' dir='ltr'>persecuturum,</span> <span class='ocrx_word' id='word_1_67' title='bbox 978 632 1176 672; x_wconf 86' lang='lat' dir='ltr'>Christum</span> <span class='ocrx_word' id='word_1_68' title='bbox 1217 634 1493 687; x_wconf 88' lang='lat' dir='ltr'>iudicaturum,</span> 
     </span>
     <span class='ocr_line' id='line_1_10' title="bbox 156 691 1491 743; baseline 0.001 -15"><span class='ocrx_word' id='word_1_69' title='bbox 156 696 403 729; x_wconf 88' lang='lat' dir='ltr'>mortuorum</span> <span class='ocrx_word' id='word_1_70' title='bbox 433 692 781 739; x_wconf 82' lang='lat' dir='ltr'>resurrectionem,</span> <span class='ocrx_word' id='word_1_71' title='bbox 823 691 1017 729; x_wconf 90' lang='lat' dir='ltr'>bonorum</span> <span class='ocrx_word' id='word_1_72' title='bbox 1048 691 1316 743; x_wconf 90' lang='lat' dir='ltr'>malorumque</span> <span class='ocrx_word' id='word_1_73' title='bbox 1350 692 1491 731; x_wconf 89' lang='lat' dir='ltr'>direm-</span> 
     </span>
    </p>

    <p class='ocr_par' dir='ltr' id='par_1_4' title="bbox 88 748 1494 1035">
     <span class='ocr_line' id='line_1_11' title="bbox 88 748 1492 801; baseline 0.001 -14"><span class='ocrx_word' id='word_1_74' title='bbox 88 756 129 787; x_wconf 91' lang='lat'>10</span> <span class='ocrx_word' id='word_1_75' title='bbox 155 751 340 801; x_wconf 89' lang='lat' dir='ltr'>ptionem,</span> <span class='ocrx_word' id='word_1_76' title='bbox 372 748 508 787; x_wconf 88' lang='lat' dir='ltr'>mundi</span> <span class='ocrx_word' id='word_1_77' title='bbox 534 749 876 800; x_wconf 84' lang='lat' dir='ltr'>conflagrationem</span> <span class='ocrx_word' id='word_1_78' title='bbox 903 749 1156 800; x_wconf 88' lang='lat' dir='ltr'>eiusdemque</span> <span class='ocrx_word' id='word_1_79' title='bbox 1190 752 1492 789; x_wconf 83' lang='lat' dir='ltr'>renovationem.</span> 
     </span>
     <span class='ocr_line' id='line_1_12' title="bbox 157 807 1492 860; baseline 0.001 -15"><span class='ocrx_word' id='word_1_80' title='bbox 157 808 263 854; x_wconf 85' lang='lat' dir='ltr'>Quae</span> <span class='ocrx_word' id='word_1_81' title='bbox 308 808 436 846; x_wconf 89' lang='lat' dir='ltr'>omnia</span> <span class='ocrx_word' id='word_1_82' title='bbox 480 807 637 858; x_wconf 90' lang='lat' dir='ltr'>quidem</span> <span class='ocrx_word' id='word_1_83' title='bbox 680 814 843 847; x_wconf 86' lang='lat' dir='ltr'>ventura</span> <span class='ocrx_word' id='word_1_84' title='bbox 887 820 973 846; x_wconf 88' lang='lat' dir='ltr'>esse</span> <span class='ocrx_word' id='word_1_85' title='bbox 1017 807 1257 847; x_wconf 89' lang='lat' dir='ltr'>credendum</span> <span class='ocrx_word' id='word_1_86' title='bbox 1301 815 1378 860; x_wconf 84' lang='lat' dir='ltr'>est3</span> <span class='ocrx_word' id='word_1_87' title='bbox 1424 809 1492 847; x_wconf 87' lang='lat' dir='ltr'>sed</span> 
     </span>
     <span class='ocr_line' id='line_1_13' title="bbox 157 865 1494 919; baseline -0.001 -15"><span class='ocrx_word' id='word_1_88' title='bbox 157 866 299 917; x_wconf 90' lang='lat' dir='ltr'>quibus</span> <span class='ocrx_word' id='word_1_89' title='bbox 331 865 456 904; x_wconf 91' lang='lat' dir='ltr'>modis</span> <span class='ocrx_word' id='word_1_90' title='bbox 496 871 534 904; x_wconf 92' lang='lat' dir='ltr'>et</span> <span class='ocrx_word' id='word_1_91' title='bbox 572 878 648 917; x_wconf 91' lang='lat' dir='ltr'>quo</span> <span class='ocrx_word' id='word_1_92' title='bbox 681 866 817 905; x_wconf 87' lang='lat' dir='ltr'>ordine</span> <span class='ocrx_word' id='word_1_93' title='bbox 849 868 1021 919; x_wconf 86' lang='lat' dir='ltr'>veniant,</span> <span class='ocrx_word' id='word_1_94' title='bbox 1058 868 1179 917; x_wconf 82' lang='lat' dir='ltr'>magis</span> <span class='ocrx_word' id='word_1_95' title='bbox 1211 873 1305 905; x_wconf 90' lang='lat' dir='ltr'>tunc</span> <span class='ocrx_word' id='word_1_96' title='bbox 1338 867 1494 906; x_wconf 87' lang='lat' dir='ltr'>docebit.</span> 
     </span>
     <span class='ocr_line' id='line_1_14' title="bbox 156 925 1493 976; baseline 0.001 -14"><span class='ocrx_word' id='word_1_97' title='bbox 156 937 289 963; x_wconf 88' lang='lat' dir='ltr'>rerum</span> <span class='ocrx_word' id='word_1_98' title='bbox 334 925 593 976; x_wconf 84' lang='lat' dir='ltr'>experientia,</span> <span class='ocrx_word' id='word_1_99' title='bbox 637 937 753 975; x_wconf 91' lang='lat' dir='ltr'>quam</span> <span class='ocrx_word' id='word_1_100' title='bbox 794 937 898 963; x_wconf 92' lang='lat' dir='ltr'>nunc</span> <span class='ocrx_word' id='word_1_101' title='bbox 942 925 988 964; x_wconf 89' lang='lat' dir='ltr'>ad</span> <span class='ocrx_word' id='word_1_102' title='bbox 1031 925 1250 976; x_wconf 87' lang='lat' dir='ltr'>perfectum</span> <span class='ocrx_word' id='word_1_103' title='bbox 1291 925 1493 965; x_wconf 89' lang='lat' dir='ltr'>hominum</span> 
     </span>
     <span class='ocr_line' id='line_1_15' title="bbox 155 982 1493 1035; baseline 0 -13"><span class='ocrx_word' id='word_1_104' title='bbox 155 983 420 1033; x_wconf 84' lang='lat' dir='ltr'>intellegentia</span> <span class='ocrx_word' id='word_1_105' title='bbox 463 983 562 1021; x_wconf 86' lang='lat' dir='ltr'>valet</span> <span class='ocrx_word' id='word_1_106' title='bbox 607 985 805 1034; x_wconf 88' lang='lat' dir='ltr'>consequi.</span> <span class='ocrx_word' id='word_1_107' title='bbox 867 982 1057 1022; x_wconf 87' lang='lat' dir='ltr'>Existimo</span> <span class='ocrx_word' id='word_1_108' title='bbox 1102 989 1231 1022; x_wconf 87' lang='lat' dir='ltr'>tamen</span> <span class='ocrx_word' id='word_1_109' title='bbox 1270 995 1316 1022; x_wconf 90' lang='lat' dir='ltr'>eo</span> <span class='ocrx_word' id='word_1_110' title='bbox 1356 995 1434 1035; x_wconf 92' lang='lat' dir='ltr'>quo</span> <span class='ocrx_word' id='word_1_111' title='bbox 1473 996 1493 1022; x_wconf 93' lang='lat' dir='ltr'>a</span> 
     </span>
    </p>

    <p class='ocr_par' dir='ltr' id='par_1_5' title="bbox 87 1041 1168 1080">
     <span class='ocr_line' id='line_1_16' title="bbox 87 1041 1168 1080; baseline 0.002 -2"><span class='ocrx_word' id='word_1_112' title='bbox 87 1047 128 1078; x_wconf 83' lang='lat'>15</span> <span class='ocrx_word' id='word_1_113' title='bbox 155 1054 217 1080; x_wconf 89' lang='lat' dir='ltr'>me</span> <span class='ocrx_word' id='word_1_114' title='bbox 251 1047 551 1079; x_wconf 86' lang='lat' dir='ltr'>commemorata</span> <span class='ocrx_word' id='word_1_115' title='bbox 584 1047 675 1080; x_wconf 89' lang='lat' dir='ltr'>sunt</span> <span class='ocrx_word' id='word_1_116' title='bbox 706 1041 841 1080; x_wconf 90' lang='lat' dir='ltr'>ordine</span> <span class='ocrx_word' id='word_1_117' title='bbox 875 1054 960 1080; x_wconf 85' lang='lat' dir='ltr'>esse</span> <span class='ocrx_word' id='word_1_118' title='bbox 993 1047 1168 1080; x_wconf 82' lang='lat' dir='ltr'>ventura.</span> 
     </span>
    </p>

    <p class='ocr_par' dir='ltr' id='par_1_6' title="bbox 154 1099 1494 1327">
     <span class='ocr_line' id='line_1_17' title="bbox 274 1099 1492 1152; baseline 0.001 -15"><span class='ocrx_word' id='word_1_119' title='bbox 274 1099 357 1138; x_wconf 93' lang='lat' dir='ltr'>Duo</span> <span class='ocrx_word' id='word_1_120' title='bbox 383 1099 496 1137; x_wconf 92' lang='lat' dir='ltr'>nobis</span> <span class='ocrx_word' id='word_1_121' title='bbox 522 1099 568 1138; x_wconf 88' lang='lat' dir='ltr'>ad</span> <span class='ocrx_word' id='word_1_122' title='bbox 594 1099 668 1138; x_wconf 90' lang='lat' dir='ltr'>hoc</span> <span class='ocrx_word' id='word_1_123' title='bbox 695 1112 792 1151; x_wconf 90' lang='lat' dir='ltr'>opus</span> <span class='ocrx_word' id='word_1_124' title='bbox 819 1101 1062 1150; x_wconf 86' lang='lat' dir='ltr'>pertinentes</span> <span class='ocrx_word' id='word_1_125' title='bbox 1095 1100 1236 1150; x_wconf 88' lang='lat' dir='ltr'>reliqui</span> <span class='ocrx_word' id='word_1_126' title='bbox 1267 1105 1360 1138; x_wconf 88' lang='lat' dir='ltr'>sunt</span> <span class='ocrx_word' id='word_1_127' title='bbox 1390 1099 1492 1152; x_wconf 89' lang='lat' dir='ltr'>libri,</span> 
     </span>
     <span class='ocr_line' id='line_1_18' title="bbox 154 1157 1494 1209; baseline 0.001 -13"><span class='ocrx_word' id='word_1_128' title='bbox 154 1163 198 1197; x_wconf 92' lang='lat' dir='ltr'>ut</span> <span class='ocrx_word' id='word_1_129' title='bbox 229 1157 433 1196; x_wconf 87' lang='lat' dir='ltr'>adiuvante</span> <span class='ocrx_word' id='word_1_130' title='bbox 466 1157 628 1196; x_wconf 92' lang='lat' dir='ltr'>Domino</span> <span class='ocrx_word' id='word_1_131' title='bbox 667 1159 859 1209; x_wconf 88' lang='lat' dir='ltr'>promissa</span> <span class='ocrx_word' id='word_1_132' title='bbox 897 1158 1177 1209; x_wconf 82' lang='lat' dir='ltr'>compleamus3</span> <span class='ocrx_word' id='word_1_133' title='bbox 1219 1170 1387 1208; x_wconf 88' lang='lat' dir='ltr'>quorum</span> <span class='ocrx_word' id='word_1_134' title='bbox 1419 1160 1494 1197; x_wconf 90' lang='lat' dir='ltr'>erit</span> 
     </span>
     <span class='ocr_line' id='line_1_19' title="bbox 154 1215 1492 1268; baseline 0 -13"><span class='ocrx_word' id='word_1_135' title='bbox 154 1228 256 1255; x_wconf 89' lang='lat' dir='ltr'>unus</span> <span class='ocrx_word' id='word_1_136' title='bbox 290 1216 336 1254; x_wconf 86' lang='lat' dir='ltr'>de</span> <span class='ocrx_word' id='word_1_137' title='bbox 369 1215 560 1254; x_wconf 87' lang='lat' dir='ltr'>malorum</span> <span class='ocrx_word' id='word_1_138' title='bbox 597 1216 804 1268; x_wconf 87' lang='lat' dir='ltr'>supplicio,</span> <span class='ocrx_word' id='word_1_139' title='bbox 844 1216 940 1254; x_wconf 89' lang='lat' dir='ltr'>alius</span> <span class='ocrx_word' id='word_1_140' title='bbox 979 1216 1025 1254; x_wconf 90' lang='lat' dir='ltr'>de</span> <span class='ocrx_word' id='word_1_141' title='bbox 1065 1216 1247 1255; x_wconf 82' lang='lat' dir='ltr'>felicitate</span> <span class='ocrx_word' id='word_1_142' title='bbox 1279 1218 1492 1268; x_wconf 84' lang='lat' dir='ltr'>iustorum3</span> 
     </span>
     <span class='ocr_line' id='line_1_20' title="bbox 154 1274 1491 1327; baseline 0.001 -15"><span class='ocrx_word' id='word_1_143' title='bbox 154 1276 194 1313; x_wconf 93' lang='lat' dir='ltr'>in</span> <span class='ocrx_word' id='word_1_144' title='bbox 227 1274 369 1325; x_wconf 84' lang='lat' dir='ltr'>quibus</span> <span class='ocrx_word' id='word_1_145' title='bbox 402 1275 578 1327; x_wconf 89' lang='lat' dir='ltr'>maxime,</span> <span class='ocrx_word' id='word_1_146' title='bbox 611 1276 711 1313; x_wconf 87' lang='lat' dir='ltr'>sicut</span> <span class='ocrx_word' id='word_1_147' title='bbox 737 1274 840 1313; x_wconf 88' lang='lat' dir='ltr'>Deus</span> <span class='ocrx_word' id='word_1_148' title='bbox 873 1274 1085 1326; x_wconf 85' lang='lat' dir='ltr'>donaverit,</span> <span class='ocrx_word' id='word_1_149' title='bbox 1117 1280 1346 1325; x_wconf 84' lang='lat' dir='ltr'>argumenta</span> <span class='ocrx_word' id='word_1_150' title='bbox 1377 1274 1491 1313; x_wconf 84' lang='lat' dir='ltr'>refel-</span> 
     </span>
    </p>

    <p class='ocr_par' dir='ltr' id='par_1_7' title="bbox 85 1332 1493 1617">
     <span class='ocr_line' id='line_1_21' title="bbox 85 1332 1493 1385; baseline 0.001 -15"><span class='ocrx_word' id='word_1_151' title='bbox 85 1340 128 1371; x_wconf 79' lang='lat'>20</span> <span class='ocrx_word' id='word_1_152' title='bbox 154 1332 285 1372; x_wconf 85' lang='lat' dir='ltr'>lentur</span> <span class='ocrx_word' id='word_1_153' title='bbox 316 1332 501 1385; x_wconf 88' lang='lat' dir='ltr'>humana,</span> <span class='ocrx_word' id='word_1_154' title='bbox 542 1344 638 1383; x_wconf 87' lang='lat' dir='ltr'>quae</span> <span class='ocrx_word' id='word_1_155' title='bbox 672 1338 806 1371; x_wconf 89' lang='lat' dir='ltr'>contra</span> <span class='ocrx_word' id='word_1_156' title='bbox 837 1333 1034 1384; x_wconf 85' lang='lat' dir='ltr'>praedicta</span> <span class='ocrx_word' id='word_1_157' title='bbox 1067 1344 1109 1371; x_wconf 89' lang='lat' dir='ltr'>ac</span> <span class='ocrx_word' id='word_1_158' title='bbox 1142 1334 1334 1383; x_wconf 86' lang='lat' dir='ltr'>promissa</span> <span class='ocrx_word' id='word_1_159' title='bbox 1365 1332 1493 1371; x_wconf 87' lang='lat' dir='ltr'>divina</span> 
     </span>
     <span class='ocr_line' id='line_1_22' title="bbox 155 1390 1491 1442; baseline 0 -13"><span class='ocrx_word' id='word_1_160' title='bbox 155 1393 352 1442; x_wconf 87' lang='lat' dir='ltr'>sapienter</span> <span class='ocrx_word' id='word_1_161' title='bbox 384 1390 458 1429; x_wconf 89' lang='lat' dir='ltr'>sibi</span> <span class='ocrx_word' id='word_1_162' title='bbox 484 1392 617 1430; x_wconf 87' lang='lat' dir='ltr'>miseri</span> <span class='ocrx_word' id='word_1_163' title='bbox 643 1390 782 1430; x_wconf 90' lang='lat' dir='ltr'>rodere</span> <span class='ocrx_word' id='word_1_164' title='bbox 815 1391 997 1430; x_wconf 86' lang='lat' dir='ltr'>videntur</span> <span class='ocrx_word' id='word_1_165' title='bbox 1030 1396 1068 1429; x_wconf 88' lang='lat' dir='ltr'>et</span> <span class='ocrx_word' id='word_1_166' title='bbox 1101 1390 1267 1429; x_wconf 85' lang='lat' dir='ltr'>salubris</span> <span class='ocrx_word' id='word_1_167' title='bbox 1299 1390 1389 1430; x_wconf 89' lang='lat' dir='ltr'>fidei</span> <span class='ocrx_word' id='word_1_168' title='bbox 1421 1403 1491 1430; x_wconf 89' lang='lat' dir='ltr'>nu-</span> 
     </span>
     <span class='ocr_line' id='line_1_23' title="bbox 154 1448 1490 1494; baseline -0.001 -6"><span class='ocrx_word' id='word_1_169' title='bbox 154 1451 338 1488; x_wconf 81' lang='lat' dir='ltr'>trimenta</span> <span class='ocrx_word' id='word_1_170' title='bbox 375 1449 480 1488; x_wconf 81' lang='lat' dir='ltr'>velut</span> <span class='ocrx_word' id='word_1_171' title='bbox 524 1449 617 1488; x_wconf 85' lang='lat' dir='ltr'>falsa</span> <span class='ocrx_word' id='word_1_172' title='bbox 661 1455 699 1488; x_wconf 92' lang='lat' dir='ltr'>et</span> <span class='ocrx_word' id='word_1_173' title='bbox 744 1450 904 1488; x_wconf 90' lang='lat' dir='ltr'>ridenda</span> <span class='ocrx_word' id='word_1_174' title='bbox 948 1454 1215 1488; x_wconf 91' lang='lat' dir='ltr'>contemnunt.</span> <span class='ocrx_word' id='word_1_175' title='bbox 1279 1448 1355 1494; x_wconf 91' lang='lat' dir='ltr'>Qui</span> <span class='ocrx_word' id='word_1_176' title='bbox 1398 1461 1490 1488; x_wconf 90' lang='lat' dir='ltr'>vero</span> 
     </span>
     <span class='ocr_line' id='line_1_24' title="bbox 154 1506 1491 1560; baseline -0.001 -13"><span class='ocrx_word' id='word_1_177' title='bbox 154 1508 371 1547; x_wconf 86' lang='lat' dir='ltr'>secundum</span> <span class='ocrx_word' id='word_1_178' title='bbox 396 1507 520 1546; x_wconf 88' lang='lat' dir='ltr'>Deum</span> <span class='ocrx_word' id='word_1_179' title='bbox 547 1509 714 1560; x_wconf 88' lang='lat' dir='ltr'>sapiunt,</span> <span class='ocrx_word' id='word_1_180' title='bbox 747 1509 932 1560; x_wconf 89' lang='lat' dir='ltr'>omnium,</span> <span class='ocrx_word' id='word_1_181' title='bbox 965 1519 1062 1558; x_wconf 91' lang='lat' dir='ltr'>quae</span> <span class='ocrx_word' id='word_1_182' title='bbox 1090 1506 1334 1546; x_wconf 84' lang='lat' dir='ltr'>incredibilia</span> <span class='ocrx_word' id='word_1_183' title='bbox 1359 1508 1491 1546; x_wconf 88' lang='lat' dir='ltr'>viden-</span> 
     </span>
     <span class='ocr_line' id='line_1_25' title="bbox 154 1565 1493 1617; baseline 0 -13"><span class='ocrx_word' id='word_1_184' title='bbox 154 1572 219 1605; x_wconf 88' lang='lat' dir='ltr'>tur</span> <span class='ocrx_word' id='word_1_185' title='bbox 256 1565 480 1605; x_wconf 89' lang='lat' dir='ltr'>hominibus</span> <span class='ocrx_word' id='word_1_186' title='bbox 525 1572 563 1605; x_wconf 91' lang='lat' dir='ltr'>et</span> <span class='ocrx_word' id='word_1_187' title='bbox 600 1572 728 1605; x_wconf 86' lang='lat' dir='ltr'>tamen</span> <span class='ocrx_word' id='word_1_188' title='bbox 769 1567 975 1617; x_wconf 79' lang='lat' dir='ltr'>scripturiS</span> <span class='ocrx_word' id='word_1_189' title='bbox 1014 1567 1174 1617; x_wconf 88' lang='lat' dir='ltr'>sanctis,</span> <span class='ocrx_word' id='word_1_190' title='bbox 1213 1577 1379 1616; x_wconf 88' lang='lat' dir='ltr'>quarum</span> <span class='ocrx_word' id='word_1_191' title='bbox 1416 1567 1493 1604; x_wconf 91' lang='lat' dir='ltr'>iam</span> 
     </span>
    </p>

    <p class='ocr_par' dir='ltr' id='par_1_8' title="bbox 84 1624 1494 1852">
     <span class='ocr_line' id='line_1_26' title="bbox 84 1624 1491 1676; baseline 0 -14"><span class='ocrx_word' id='word_1_192' title='bbox 84 1632 127 1662; x_wconf 80' lang='lat'>25</span> <span class='ocrx_word' id='word_1_193' title='bbox 157 1627 296 1664; x_wconf 80' lang='lat' dir='ltr'>veritas</span> <span class='ocrx_word' id='word_1_194' title='bbox 329 1624 462 1663; x_wconf 88' lang='lat' dir='ltr'>multis</span> <span class='ocrx_word' id='word_1_195' title='bbox 501 1625 627 1664; x_wconf 91' lang='lat' dir='ltr'>modis</span> <span class='ocrx_word' id='word_1_196' title='bbox 664 1625 818 1663; x_wconf 89' lang='lat' dir='ltr'>adserta</span> <span class='ocrx_word' id='word_1_197' title='bbox 850 1630 926 1676; x_wconf 90' lang='lat' dir='ltr'>est,</span> <span class='ocrx_word' id='word_1_198' title='bbox 971 1626 1240 1676; x_wconf 86' lang='lat' dir='ltr'>continentur,</span> <span class='ocrx_word' id='word_1_199' title='bbox 1281 1625 1491 1662; x_wconf 86' lang='lat' dir='ltr'>maximum</span> 
     </span>
     <span class='ocr_line' id='line_1_27' title="bbox 154 1682 1491 1734; baseline -0.001 -12"><span class='ocrx_word' id='word_1_200' title='bbox 154 1689 426 1734; x_wconf 84' lang='lat' dir='ltr'>argumentum</span> <span class='ocrx_word' id='word_1_201' title='bbox 472 1689 606 1722; x_wconf 88' lang='lat' dir='ltr'>tenent</span> <span class='ocrx_word' id='word_1_202' title='bbox 649 1695 827 1722; x_wconf 86' lang='lat' dir='ltr'>veracem</span> <span class='ocrx_word' id='word_1_203' title='bbox 871 1682 940 1721; x_wconf 90' lang='lat' dir='ltr'>Dei</span> <span class='ocrx_word' id='word_1_204' title='bbox 984 1683 1328 1733; x_wconf 88' lang='lat' dir='ltr'>omnipotentiam,</span> <span class='ocrx_word' id='word_1_205' title='bbox 1372 1694 1491 1733; x_wconf 86' lang='lat' dir='ltr'>quem</span> 
     </span>
     <span class='ocr_line' id='line_1_28' title="bbox 154 1741 1494 1791; baseline -0.001 -11"><span class='ocrx_word' id='word_1_206' title='bbox 154 1748 305 1781; x_wconf 88' lang='lat' dir='ltr'>certum</span> <span class='ocrx_word' id='word_1_207' title='bbox 349 1741 493 1780; x_wconf 90' lang='lat' dir='ltr'>habent</span> <span class='ocrx_word' id='word_1_208' title='bbox 537 1741 642 1781; x_wconf 90' lang='lat' dir='ltr'>nullo</span> <span class='ocrx_word' id='word_1_209' title='bbox 688 1742 802 1779; x_wconf 88' lang='lat' dir='ltr'>modo</span> <span class='ocrx_word' id='word_1_210' title='bbox 848 1743 887 1779; x_wconf 91' lang='lat' dir='ltr'>in</span> <span class='ocrx_word' id='word_1_211' title='bbox 933 1742 988 1779; x_wconf 88' lang='lat' dir='ltr'>eis</span> <span class='ocrx_word' id='word_1_212' title='bbox 1031 1742 1205 1791; x_wconf 87' lang='lat' dir='ltr'>potuisse</span> <span class='ocrx_word' id='word_1_213' title='bbox 1253 1742 1411 1779; x_wconf 86' lang='lat' dir='ltr'>mentiri</span> <span class='ocrx_word' id='word_1_214' title='bbox 1455 1745 1494 1779; x_wconf 86' lang='lat' dir='ltr'>et</span> 
     </span>
     <span class='ocr_line' id='line_1_29' title="bbox 153 1798 1104 1852; baseline -0.003 -13"><span class='ocrx_word' id='word_1_215' title='bbox 153 1813 267 1851; x_wconf 88' lang='lat' dir='ltr'>posse</span> <span class='ocrx_word' id='word_1_216' title='bbox 300 1800 428 1838; x_wconf 85' lang='lat' dir='ltr'>facere</span> <span class='ocrx_word' id='word_1_217' title='bbox 461 1799 824 1852; x_wconf 83' lang='lat' dir='ltr'>quodinpossibile</span> <span class='ocrx_word' id='word_1_218' title='bbox 856 1804 916 1838; x_wconf 86' lang='lat' dir='ltr'>est</span> <span class='ocrx_word' id='word_1_219' title='bbox 947 1798 1104 1837; x_wconf 81' lang='lat' dir='ltr'>infideli.</span> 
     </span>
    </p>
   </div>
   <div class='ocr_carea' id='block_1_3' title="bbox 247 1959 538 1995">
    <p class='ocr_par' dir='ltr' id='par_1_9' title="bbox 247 1959 538 1995">
     <span class='ocr_line' id='line_1_30' title="bbox 247 1959 538 1995; baseline -0.007 0"><span class='ocrx_word' id='word_1_220' title='bbox 247 1965 289 1995; x_wconf 86' lang='lat'>23</span> <span class='ocrx_word' id='word_1_221' title='bbox 317 1959 442 1994; x_wconf 85' lang='lat' dir='ltr'>omnia</span> <span class='ocrx_word' id='word_1_222' title='bbox 465 1959 538 1994; x_wconf 76' lang='grc' dir='ltr'>ΕΑ</span> 
     </span>
    </p>
   </div>
  </div>
 </body>
</html>
