1548 2562
368 134 420 158 DE
441 132 628 158 CIVITATE
647 133 717 158 Dm
735 133 768 158 L.
788 133 852 158 xv.
871 132 902 158 o.
923 134 966 159 10.
986 134 1030 159 11.
1295 123 1346 163 77

19 222 207 273 ferretur,
246 221 462 260 secundum
498 226 687 272 utrosque
727 221 880 260 codices
920 226 1119 259 trecentos
1152 222 1349 271 sexaginta

19 281 202 330 quinque.
264 279 407 318 Octava
443 281 642 329 generatio
680 279 797 318 habet
834 279 991 329 quidem
1028 278 1252 318 nonnullam
1294 279 1348 317 di·

18 339 259 390 versitatem,
290 337 357 375 sed
390 338 581 375 minorem
613 349 655 375 ac
688 337 912 376 dissimilem
945 338 1096 376 ceteris.
1157 337 1349 376 Mathusa-

17 395 93 434 lam
125 397 280 447 quippe,
312 407 427 446 quem
459 397 594 446 genuit
625 395 771 447 Enoch,
801 401 1008 446 antequam
1039 397 1216 446 gigneret
1247 407 1349 448 eum,

18 455 86 504 qui
129 455 168 492 in
212 455 296 504 ipso
341 453 477 491 ordine
521 454 721 505 sequitur,
771 454 986 492 secundum
1028 453 1226 492 Hebraeos
1271 466 1349 492 non

18 516 176 550 centum
213 513 359 563 minus,
396 511 463 550 sed
502 513 638 561 viginti
669 512 833 562 amplius
865 513 958 550 vixit
989 523 1127 563 annos3
1165 513 1232 562 qui
1263 524 1348 551 rur·

18 582 85 608 sus
116 571 156 608 in
188 571 353 622 nostris,
383 574 518 620 postea
551 581 665 619 quam
698 582 787 608 eum
819 571 970 621 genuit,
1002 571 1254 621 reperiuntur
1285 571 1348 609 ad-

17 628 107 678 diti,
140 633 178 666 et
209 630 248 666 in
281 629 457 678 utrisque
490 627 564 665 sihi
595 639 745 666 summa
776 630 948 666 universi
980 630 1134 666 numeri
1165 630 1348 667 occurrit.

17 686 59 724 In
100 685 179 724 sola
216 698 318 724 nona
355 687 624 737 generatione,
667 686 705 724 id
743 691 803 724 est
840 687 878 723 in
918 688 1028 724 annis
1060 686 1244 739 Lamech,
1282 687 1350 725 filii

16 744 264 796 Mathusalae,
294 746 416 796 patris
448 749 576 782 autem
602 744 695 795 Noe,
727 756 876 782 summa
908 745 1172 783 universitatis
1204 745 1348 783 discre-

15 808 92 854 pat,
125 802 191 840 sed
224 814 302 841 non
339 802 561 853 plurimum.
623 801 767 852 Viginti
807 804 911 840 enim
943 807 981 840 et
1013 808 1196 852 quattuor
1228 815 1349 842 annos

15 860 104 912 plus
129 862 270 898 vixisse
296 862 336 898 in
363 860 550 898 Hebraeis
576 872 691 911 quam
722 862 762 898 in
794 861 939 898 nostris
972 860 1171 899 codicibus
1204 863 1348 900 inveni-

15 924 91 957 tur.
152 918 326 969 Namque
364 924 569 969 antequam
603 920 779 969 gigneret
810 918 955 970 filium,
1002 920 1068 968 qui
1100 925 1258 957 vocatus
1291 925 1351 958 est

16 976 109 1028 Noe,
142 989 209 1015 sex
234 979 363 1015 minus
389 976 505 1015 habet
530 979 569 1015 in
596 977 783 1015 Hebraeis
810 988 925 1026 quam
951 978 988 1014 in
1022 978 1184 1028 nostris;
1216 983 1350 1028 postea

15 1047 107 1073 vero
140 1047 254 1085 quam
287 1047 376 1073 eum
408 1036 560 1086 genuit,
599 1037 755 1085 triginta
789 1035 952 1085 amplius
985 1035 1024 1072 in
1057 1035 1203 1073 eisdem
1235 1048 1349 1086 quam

15 1094 55 1131 in
88 1095 244 1131 nostris.
306 1092 415 1131 Unde
454 1105 521 1131 sex
559 1093 634 1131 illis
676 1093 861 1132 detractis
893 1098 1043 1131 restant
1074 1094 1209 1144 viginti
1241 1100 1349 1145 quat-

14 1154 116 1204 tuor,
148 1156 191 1190 ut
221 1151 368 1190 dictum
400 1157 471 1190 est.

554 1287 706 1330 CAPUT
738 1288 809 1330 XI.

16 1374 76 1412 Be
113 1374 230 1412 annis
262 1373 538 1420 Mathusalae,
577 1375 691 1411 cuius
729 1377 841 1411 aetas
879 1374 1200 1421 quattuordecim
1232 1375 1350 1412 annis

374 1433 562 1470 diluvium
594 1433 751 1470 videtur
783 1433 991 1470 excedere.

133 1512 209 1551 Per
240 1512 338 1551 hanc
372 1517 500 1551 autem
540 1513 839 1562 discrepantiam
872 1512 1139 1551 Hebraeorum
1172 1512 1351 1551 codicum

17 1577 132 1622 atque
170 1577 396 1609 nostrorum
435 1572 610 1609 exoritur
647 1570 711 1608 illa
749 1572 1005 1608 famosissima
1044 1572 1240 1622 quaesti0,
1284 1570 1351 1609 ubi

17 1629 269 1667 Mathusalam
318 1630 629 1679 quattuordecim
676 1640 797 1666 annos
841 1629 982 1666 vixisse
1033 1634 1121 1678 post
1165 1628 1351 1666 diluvium

18 1692 266 1739 conputatur,
298 1699 386 1725 cum
420 1688 613 1737 scriptura
645 1698 691 1724 ex
724 1686 917 1737 omnibus,
949 1688 1016 1736 qui
1047 1688 1085 1724 in
1119 1692 1223 1724 terra
1256 1692 1349 1725 tunc

18 1746 191 1795 fuerant,
223 1745 326 1783 solos
358 1750 445 1783 octo
477 1744 654 1782 homines
685 1746 724 1782 in
758 1756 845 1782 arca
878 1745 1038 1782 exitium
1071 1750 1351 1783 commemoret

18 1805 184 1842 evasisse
224 1802 372 1853 diluvii,
410 1804 449 1841 in
492 1802 632 1853 quibus
664 1802 917 1840 Mathusalam
949 1814 1026 1840 non
1058 1803 1140 1841 fuit.
1205 1802 1349 1841 Secun-

18 1861 110 1900 dum
136 1861 290 1899 codices
316 1862 419 1899 enim
445 1866 601 1899 nostros
632 1860 885 1899 Mathusalam
916 1862 1143 1911 priusquam
1175 1862 1352 1911 gigneret

18 1919 138 1971 illum,
170 1931 285 1969 quem
312 1920 460 1957 vocavit
484 1918 662 1971 Lamech,
694 1920 787 1957 vixit
812 1930 932 1957 annos
965 1924 1121 1957 centum
1154 1921 1351 1969 sexaginta

19 1983 186 2029 septem3
219 1977 358 2015 deinde
385 1979 467 2027 ipse
495 1976 673 2028 Lamech,
706 1982 911 2027 antequam
939 1989 984 2014 ex
1012 1977 1075 2014 illo
1102 1982 1214 2015 natus
1248 1983 1352 2016 esset

19 2035 118 2087 Noe,
158 2036 252 2074 vixit
289 2047 410 2073 annos
449 2041 605 2073 centum
638 2037 831 2085 octoginta
865 2041 971 2086 octo,
1009 2037 1076 2084 qui
1108 2035 1205 2073 fiunt
1237 2035 1351 2073 simul

19 2095 187 2132 trecenti
241 2094 519 2144 quinquaginta
577 2094 767 2145 quinque3
821 2093 881 2131 his
938 2092 1133 2131 adduntur
1183 2095 1352 2132 sescenti

114 2245 134 2276 2
160 2242 198 2276 et
221 2240 381 2284 quinque
408 2251 427 2275 v
457 2241 469 2284 ΙΙ
503 2244 522 2274 3
549 2239 795 2274 Mathusalem
819 2250 840 2274 v
864 2241 877 2284 ss
905 2244 948 2275 10
974 2240 1176 2274 matusalae
1210 2239 1356 2274 VRAF

19 2289 154 2332 (progr.
178 2299 214 2332 p.
242 2291 320 2331 19);
347 2286 596 2321 Mathusalem
620 2298 640 2320 v
659 2288 671 2330 Η
692 2291 732 2321 13
758 2297 918 2330 namque
954 2287 1076 2329 VAF,-
1100 2298 1186 2321 nam
1212 2286 1268 2320 Rv

1377 754 1420 785 10

1379 1045 1420 1075 15

1376 1440 1421 1471 20

1377 1754 1420 1784 25

1377 2045 1421 2075 30
