1611 2465
107 717 147 747 10

105 1009 146 1039 15

104 1301 147 1331 20

105 1593 147 1622 25

105 1886 148 1916 30

171 86 258 126 460
719 94 744 119 S.
764 93 983 120 AUGUSTIM

172 186 335 234 piosque
363 184 585 234 significans
613 182 842 233 recapitulat
868 182 914 220 ab
943 184 1052 220 initio
1079 184 1241 233 gratiam
1274 184 1362 220 novi
1393 187 1509 221 testa-

172 244 294 280 menti
332 255 351 279 a
390 244 516 292 primo
550 241 759 279 Salvatoris
798 241 965 279 adventu
1004 253 1129 291 usque
1163 241 1207 278 ad
1242 240 1422 279 ultimum
1453 243 1509 279 iu-

173 301 334 347 dicium,
372 300 419 338 de
460 313 536 350 quo
575 313 679 338 nunc
717 301 887 350 agimus,
928 299 1149 350 perducens
1181 301 1397 350 finiensque
1430 311 1509 338 ser—

172 372 338 398 monem.
401 358 541 396 Narrat
583 371 748 409 namque
788 358 995 396 Dominum
1033 358 1163 396 dicere
1205 370 1246 396 se
1280 360 1430 409 venire,
1467 364 1511 396 ut

174 423 385 467 congreget
416 429 551 455 omnes
583 424 738 469 gentes,
776 429 918 467 easque
959 422 1142 454 venturas
1175 422 1213 455 et
1245 418 1394 454 visuras
1426 417 1510 455 eius

172 476 344 525 gloriam.
413 476 553 515 Omnes
585 478 709 522 enlm,
743 477 844 514 sicut
876 475 969 513 (licit
1001 475 1210 526 apostolus,
1237 480 1513 524 peccaverunt

173 540 210 572 et
248 538 364 582 essent
401 537 535 582 qlore'a
577 535 661 573 Dei.
724 533 771 572 Et
810 534 1038 571 relicturum
1079 546 1120 571 se
1160 534 1252 572 dicit
1294 546 1412 584 super
1444 545 1511 571 eos

173 595 293 643 signa,
320 604 417 642 quae
446 594 580 643 utique
608 594 794 630 mirantes
821 592 982 630 credant
1006 594 1044 630 in
1072 604 1178 643 eum3
1213 598 1250 630 et
1276 594 1511 630 emissurum

175 663 220 688 ex
252 651 327 688 illis
367 650 532 689 salvatos
571 652 610 689 in
648 657 785 701 gentes
817 651 990 689 diversas
1023 656 1061 688 et
1092 650 1322 701 longinquas
1353 650 1511 702 insulas,

175 722 272 760 quae
325 722 402 747 non
452 709 662 747 audierunt
712 721 853 747 nomen
904 711 988 747 eius
1032 721 1158 759 neque
1202 709 1384 747 viderunt
1427 711 1511 747 eius

173 768 351 818 gloriam3
403 773 442 806 et
492 768 790 806 adnuntiaturos
831 767 993 818 gloriam
1039 769 1123 805 eius
1165 761 1428 817 ingentibus
1472 774 1511 805 et

173 826 410 864 adducturos
442 827 583 864 fratres
623 828 807 877 istorum,
848 826 991 876 quibus
1022 825 1272 877 loquebatur,
1309 825 1347 863 id
1381 831 1440 864 est
1471 827 1510 864 in

174 886 247 923 fide
293 884 365 922 sub
407 884 486 922 Deo
528 884 641 923 Patre
688 886 827 922 fratres
867 884 1130 922 Israelitarum
1172 884 1403 935 electoi‘um3
1447 884 1510 922 ad-

173 943 362 981 ducturos
402 949 531 981 autem
570 956 615 981 ex
654 943 835 981 omnibus
873 942 1054 993 gentibus
1094 955 1235 981 munus
1267 942 1430 980 Domino
1471 944 1510 980 in

174 1003 358 1039 iumentis
391 1007 429 1039 et
461 1001 649 1039 vehiculis
692 997 809 1053 (quae
841 1003 1013 1039 iumenta
1047 1008 1084 1039 et
1116 1001 1290 1039 vehicula
1322 1001 1421 1039 bene
1453 1002 1509 1039 in-

174 1060 412 1110 telleguntur
463 1060 652 1097 adiutoria
704 1072 789 1097 esse
834 1060 961 1097 divina
1006 1072 1076 1109 per
1120 1053 1309 1109 cuiusque
1355 1061 1510 1110 generis

173 1120 388 1156 ministeria
421 1118 506 1169 Dei,
540 1118 598 1156 vel
630 1118 801 1168 angelica
835 1118 891 1155 vel
924 1114 1110 1169 humana)
1143 1120 1181 1155 in
1216 1123 1386 1156 sanctam
1420 1119 1509 1156 civi-

173 1183 293 1215 tatem
326 1176 590 1227 Hierusalem,
623 1188 720 1226 quae
754 1189 857 1214 nune
890 1177 928 1213 in
962 1178 1104 1214 sanctis
1138 1176 1316 1214 fidelibus
1349 1183 1408 1214 est
1439 1177 1508 1214 dis-

174 1238 258 1273 l'usa
291 1247 361 1285 per
394 1241 529 1272 terras.
595 1234 665 1272 Ubi
698 1236 800 1272 euim
833 1234 1017 1272 divinitus
1049 1234 1300 1285 adiuvantur,
1342 1235 1394 1273 ibi
1427 1247 1508 1272 cre-

174 1294 282 1345 dunt,
315 1298 354 1331 et
379 1292 446 1331 ubi
473 1293 650 1344 credunt,
681 1292 731 1330 ibi
760 1294 931 1330 veniunt.
994 1291 1237 1343 Comparavit
1263 1299 1390 1331 autem
1423 1293 1510 1331 illos

175 1352 362 1390 Dominus
400 1358 596 1401 tamquam
636 1363 706 1401 per
747 1351 1041 1389 similitudinem
1073 1351 1160 1388 liliis
1193 1350 1311 1388 Israel
1344 1352 1508 1389 offeren-

174 1410 279 1449 tibus
321 1411 356 1448 ei
400 1422 489 1447 suas
527 1409 674 1447 hostias
712 1422 799 1447 cum
839 1409 996 1459 psalmis
1034 1410 1073 1447 in
1113 1409 1226 1447 domo
1265 1411 1367 1461 eius,
1405 1409 1508 1460 quod

176 1469 319 1518 ubique
365 1470 439 1505 iam
485 1469 576 1506 facit
619 1468 799 1519 ecelesia3
845 1473 884 1505 et
927 1469 1105 1518 promisit
1146 1467 1192 1505 ab
1231 1469 1326 1518 ipsis
1364 1480 1405 1506 se
1448 1480 1507 1505 ac-

175 1534 382 1578 cepturum
424 1526 496 1564 sibi
536 1526 758 1564 sacerdotes
796 1532 834 1564 et
872 1525 1043 1577 Levitas3
1086 1526 1188 1576 quod
1228 1526 1347 1564 nihilo
1380 1528 1510 1564 minus

174 1588 258 1623 lieri
292 1597 395 1623 nunc
433 1585 618 1623 videmus.
680 1584 765 1622 Non
805 1586 908 1622 enim
941 1597 984 1622 ex
1018 1597 1160 1635 genere
1193 1587 1320 1622 carnis
1353 1591 1392 1623 et
1423 1597 1509 1623 san-

174 1646 314 1694 guiniS,
346 1645 448 1681 sicut
480 1649 563 1681 erat
594 1645 763 1694 primum
796 1643 1011 1681 secundum
1044 1643 1221 1681 ordinem
1253 1644 1398 1694 Aaron3
1430 1643 1511 1694 sed,

175 1704 276 1741 sicut
313 1701 518 1752 oportebat
555 1703 594 1739 in
633 1707 866 1739 testamento
898 1713 1015 1752 non
1052 1701 1120 1739 ubi
1159 1702 1374 1739 secundum
1407 1701 1508 1740 ordi-

175 1773 264 1799 nem
309 1760 593 1798 Melchisedech
642 1772 816 1798 summus
861 1759 1042 1797 sacerdos
1087 1765 1146 1797 est
1190 1759 1389 1811 Christus,
1437 1772 1509 1811 pro

176 1822 366 1869 cuiusque
410 1820 580 1865 merito,·
613 1818 715 1868 quod
758 1820 797 1856 in
837 1830 926 1856 eum
964 1820 1086 1868 gratia
1124 1817 1248 1856 divina
1288 1818 1510 1870 contulerit,

176 1879 399 1916 sacerdotes
443 1882 481 1914 et
521 1875 673 1914 Levitas
712 1876 801 1925 eligi
844 1888 948 1914 nuno
987 1877 1178 1927 videmus3
1217 1878 1281 1926 qui
1318 1888 1395 1914 non
1433 1878 1508 1914 isto

175 1938 349 1987 nomine,
393 1935 496 1985 quod
535 1947 649 1985 saepe
688 1935 956 1984 adsequuntur
994 1934 1162 1985 indigui,
1207 1934 1273 1972 sed
1307 1946 1368 1985 ea,
1410 1946 1509 1985 quae

175 2007 251 2033 non
274 2001 332 2033 est
358 1994 471 2032 bonis
492 1993 679 2043 malisque
707 1994 935 2043 communis,
961 1995 1164 2030 sanctitate
1191 1993 1378 2043 pensandi
1405 1999 1508 2031 sunt.

271 2085 303 2126 ἵ)
330 2084 433 2117 Rom.
461 2086 493 2124 3,
519 2086 574 2116 23.
629 2084 684 2125 18)
710 2082 805 2116 Esai.
834 2086 888 2124 (56,
918 2085 959 2115 17
987 2093 1063 2125 sqq.
1114 2083 1171 2125 ⁶28)
1197 2081 1253 2117 Ps.
1285 2086 1360 2125 109,
1386 2086 1418 2117 4.

269 2216 288 2244 9
315 2210 534 2254 longinquas
560 2210 648 2244 R¹A
674 2210 755 2250 (rol.
785 2210 820 2252 I,
846 2212 931 2252 402,
958 2213 1042 2252 29ss
1069 2209 1106 2243 in
1133 2210 1229 2254 long.
1256 2221 1276 2244 v
1307 2212 1319 2254 ΙΙ
1350 2215 1392 2245 28
1419 2210 1507 2245 mel·

175 2258 341 2292 chisedee
367 2258 402 2291 R
428 2259 576 2300 itemque
600 2258 744 2300 saepius

1595 569 1598 586 s.
1591 178 1603 555 .--—..--—..-„---⁴>
