1611 2465
171 108 257 148 442
706 115 733 142 s.
755 114 972 141 AUGUSTIM

173 208 403 257 adfuerunt3
442 217 547 244 mors
585 217 676 243 vero
716 211 755 243 et
791 205 969 243 infernus
1013 205 1286 257 reddiderunt,
1328 208 1512 256 quoniam

173 268 285 318 vitae,
318 266 364 304 de
397 277 471 315 qua
503 266 579 302 iam
611 265 803 315 exierant,
835 269 1080 303 revocarunt.
1141 263 1222 302 Nec
1255 265 1401 303 frustra
1434 265 1510 303 for-

176 333 275 364 tasse
317 335 395 361 non
437 324 530 361 satis
568 323 640 361 fuit
681 328 724 361 ut
763 322 913 360 diceret
949 334 1055 361 mors
1092 329 1157 361 aut
1196 322 1399 372 infernus,
1445 323 1512 362 sed

174 389 387 433 utrumqne
430 382 577 420 dictum
609 387 688 419 est:
721 393 826 419 mors
857 386 1019 432 propter
1056 380 1198 433 bonos,
1239 383 1307 432 qui
1345 388 1512 420 tantum-

128 450 148 480 5
175 442 289 480 modo
321 446 489 479 mortem
520 441 673 491 perpeti
704 445 935 491 potuerunt,
968 452 1045 478 non
1078 446 1116 478 et
1147 440 1362 492 infernum3
1394 441 1512 478 infer-

176 513 250 539 nus
282 506 411 538 autem
444 504 605 550 propter
638 498 776 550 malos,
809 500 875 549 qui
908 499 1022 536 etiam
1054 511 1200 549 poenas
1232 499 1333 550 apud
1365 499 1514 537 inferos

176 558 363 610 pendunt.
435 557 476 595 Si
517 559 620 595 enim
661 569 739 595 non
781 556 947 595 absurde
990 557 1097 595 credi
1138 556 1292 596 videtur
1335 559 1515 608 antiquos

177 619 292 656 etiam
325 622 499 668 sanctos,
537 618 604 666 qui
636 617 790 653 venturi
824 615 968 654 Christi
1001 621 1214 654 tenuerunt
1245 616 1379 668 fidem,
1420 616 1515 654 locis

177 676 333 727 quidem
367 688 387 713 a
419 676 625 713 tormentis
657 675 867 725 impiorum
901 675 1191 726 remotissimis,
1224 675 1291 713 sed
1325 675 1425 726 apud
1458 676 1515 713 in-

109 743 150 773 10
178 736 280 773 feros
307 735 440 785 fuisse,
473 733 597 771 donec
624 745 690 771 eos
723 733 812 770 inde
839 732 984 771 Christi
1017 735 1174 783 sangnis
1206 739 1245 772 et
1276 733 1322 772 ad
1355 746 1400 772 ea
1431 734 1515 771 loca

177 794 391 832 descensus
429 797 608 844 erueret,
645 792 821 842 profecto
863 791 1047 842 deinceps
1085 791 1178 830 honi
1214 791 1349 830 fideles
1391 793 1514 830 effuso

177 852 241 890 illo
274 853 400 902 pretio
438 853 515 889 iam
556 850 749 901 redempti
780 862 943 901 prorsus
974 850 1122 888 inferos
1154 852 1353 902 nesciunt,
1392 851 1517 889 donec

178 913 295 949 etiam
328 911 498 960 receptis
530 909 762 960 corporibus
795 908 893 947 bona
926 910 1138 961 recipiant,
1171 922 1269 960 quae
1302 916 1515 948 merentur.

179 970 275 1008 Cum
315 975 445 1007 antem
484 968 661 1006 dixisset:
700 968 752 1005 Et
789 969 962 1006 iudicati
995 972 1091 1006 sunt
1119 970 1271 1015 simule·
1299 970 1518 1007 secundum

111 1037 152 1066 15
175 1028 291 1077 facta
323 1040 409 1074 succ,
440 1026 613 1065 breviter
645 1026 828 1078 subiecit,
862 1038 977 1076 quem
1011 1026 1056 1063 ad
1090 1026 1249 1064 modum
1282 1027 1430 1065 fuerint
1460 1028 1517 1065 iu-

180 1087 313 1125 dicati:
347 1087 398 1124 Et
422 1097 528 1124 mors
555 1090 592 1123 et
617 1084 811 1133 infernus,
844 1086 982 1136 inquit,
1014 1087 1126 1123 missi
1147 1090 1242 1123 sunt
1266 1087 1307 1123 in
1333 1090 1520 1134 staqnum

181 1148 295 1194 ipsuis,
328 1145 388 1182 his
415 1143 639 1182 nominibus
672 1144 893 1193 significans
926 1143 1133 1195 diabolum,
1166 1145 1349 1194 qnoniam
1381 1145 1519 1182 mortis

181 1210 239 1242 est
278 1208 414 1242 auctor
456 1208 494 1240 et
525 1202 767 1239 infernarum
800 1213 1032 1253 poenarum,
1070 1203 1371 1252 universamque
1404 1201 1521 1240 simul

181 1263 413 1301 daemonnm
441 1262 677 1299 societatem.
740 1259 823 1298 Hoc
850 1266 909 1298 est
941 1261 1044 1298 enim
1078 1260 1181 1310 qnod
1215 1272 1332 1311 supra
1365 1261 1519 1299 eviden-

111 1330 154 1360 20
181 1323 258 1359 tius
290 1319 613 1372 praeoccupando
645 1320 720 1356 iam
751 1318 917 1357 dixerat:
950 1319 1001 1357 Et
1033 1320 1225 1366 diabolus,
1258 1321 1328 1367 qui
1355 1321 1519 1358 seduce-

182 1382 251 1418 bat
282 1391 357 1426 eos,
390 1381 530 1416 missus
556 1382 614 1416 est
640 1379 679 1415 2'72
711 1382 896 1425 stafflzum
929 1379 1032 1425 {quis
1064 1382 1101 1415 et
1131 1379 1346 1426 sulphuris.
1409 1377 1521 1423 Quod

181 1450 273 1476 vero
313 1437 365 1475 ibi
406 1436 612 1474 obscurius
654 1435 883 1474 adiunxerat
920 1435 1071 1474 dicens:
1122 1437 1206 1482 Quo
1244 1441 1282 1475 et
1319 1437 1446 1475 bestia
1485 1441 1523 1476 et

176 1497 549 1546 psezuloprophela‚
594 1494 657 1532 hic
695 1496 884 1544 apertius:
917 1495 970 1532 Et
1005 1497 1076 1542 qui
1111 1506 1190 1533 non
1230 1500 1341 1542 sunt,
1382 1496 1521 1546 inquit,

184 1557 335 1594 inventi
359 1556 397 1592 2'72
426 1555 528 1592 libro
554 1555 659 1592 vitae
682 1555 835 1601 scripti,
868 1555 978 1591 missi
1000 1557 1094 1591 sunt
1118 1555 1158 1591 in
1190 1559 1374 1601 staqnum
1407 1556 1520 1601 iynis.

113 1622 156 1652 25
184 1613 270 1652 Non
302 1613 425 1651 Deum
465 1611 562 1649 liber
599 1613 673 1649 iste
712 1616 1006 1663 commemorat,
1044 1623 1093 1649 ne
1126 1611 1319 1650 oblivione
1352 1611 1522 1664 fallatur3

185 1672 253 1710 sed
298 1671 691 1722 praedestinationem
737 1670 928 1720 significat
972 1682 1128 1722 eorum,
1179 1670 1321 1720 quibus
1365 1676 1522 1709 aeterna

185 1730 340 1769 dabitur
383 1731 471 1767 vita.
533 1729 668 1779 Neque
713 1730 816 1767 enim
858 1730 984 1767 nescit
1030 1740 1097 1766 eos
1135 1727 1238 1767 Deus
1284 1733 1323 1767 et
1368 1730 1408 1767 in
1449 1728 1522 1767 hoc

185 1788 284 1827 libro
322 1788 484 1839 legitur,
522 1793 567 1825 ut
595 1789 721 1838 ‚sciat3
760 1787 828 1825 sed
865 1788 996 1838 potius
1034 1788 1116 1837 ipsa
1149 1788 1233 1825 eius
1264 1788 1523 1837 praescientia

186 1847 233 1885 de
260 1847 347 1898 illis,
380 1858 478 1896 qnae
506 1845 582 1883 salli
609 1857 685 1883 non
713 1851 854 1897 potest,
886 1845 985 1883 liber
1017 1851 1076 1883 est
1108 1846 1218 1896 vitae,
1249 1846 1289 1883 in
1321 1857 1398 1896 quo
1431 1851 1522 1884 sunt

116 1915 160 1945 30
187 1907 335 1956 scripti,
367 1905 405 1943 id
438 1910 498 1942 est
529 1910 616 1942 ante
649 1905 900 1954 praecogniti.

282 2019 340 2059 24)
367 2018 480 2061 Apoc.
508 2020 563 2059 20,
592 2020 634 2049 14
660 2027 711 2059 sq.

189 2194 207 2228 b
283 2151 325 2226 21l
354 2146 510 2226 sublpuris
536 2144 572 2178 R
608 2146 620 2189 ΙΙ
657 2148 700 2179 26
733 2144 868 2189 legitur
894 2143 966 2178 ΒΑ
990 2145 1051 2186 (ab
1078 2145 1216 2189 angelis
1241 2144 1318 2179 Deo
1343 2145 1524 2179 servienti-

214 2204 287 2236 ως),-
329 2204 387 2237 egl
429 2202 449 2226 υ
