1611 2465
152 693 193 723 10

151 986 192 1016 15

149 1280 193 1310 20

149 1867 192 1895 30

222 57 306 97 1s4
734 82 740 88 .
759 68 785 93 s.
805 67 1021 94 Auous'rmI

221 162 260 194 et
285 168 362 194 non
388 159 427 195 in
455 170 499 194 eo
532 168 691 207 magnae
725 158 782 194 rei
813 159 1042 207 mysterium
1069 163 1337 210 quaereretur,
1369 160 1551 210 superius

220 215 411 265 praedixit
452 217 662 265 scriptura:
714 216 763 252 Et
802 220 891 253 erat
931 216 1038 253 Esau
1077 217 1189 254 homo
1230 219 1360 255 sciens
1400 221 1550 265 venari,

221 277 414 321 aqrestis;
460 275 581 312 Iacob
620 279 751 312 autem
789 275 902 312 homo
939 277 1122 323 simplex,
1167 276 1352 313 habitans
1384 277 1549 314 domum.

222 332 302 370 Hoc
343 334 468 370 nostri
509 332 665 382 quidam
705 334 952 382 interpretati
992 339 1083 371 sunt
1112 334 1226 384 „sine
1272 330 1399 372 dolo“.
1463 334 1550 373 Sive

221 396 350 429 autem
381 392 489 442 „sine
510 387 622 429 dolo“
654 392 732 429 sive
757 387 969 442 „simplex“
988 393 1068 430 sive
1093 393 1223 443 potius
1243 393 1349 443 „sine
1371 390 1552 431 fictione“

221 450 384 500 dicatur,
417 449 519 499 quod
553 455 611 488 est
637 449 782 487 Graece
814 443 1047 496 ἅπλαστοςι
1079 452 1165 500 quis
1198 458 1257 488 est
1287 452 1327 488 in
1359 452 1432 490 ista
1463 464 1549 503 per-

221 508 397 558 cipienda
429 507 699 546 benedictione
734 508 844 546 dolus
876 508 1044 546 hominis
1077 511 1158 546 sine
1192 507 1309 547 dolo?
1362 509 1458 555 Quis
1491 517 1551 549 est

221 566 332 605 dolus
364 566 563 618 simplicis,
595 579 692 617 quae
720 568 823 605 fictio
851 579 928 605 non
948 569 1184 618 mentientis,
1219 569 1291 606 nisi
1312 569 1551 618 profundum

220 627 449 676 mysterium
487 623 690 664 veritatis?
752 626 836 676 lpsa
874 632 1003 664 autem
1041 625 1260 664 benedictio
1298 627 1423 677 qualis
1462 625 1552 666 est?

221 685 344 731 Ecce,
388 686 531 736 inquit,
575 686 674 723 odor
707 687 785 731 filii
821 687 897 722 mei
934 690 1133 733 tamquam
1171 687 1270 724 odor
1309 688 1403 733 [tyri
1429 688 1551 735 pleni,

220 755 334 790 quem
367 744 573 781 benedixit
591 744 791 781 Dome'nus.
838 744 888 781 Ec
920 745 984 782 det
1015 745 1089 781 te'hz'
1108 745 1215 782 Deus
1247 746 1296 782 de
1328 756 1422 782 rore
1448 747 1555 783 caeli

220 807 257 840 et
288 804 336 840 de
368 803 551 840 ubertate
582 807 719 840 terrae
759 807 797 840 et
827 804 1116 840 mulle'mde'nem
1151 801 1347 850 frumenti
1383 808 1422 841 et
1458 806 1550 851 vini,

220 866 258 899 et
287 863 466 899 serviem!
497 862 569 898 tibi
605 866 743 908 flentes
784 865 821 899 et
861 862 1031 899 adorent
1071 867 1108 899 te
1142 863 1352 910 principes
1385 867 1423 900 et
1448 864 1552 908 fiere

220 921 400 957 dominus
428 919 577 966 fratris
608 922 667 957 ίιιὶ
697 924 734 957 et
765 920 995 957 adorabunt
1026 924 1062 958 le
1089 922 1168 966 filie·
1193 912 1424 968 palris'tm'.
1475 922 1555 967 Qui

219 980 475 1016 maledixeris
507 983 560 1024 te,
592 979 847 1022 rlzaledleluae
892 984 929 1015 et
959 980 1029 1025 qui
1058 979 1311 1016 benedioeerit
1341 983 1395 1027 te,
1435 978 1549 1018 bene-

220 1039 360 1075 dictus.
422 1036 646 1074 Benedictio
678 1038 797 1083 igitur
828 1036 941 1074 Iacob
974 1037 1209 1086 praedicatio
1244 1043 1302 1074 est
1335 1036 1478 1075 Christi
1511 1040 1550 1076 in

220 1094 400 1132 omnibus
432 1094 623 1145 gentibus.
674 1094 756 1132 Hoc
789 1096 840 1142 lit,
873 1094 945 1132 hoc
978 1096 1115 1145 agitur.
1166 1094 1244 1132 Lex
1278 1100 1316 1133 et
1347 1096 1550 1146 prophetia

220 1158 280 1191 est
310 1153 432 1204 Isaac;
466 1155 579 1191 etiam
611 1165 682 1204 per
713 1166 756 1190 os
789 1153 1020 1191 ludaeorum
1047 1153 1224 1191 Christus
1257 1153 1303 1191 ab
1336 1153 1397 1191 illa
1430 1154 1546 1193 bene-

220 1212 374 1263 dicitur,
406 1212 511 1249 velut
543 1224 562 1249 a
595 1213 805 1263 nesciente,
839 1213 926 1261 quia
959 1213 1040 1262 ipsa
1073 1213 1257 1250 nescitur.
1321 1211 1449 1250 Odore
1483 1226 1549 1251 no-

220 1272 334 1308 minis
356 1270 510 1321 Christi,
542 1272 643 1308 sicut
670 1283 772 1321 ager,
805 1270 974 1308 mundus
1002 1270 1203 1321 impletur3
1237 1272 1321 1308 eius
1348 1276 1407 1309 est
1432 1271 1548 1310 bene-

220 1329 336 1367 dictio
369 1329 415 1366 de
448 1341 535 1366 rore
569 1329 682 1380 caeli,
725 1329 798 1367 hoc
831 1335 890 1367 est
922 1328 967 1366 de
1001 1328 1210 1367 verborum
1244 1329 1371 1379 pluvia
1404 1329 1548 1368 divino-

219 1399 324 1439 rum,
357 1393 395 1425 et
426 1387 473 1425 de
507 1387 683 1425 ubertate
718 1394 862 1438 terrae,
894 1387 967 1424 hoc
1000 1393 1060 1425 est
1093 1389 1395 1437 congregatione
1426 1401 1546 1439 popu-

218 1446 363 1497 lorum3
395 1447 479 1484 eius
512 1452 571 1484 est
604 1445 809 1484 multitudo
843 1446 1029 1484 frumenti
1062 1451 1102 1484 et
1134 1447 1223 1497 vini,
1256 1446 1328 1484 hoc
1361 1452 1422 1485 est
1452 1447 1549 1485 mul-

219 1504 344 1542 titudo
384 1516 498 1555 quam
537 1504 681 1555 colligit
718 1505 955 1542 frumentum
996 1510 1034 1542 et
1071 1506 1202 1542 vinum
1235 1506 1272 1542 in
1307 1513 1549 1543 sacramento

220 1565 397 1614 corporis
441 1565 524 1601 eius
570 1568 608 1601 et
651 1564 859 1613 sanguinis.
931 1562 976 1601 Ei
1015 1564 1189 1601 serviunt
1225 1569 1378 1615 gentes,
1421 1565 1549 1614 ipsum

219 1622 380 1660 adorant
423 1623 631 1672 principes.
704 1621 789 1672 Ipse
835 1628 894 1659 est
937 1621 1116 1659 dominus
1165 1622 1295 1660 fratris
1339 1623 1417 1674 sui,
1461 1624 1549 1673 quia

218 1680 386 1731 populus
412 1682 495 1718 eius
522 1680 742 1718 dominatur
770 1680 930 1718 ludaeis
976 1680 1104 1730 Ipsum
1138 1680 1299 1718 adorant
1329 1680 1396 1718 filii
1427 1682 1550 1731 patris

219 1740 315 1790 eius,
348 1739 420 1776 hoc
453 1744 512 1776 est
545 1738 611 1776 filii
643 1738 816 1776 Abrahae
850 1739 1064 1777 secundum
1097 1739 1228 1790 fidem3
1275 1740 1363 1789 quia
1397 1744 1435 1777 et
1465 1740 1548 1790 ipse

219 1797 320 1835 tilius
341 1802 400 1835 est
420 1797 592 1835 Abrahae
614 1797 829 1835 secundum
850 1809 1017 1835 carnem.
1050 1797 1179 1847 Ipsum
1207 1798 1272 1847 qui
1295 1797 1548 1849 maledixerit,

220 1856 465 1907 maledictus,
506 1861 545 1893 et
577 1857 641 1906 qui
675 1855 934 1906 benedixerit,
966 1854 1195 1893 benedictus
1227 1861 1296 1893 est.
1358 1854 1549 1907 Christus,

220 1916 388 1966 iuquam,
422 1920 554 1952 noster
581 1915 697 1952 ctiam
719 1927 764 1951 ex
786 1927 851 1952 ore
873 1914 1104 1952 ludaeorum
1125 1915 1299 1964 quamvis
1320 1916 1548 1965 errantium,

219 1973 286 2011 sed
320 1978 447 2011 tamen
480 1972 603 2023 legem
636 1973 922 2023 prophetasque
956 1973 1193 2010 cantantium
1221 1971 1478 2024 benedicitur,
1510 1971 1547 2010 id

220 2036 279 2069 est
311 2032 500 2069 veraciter
532 2031 692 2081 dicitur3
725 2037 764 2069 et
796 2031 892 2069 alius
918 2030 1097 2069 benedici
1124 2036 1294 2082 putatur,
1326 2032 1392 2081 qui
1419 2030 1465 2069 ab
1493 2032 1548 2068 eis

312 2112 346 2141 ,Ἣ
374 2109 462 2143 Gen.
489 2113 544 2152 25,
571 2112 625 2143 27.
681 2112 736 2151 10)
764 2109 850 2143 Gen.
880 2112 934 2150 27,
962 2112 1004 2142 27
1032 2120 1108 2151 sqq.

311 2195 331 2225 2
358 2192 396 2225 eb
419 2201 482 2225 om.
508 2201 528 2225 v
557 2191 569 2234 Η
597 2194 637 2224 13
664 2190 749 2224 fiere
774 2201 862 2231 mss;
887 2190 953 2224 fias
981 2201 997 2224 t·
1029 2191 1041 2233 Η
1071 2194 1114 2224 *22
1141 2189 1185 2223 de
1212 2200 1333 2234 congr.
1359 2200 1379 2224 v
1403 2189 1485 2231 (vol.
1511 2189 1549 2232 1,

217 2241 302 2279 402,
328 2240 394 2280 29)
