1611 2465
81 731 122 762 10

82 1024 124 1055 15

83 1316 126 1347 20

86 1606 129 1637 25

87 1898 131 1929 30

141 98 228 138 494
683 103 710 129 s.
730 102 946 129 AUGUSTINI

143 197 376 236 desierimus
401 193 587 233 nonnulla
613 193 758 243 mirari,
791 203 888 242 quae
915 191 961 229 ad
988 203 1060 230 nos
1091 197 1306 242 potuerunt
1338 190 1479 227 miran-

143 255 190 294 da
220 254 394 306 perduci.

262 313 514 351 Adamantem
551 309 718 361 lapidem
757 307 869 347 multi
913 307 1014 359 apud
1046 320 1117 346 nos
1148 307 1292 346 habent
1332 312 1371 346 et
1402 317 1479 344 ma·

144 374 247 411 xime
286 370 465 409 aurifices
502 369 833 419 insignitoresque
870 378 1129 417 gemmarum,
1167 368 1234 416 qui
1271 365 1367 416 lapis
1408 376 1481 403 nec

147 431 250 469 ferro
278 441 350 467 nec
376 429 458 479 igni
483 439 555 466 nec
582 426 652 465 alia
679 427 715 464 vi
741 425 818 465 ulla
843 424 1073 476 perhibetur
1098 430 1254 475 praeter
1286 424 1482 462 hircinum

148 489 378 538 sanguinem
414 487 528 524 vinci.
591 484 667 523 Sed
707 486 774 535 qui
813 496 902 523 eum
939 483 1083 522 habent
1120 489 1235 534 atque
1277 486 1483 533 noverunt,

148 545 337 596 numquid
362 546 416 584 ita
441 545 634 582 mirantur
660 548 702 581 ut
734 542 785 594 hi,
818 541 959 594 quibus
991 543 1162 592 primum
1193 542 1366 592 potentia
1398 542 1483 578 eius

148 601 396 643 ostenditur?
457 601 609 648 Quibus
647 606 777 640 autem
813 612 892 639 non
931 599 1168 651 ostenditur,
1207 599 1372 638 fortasse
1411 610 1483 636 nec

149 663 331 713 credunt,
364 667 431 700 aut
463 662 495 699 si
527 659 709 711 credunt,
750 661 954 709 inexperta
985 659 1194 709 mirantur3
1227 664 1266 696 et
1297 659 1328 696 si
1362 658 1483 696 conti-

149 723 251 772 gerit
283 721 470 772 experiri,
508 718 633 757 adhuc
667 717 824 768 quidem
856 718 1049 755 mirantur
1080 716 1252 767 insolita,
1291 715 1358 754 sed
1392 716 1484 753 assi-

150 780 277 819 duitas
316 777 542 830 experiendi
580 776 764 828 paulatim
812 774 1006 815 subtrahit
1044 774 1309 813 admirationis
1349 775 1484 812 incita-

149 845 336 877 mentum.
397 836 614 887 Magnetem
640 834 807 886 lapidem
832 835 1011 873 novimus
1036 832 1252 871 mirabilem
1279 833 1374 871 ferri
1400 844 1486 870 esse

150 903 365 948 raptorem,
405 895 507 945 quod
547 905 636 933 cum
672 894 844 944 primum
882 892 976 943 vidi,
1015 891 1266 930 vehementer
1297 890 1488 929 inhorrui.

151 955 303 1006 Quippe
336 953 544 992 cernebam
577 964 597 990 a
627 951 752 1002 lapide
790 952 964 990 ferreum
996 950 1154 988 anulum
1186 955 1340 1001 raptum
1371 954 1487 999 atque

152 1024 405 1064 suspensum3
446 1011 585 1050 deinde
627 1016 822 1060 tamquam
862 1011 984 1060 ferro,
1025 1008 1128 1059 quod
1166 1013 1373 1060 rapuerat,
1411 1008 1489 1045 vim

151 1072 324 1111 dedisset
355 1081 465 1109 suam
503 1080 829 1119 communemque
861 1068 1038 1118 fecisset,
1070 1066 1173 1104 idem
1205 1066 1343 1104 anulus
1376 1065 1489 1104 alteri

152 1131 330 1170 admotus
364 1134 423 1167 est
449 1127 695 1177 eundemque
729 1125 945 1178 suspendit,
979 1131 1094 1175 atque
1128 1129 1171 1163 ut
1201 1124 1263 1162 ille
1296 1126 1404 1175 prior
1435 1123 1488 1162 la-

152 1190 255 1241 pidi,
300 1189 355 1226 sic
397 1186 494 1225 alter
535 1185 673 1224 anulus
715 1186 837 1235 priori
876 1183 991 1222 anulo
1034 1182 1286 1233 cohaerebat3
1325 1183 1490 1221 accessit

153 1247 291 1286 eodem
323 1244 436 1283 modo
463 1245 616 1295 tertius,
648 1244 811 1281 accessit
844 1248 882 1281 et
915 1247 1094 1293 quartus3
1126 1242 1280 1291 iamque
1314 1240 1387 1279 sibi
1418 1252 1489 1292 per

154 1312 289 1344 mutua
333 1302 490 1342 circulis
527 1303 637 1340 nexis
679 1313 757 1339 non
794 1300 1080 1351 implicatorum
1118 1301 1377 1351 intrinsecus,
1422 1299 1490 1337 sed

154 1365 399 1404 extrinsecus
441 1360 735 1399 adhaerentium
774 1360 883 1409 quasi
922 1364 1056 1398 catena
1088 1357 1327 1408 pependerat
1358 1356 1489 1395 anulo-

154 1435 253 1462 rum.
317 1420 412 1466 Quis
444 1421 558 1457 istam
590 1419 773 1456 virtutem
806 1416 943 1468 lapidis
976 1429 1054 1455 non
1087 1421 1276 1467 stuperet,
1307 1427 1404 1466 quae
1437 1414 1492 1453 illi

155 1493 233 1520 non
261 1479 386 1518 solum
412 1480 549 1528 inerat,
580 1488 716 1515 verum
743 1477 858 1514 etiam
890 1488 961 1525 per
993 1480 1050 1513 tot
1081 1486 1271 1524 suspensa
1303 1472 1493 1512 transibat

156 1545 195 1578 et
237 1536 497 1576 invisibilibus
541 1547 586 1574 ea
629 1533 793 1573 vinculis
838 1530 1083 1584 subligabat?
1112 1537 1116 1541 '
1146 1532 1223 1570 Sed
1267 1531 1389 1570 multo
1433 1536 1493 1570 est

157 1596 384 1647 mirabilius,
416 1593 520 1645 quod
552 1605 572 1632 a
605 1593 723 1631 fratre
757 1598 796 1631 et
827 1594 1059 1643 coepiscopo
1090 1602 1177 1629 meo
1211 1589 1354 1628 Severo
1386 1589 1491 1628 Mile—

158 1657 284 1694 vitano
316 1653 363 1692 de
395 1654 470 1691 isto
502 1651 628 1703 lapide
661 1652 845 1701 comperi.
908 1649 958 1688 Se
990 1651 1119 1701 ipsum
1151 1660 1317 1699 namque
1350 1647 1491 1686 vidisse

156 1714 348 1760 narravit,
390 1723 507 1762 quem
545 1710 591 1748 ad
632 1709 790 1748 modum
830 1708 1087 1746 Bathanarius
1129 1706 1324 1758 quondam
1362 1718 1493 1744 comes

156 1772 330 1822 Africae,
368 1781 458 1809 cum
497 1768 599 1820 apud
637 1780 726 1807 eum
759 1768 1030 1805 convivaretur
1063 1768 1287 1817 episcopus,
1325 1764 1494 1803 eundem

157 1829 366 1882 protulerit
414 1827 580 1878 lapidem
629 1833 669 1865 et
718 1827 890 1864 tenuerit
939 1824 1011 1863 sub
1062 1828 1222 1875 argento
1266 1824 1493 1873 ferrumque

158 1900 276 1939 super
321 1891 525 1937 argentum
568 1887 763 1935 posuerit3
808 1883 946 1922 deinde
994 1884 1096 1921 sicut
1138 1880 1274 1920 subter
1317 1879 1495 1919 movebat

159 1958 332 1996 manum,
373 1956 448 1994 qua
480 1943 645 1994 lapidem
688 1941 864 1992 tenebat,
901 1942 954 1979 ita
987 1941 1133 1979 ferrum
1167 1940 1336 1990 desuper
1367 1950 1493 1977 move-

158 2004 285 2056 batur,
313 2009 428 2054 atque
455 2006 615 2052 argento
643 2000 769 2038 medio
797 1998 968 2048 nihilque
996 2000 1165 2049 patiente
1193 1998 1494 2035 concitatissimo

160 2075 279 2102 cursu
323 2073 367 2100 ac
405 2072 571 2098 recursu
612 2059 712 2096 infra
750 2057 846 2109 lapis
886 2056 932 2094 ab
970 2055 1151 2107 homine,
1189 2067 1306 2106 supra
1347 2055 1495 2093 ferrum

255 2224 274 2253 5
300 2218 478 2252 hircinum
508 2216 723 2261 sanguinem
742 2215 834 2256 RA;
859 2214 999 2249 hircino
1026 2213 1203 2258 sanguine
1227 2224 1248 2247 v
1273 2214 1375 2254 (502,
1400 2215 1468 2255 28)
1485 2211 1497 2257 Η

162 2271 202 2301 17
231 2276 386 2309 eumque
412 2276 431 2298 v
451 2267 462 2308 Η
483 2268 525 2298 22
552 2264 727 2297 uirtutem
748 2262 783 2296 R
807 2262 849 2303 (I.
877 2265 929 2297 22
957 2271 983 2295 c.
1011 2264 1053 2295 11
1075 2263 1160 2304 post
1184 2261 1271 2303 in.)‚·
1296 2259 1373 2293 uim
1391 2259 1448 2292 Av
