1611 2465
66 715 109 745 10

68 1123 108 1154 15

137 83 223 123 252
680 91 705 116 s.
726 91 941 117 Acocsnm

135 182 285 232 primus
324 182 499 231 regnavit
536 182 576 218 in
614 179 857 218 Hierusalem
895 179 1088 232 Roboam,
1129 192 1197 218 rex
1230 180 1340 233 Iuda,
1371 180 1473 220 filius

137 239 371 291 Salomonis,
411 245 448 278 et
487 240 527 277 in
567 237 738 276 Samaria
779 238 1028 286 Hieroboam,
1067 250 1135 276 rex
1168 238 1304 290 Israel,
1337 251 1475 278 servus

137 297 364 336 Salomonis,
428 296 475 335 Et
513 308 602 335 cum
641 296 827 335 voluisset
864 296 1036 335 Roboain
1074 303 1271 347 tamquam
1306 299 1472 348 tyranni-

137 356 225 394 dem
266 356 407 394 divisae
456 355 558 394 illius
599 356 721 406 partis
762 354 862 393 bello
904 357 1106 407 persequi,
1150 355 1370 407 prohibitus
1414 362 1474 394 est

135 414 302 466 populus
355 426 528 465 pugnate
573 426 661 452 cum
713 413 899 452 fratribus
951 415 1032 452 suis
1083 413 1235 453 dicente
1281 414 1359 452 Deo
1403 426 1475 465 per

134 473 363 525 proplietam
404 485 444 511 se
484 472 556 510 hoc
597 472 746 510 fecisse.
810 472 917 511 Unde
957 474 1135 523 apparuit
1176 472 1325 511 nullum
1357 474 1398 511 in
1430 485 1475 511 ea

135 543 177 569 re
211 531 269 569 vel
302 533 405 582 regis
432 530 552 569 Israel
584 530 642 569 vel
674 531 806 582 populi
840 532 959 569 fuisse
992 537 1208 583 peccatum,
1241 530 1308 569 sed
1341 530 1473 569 volun-

135 596 254 628 tatem
293 589 363 628 Dei
402 590 632 628 vindicantis
669 589 877 640 impletam.
941 589 1024 635 Qua
1063 590 1216 639 cognita
1248 601 1337 640 pars
1369 595 1473 628 utra-

136 660 211 699 que
249 649 352 687 inter
394 660 434 687 se
466 654 601 699 pacata
633 649 874 699 conqtiievit3
906 659 983 686 non
1016 649 1118 686 enim
1152 647 1368 700 religionis,
1407 647 1475 686 sed

135 708 246 757 regni
278 707 406 746 suerat
437 707 537 745 sacta
569 706 716 744 divisio

641 854 796 897 CAPUT
829 854 965 896 XXII.

136 942 196 980 De
235 941 497 987 Hieroboam,
542 942 612 989 qui
658 942 857 989 impietate
901 942 1115 979 idolatriae
1161 941 1361 979 subditum
1400 942 1478 980 sibe·

155 1002 345 1049 populum
373 998 620 1048 profanavit,
655 1001 693 1036 in
727 1010 803 1046 quo
836 1004 966 1037 tamen
998 1010 1076 1037 non
1110 1000 1259 1037 destitit
1282 999 1391 1038 Deus
1416 1005 1454 1039 et

290 1059 512 1107 prophetas
545 1059 747 1106 inspirare
779 1063 816 1095 et
847 1059 987 1096 multos
1020 1058 1069 1095 ab
1103 1059 1317 1096 idolatriae

600 1118 768 1154 crimine
800 1117 1013 1154 custodire.

255 1197 399 1235 Verum
440 1209 507 1235 rex
556 1196 675 1235 Israel
720 1195 953 1234 Hieroboam
1005 1203 1134 1234 mente
1174 1209 1358 1248 perversa
1399 1210 1476 1236 non

138 1255 303 1294 credens
336 1255 433 1307 ileo,
466 1267 582 1305 quem
614 1266 791 1293 veracem
823 1256 1016 1306 promisso
1050 1254 1123 1293 sibi
1155 1267 1275 1305 regno
1309 1255 1475 1306 datoque

136 1313 390 1365 probaverat,
435 1315 563 1352 timuit
607 1326 654 1351 ne
700 1312 890 1353 veniendo
924 1312 970 1351 ad
1009 1312 1195 1364 templum
1241 1313 1327 1365 Dei,
1371 1314 1474 1364 quod

137 1378 221 1410 erat
251 1374 291 1410 in
322 1371 585 1423 Hierusalem,
619 1384 694 1422 quo
727 1371 942 1410 seeundum
975 1371 1142 1410 divinam
1174 1371 1299 1421 legem
1331 1373 1474 1410 sacrifi—

139 1430 252 1469 candi
284 1442 399 1469 causa
425 1430 629 1468 universae
661 1429 716 1468 illi
747 1431 854 1479 genti
887 1429 1119 1468 veniendum
1151 1430 1237 1482 suit,
1269 1430 1475 1469 seducere·

138 1495 203 1527 tur
235 1488 281 1526 ab
314 1501 360 1526 eo
391 1488 560 1540 populus
599 1495 636 1526 et
671 1490 783 1539 stirpi
814 1487 933 1526 David
971 1493 1166 1538 tamqnam
1198 1490 1304 1539 regio
1337 1490 1476 1527 semini

138 1547 392 1599 redderetur,
437 1553 475 1585 et
506 1548 676 1585 instituit
707 1546 924 1584 idolatriam
955 1548 994 1584 in
1027 1558 1147 1597 regno
1181 1559 1251 1585 suo
1284 1552 1322 1585 et
1353 1559 1475 1598 popu-

139 1605 220 1644 lum
262 1605 332 1643 Dei
375 1617 507 1643 secum
548 1605 847 1643 simulacrorum
889 1604 995 1643 cultu
1037 1604 1270 1643 obstrictum
1311 1605 1475 1644 nefanda

139 1665 337 1714 impietate
377 1663 541 1714 decepit.
603 1662 682 1701 Nec
725 1669 851 1701 tamen
893 1663 1143 1701 omnimodo
1177 1665 1341 1702 cessavit
1373 1662 1475 1702 Deus

95 1732 107 1738 ”
139 1734 216 1760 non
250 1721 375 1760 solum
407 1722 516 1759 illum
549 1733 693 1773 regem,
726 1733 861 1759 verum
893 1722 1009 1759 etiam
1041 1733 1290 1760 successores
1321 1723 1405 1760 eius
1438 1727 1477 1760 et

139 1781 350 1830 impietatis
381 1780 598 1818 imitatores
630 1779 897 1830 populumque
929 1781 1056 1830 ipsum
1090 1791 1254 1829 arguere
1286 1791 1356 1830 per
1387 1791 1475 1830 pro-

138 1838 284 1888 phetas.
352 1836 449 1875 Nam
499 1836 553 1875 ibi
602 1839 817 1875 extiterunt
866 1842 905 1875 et
955 1839 1081 1887 magni
1125 1836 1179 1874 illi
1224 1839 1476 1887 insignesque

138 1896 369 1946 prophetae,
407 1896 473 1945 qui
513 1896 627 1933 etiam
666 1894 856 1932 mirabilia
888 1894 1009 1933 multa
1043 1895 1238 1946 fecerunt,
1277 1894 1405 1933 Helias
1438 1901 1477 1933 et

138 1953 340 1992 Helisaeus
361 1952 577 2004 discipulus
598 1954 699 2004 eius3
726 1951 779 1990 ibi
806 1954 920 1991 etiam
947 1951 1092 1990 dicenti
1117 1951 1266 1991 Heliae:
1301 1953 1478 2001 Domine,

234 2055 268 2096 6)
296 2058 326 2086 1.
353 2053 441 2097 Reg.
472 2056 526 2095 12,
553 2056 606 2087 24.

235 2207 276 2237 12
309 2206 340 2237 et
374 2207 416 2236 14
448 2203 642 2237 idolatriae
675 2201 714 2236 F
748 2204 759 2245 Η
797 2206 838 2236 ‘22
872 2201 1081 2237 idolatriam
1113 2200 1185 2236 ΒΑ
1222 2203 1234 2246 ΙΙ
1270 2205 1314 2236 26
1339 2202 1477 2246 ipsum]

139 2250 216 2285 eius
242 2249 277 2284 R
297 2252 307 2293 ΙΙ
328 2253 370 2284 28
398 2249 498 2283 Elias
525 2251 561 2284 et
587 2248 674 2283 Elis.
701 2259 720 2282 υ

1603 1382 1611 1485 ΑᾏΑΛ
