1548 2562
468 139 519 163 DE
540 138 728 164 CIVITATE
746 139 815 164 DEI
834 140 867 164 L.
886 139 965 164 XVI.
985 139 1014 164 C.
1033 140 1076 165 35.
1094 141 1137 165 36.
1374 130 1453 170 181

129 226 294 266 stiebant
332 228 475 277 gemini
511 227 636 265 adhuc
678 229 716 265 in
749 233 860 266 utero
894 229 977 266 eius
1007 227 1158 266 inclusi.
1221 227 1302 272 Qua
1336 227 1452 265 mole-

128 287 199 323 stia
248 297 336 323 cum
385 291 617 337 angeretur,
667 286 871 324 Dominum
926 287 1178 336 interrogavit
1227 288 1452 336 accepitque

128 355 375 394 responsum:
407 345 522 382 Duae
544 348 682 392 yentes
708 347 746 382 2'72
780 348 899 383 utero
925 351 990 383 tuo
1022 349 1114 382 sunt
1144 349 1182 383 et
1212 345 1290 383 duo
1318 346 1457 393 populi

129 403 177 440 de
209 406 346 440 ventre
383 407 448 440 tuo
479 404 778 450 separabuntur
809 408 847 440 et
872 405 1042 451 populus
1070 405 1257 451 populum
1287 415 1452 451 supera-

128 461 182 498 bit
226 464 264 498 et
305 462 433 499 maior
483 462 630 499 serviet
675 463 830 499 minori.
910 460 1020 506 Quod
1069 461 1211 499 Paulus
1259 460 1456 511 apostolus

127 530 308 568 magnum
340 518 421 556 vult
452 518 623 568 intellegi
654 520 798 569 gratiae
831 519 1125 571 documentum,
1164 520 1251 569 quia
1284 519 1455 557 nondum

126 576 201 614 illis
239 578 338 614 natis
376 589 447 615 nec
485 576 628 627 aliquid
667 576 869 627 agentibus
908 577 999 615 boni
1031 590 1099 615 seu
1132 578 1221 615 mali
1252 579 1334 615 sine
1367 577 1455 616 ullis

126 633 238 672 bonis
282 636 432 673 meritis
476 635 631 686 eligitur
674 637 801 673 minor
848 637 992 673 maiore
1032 635 1257 687 reprobato,
1301 635 1454 686 quando

124 692 410 745 proculdubio,
437 699 622 744 quantum
650 693 795 732 adtinet
820 694 866 732 ad
892 693 1077 743 originale
1104 700 1317 745 peccatum,
1342 693 1454 732 ambo

124 763 238 802 pares
276 757 403 803 erant3
441 758 627 802 quantum
668 758 796 790 autem
829 752 873 790 ad
907 754 1127 804 proprium,
1168 752 1285 790 ullius
1318 764 1454 790 eorum

125 809 274 848 nullum
312 815 405 850 erat.
468 809 543 848 Sed
582 823 685 849 nune
724 811 770 848 de
809 810 878 848 hac
916 823 958 848 re
996 810 1125 848 dicere
1164 810 1307 861 aliquid
1341 811 1454 849 latius

124 870 294 906 instituti
332 870 462 919 operis
500 870 596 906 ratio
636 881 712 907 non
753 870 860 919 sinit,
899 868 999 906 unde
1039 871 1077 906 in
1111 869 1194 907 aliis
1227 871 1301 906 iam
1335 869 1455 908 multa

125 926 302 965 diximus.
364 926 475 972 Quod
508 933 636 965 autem
668 927 814 965 dictum
846 932 922 965 est:
956 927 1090 965 Maior
1121 930 1265 966 serviet
1297 930 1453 979 minori,

125 997 238 1022 nemo
265 985 345 1022 fere
367 991 590 1023 nostrorum
616 985 727 1023 aliter
753 986 953 1036 intellexit,
979 997 1094 1035 quam
1120 987 1305 1023 maiorem
1331 998 1451 1036 popu-

124 1043 203 1081 lum
235 1043 465 1081 Iudaeorum
498 1045 637 1081 minori
671 1043 889 1082 Christiano
922 1044 1063 1094 populo
1097 1045 1343 1082 serviturum.
1406 1044 1453 1082 Et

126 1114 166 1139 re
200 1113 289 1139 vera
320 1103 492 1151 quamvis
524 1104 563 1139 in
596 1108 709 1152 gente
742 1102 1032 1154 ldumaeorum,
1065 1115 1162 1152 quae
1196 1108 1283 1140 nata
1316 1108 1374 1140 est
1406 1103 1452 1141 de

125 1161 281 1211 maiore,
313 1161 376 1197 cui
403 1160 478 1198 duo
506 1162 660 1198 nomina
693 1166 803 1198 erant
835 1157 942 1212 (nam
976 1166 1014 1198 et
1040 1160 1142 1198 Esau
1175 1160 1382 1199 vocabatur
1415 1166 1454 1199 et

124 1217 264 1269 Edom,
300 1218 402 1256 unde
440 1215 651 1270 Idumaei),
690 1219 761 1257 hoc
801 1219 922 1256 videri
953 1220 1076 1269 possit
1107 1218 1325 1270 impletum,
1364 1221 1452 1269 quia

125 1283 257 1326 postea
284 1276 501 1326 superanda
526 1277 653 1315 fuerat
678 1289 698 1315 a
724 1277 878 1328 popuIO,
905 1279 970 1327 qui
997 1283 1106 1315 ortus
1133 1282 1193 1315 est
1219 1290 1264 1315 ex
1291 1279 1452 1329 minore,

124 1334 162 1372 id
202 1340 260 1372 est
291 1334 519 1386 Israelitico,
557 1337 668 1385 eique
708 1336 834 1373 fuerat
866 1336 995 1374 futura
1028 1335 1219 1374 subiecta:
1252 1341 1379 1373 tamen
1412 1338 1452 1374 in

126 1393 269 1443 aliquid
320 1394 443 1431 maius
491 1395 678 1432 intentam
730 1394 849 1432 fuisse
900 1395 1011 1432 istam
1060 1394 1328 1445 prophetiam,
1377 1406 1452 1444 qua

125 1451 271 1489 dictum
303 1456 377 1489 est:
417 1452 590 1500 Populus
624 1455 812 1501 populum
844 1453 1051 1501 superabit
1082 1458 1119 1490 ec
1149 1455 1278 1490 maior
1308 1455 1453 1491 serviet

124 1512 291 1557 minori,
336 1512 629 1548 convenientius
674 1511 857 1549 creditur.
918 1510 967 1548 Et
1011 1511 1102 1561 quid
1147 1516 1206 1549 est
1243 1511 1333 1563 hoe,
1378 1512 1452 1549 nisi

126 1567 227 1617 quod
260 1569 299 1605 in
332 1567 483 1607 Iudaeis
515 1574 554 1607 et
585 1569 814 1607 Christianis
847 1568 1045 1607 evidenter
1077 1566 1288 1619 impletur?

596 1692 752 1735 CAPUT
785 1693 978 1735 XXXVI.

126 1778 184 1815 De
216 1780 382 1816 oraculo
415 1783 453 1816 et
483 1778 766 1825 benedictione,
799 1790 916 1826 quam
938 1779 1058 1816 Isaac
1079 1790 1157 1816 non
1184 1781 1301 1817 aliter
1333 1791 1449 1827 quam

251 1841 371 1885 pater
402 1838 536 1884 ipsius,
568 1838 709 1875 merito
741 1839 913 1875 eiusdem
946 1838 1122 1883 dilectus,
1155 1840 1320 1886 accepit.

242 1918 401 1967 Accepit
432 1918 547 1955 etiam
579 1917 684 1955 Isaac
716 1917 790 1955 tale
823 1917 1042 1969 oraculum,
1075 1918 1185 1968 quale
1218 1919 1450 1969 aliquotiens

124 1980 233 2025 pater
271 1977 354 2013 eius
392 1981 605 2026 acceperat.
667 1975 720 2014 De
759 1988 837 2026 quo
877 1976 1033 2014 oraculo
1066 1978 1121 2014 sic
1154 1978 1342 2027 scriptum
1374 1983 1450 2017 est:

1482 468 1502 497 ἴ)

1482 761 1523 791 10

1481 1052 1522 1082 15

1479 1344 1521 1374 20

1478 1706 1521 1736 25

125 2035 251 2072 Facta
295 2038 353 2072 est
395 2039 525 2072 autem
561 2033 690 2082 fames
732 2046 852 2083 super
895 2040 1046 2074 terram
1085 2040 1252 2083 praeter
1290 2035 1448 2084 famem,
1475 2045 1518 2075 30

217 2124 251 2166 5)
278 2122 365 2156 Gen.
392 2126 448 2165 25,
474 2126 528 2157 23.
578 2124 614 2165 8)
638 2122 741 2156 Rom.
769 2127 800 2166 9,
827 2127 867 2157 11
896 2135 972 2167 sqq.

142 2298 157 2330 t
219 2250 381 2330 12Aunde
408 2251 445 2284 et
468 2251 506 2284 in
530 2261 550 2284 v
575 2252 587 2294 ΙΙ
619 2254 661 2285 13
687 2252 743 2285 est
767 2262 831 2285 om.
866 2251 899 2284 V
927 2252 940 2295 ΙΙ
971 2256 1012 2285 14
1036 2252 1242 2286 nostrorum
1276 2252 1361 2295 VR,·
1386 2265 1448 2288 no—

124 2308 139 2330 s
158 2308 237 2331 rum
299 2308 319 2331 v
