1548 2562
362 147 414 171 DE
434 146 623 172 CIVITATE
642 147 710 171 Dm
729 147 762 172 L.
781 147 896 172 xvm.
919 147 947 172 c.
966 148 1009 174 48.
1030 148 1073 172 49.
1311 138 1395 180 333

65 236 173 286 plent
210 235 410 286 ecclesias,
449 246 546 285 quos
584 240 779 285 tamquam
817 237 856 273 in
895 247 983 273 area
1014 235 1212 274 ventilatio
1244 248 1396 286 separa-

65 293 138 344 bit,
176 305 254 331 non
291 298 450 344 apparet
484 298 589 331 tanta
626 292 747 343 gloria
785 293 923 331 domus
954 293 1089 345 huius,
1129 300 1272 344 quanta
1304 300 1397 333 tunc

66 350 277 403 apparebit,
309 351 475 403 quand0,
507 352 684 401 quisquis
716 350 769 389 ibi
801 353 887 403 erit,
920 363 1074 402 semper
1106 353 1232 400 eritz

567 451 721 494 CAPUT
751 453 900 494 XLIX.

66 528 125 566 De
156 529 377 565 indiscreta
415 528 743 574 multzplz'catwne
775 529 983 575 ecclesiae,
1023 540 1102 575 qua
1135 530 1174 566 in
1205 530 1280 567 hoe
1311 540 1395 567 sae-

306 586 393 623 culo
425 586 538 622 multi
567 585 732 633 reprobi
761 586 978 623 miscentur
1010 588 1154 624 electis.

149 634 225 692 fIn
266 654 339 692 hoc
381 665 472 704 ergo
514 653 668 691 saeculo
707 654 892 704 maligno,
934 656 973 692 in
1015 655 1075 693 his
1108 655 1245 694 diebus
1278 656 1400 708 malis,

66 712 133 751 ubi
158 725 228 763 per
253 711 511 750 humilitatem
536 717 783 762 praesentem
811 713 980 751 futuram
1007 719 1205 764 comparat
1236 714 1399 753 ecclesia

66 770 337 809 celsitudinem
369 775 407 808 et
437 771 621 808 timorum
653 770 837 822 stimulis,
875 771 1053 809 dolorum
1085 774 1307 824 tormentis,
1347 772 1398 811 la·

66 828 207 867 borum
232 828 431 879 molestiis,
462 829 758 878 temptationum
785 829 969 879 periculis
996 829 1186 882 eruditur,
1219 830 1297 868 sola
1331 843 1398 881 spe
1428 840 1469 869 10

14 900 18 904 ’
67 887 258 938 gaudens,
297 886 449 937 quando
482 898 618 924 sanum
655 886 812 937 gaudet,
852 887 964 925 multi
996 887 1153 937 reprobi
1185 889 1400 927 miscentur

66 945 179 983 bouis
224 950 262 983 et
311 946 467 994 utrique
508 950 703 994 tamquam
741 946 780 982 in
822 957 1002 994 sagenam
1034 946 1292 996 evangelicam
1324 947 1399 985 col-

67 1003 265 1056 liguntur(
281 1008 320 1041 et
355 1004 395 1040 in
433 1002 506 1040 hoc
545 1002 689 1040 mundo
728 1008 922 1053 tamquam
954 1004 993 1040 in
1026 1005 1122 1041 mari
1154 1006 1311 1054 utrique
1343 1007 1399 1043 in·

68 1062 165 1100 clusi
192 1060 341 1099 retibus
367 1060 578 1098 indiscrete
605 1066 749 1111 natant,
781 1060 904 1099 donec
936 1063 1186 1111 perveniatur
1219 1063 1262 1100 ad
1297 1062 1399 1115 litus,

67 1120 135 1159 ubi
177 1119 266 1158 mali
310 1124 567 1169 segregentur
604 1131 624 1156 a
661 1118 773 1157 bonis
815 1125 854 1157 et
893 1121 932 1158 in
974 1119 1086 1157 bonis
1125 1124 1320 1171 tamquam
1360 1123 1398 1160 in
1429 1129 1470 1160 15

67 1178 211 1229 templo
244 1189 314 1216 suo
355 1179 406 1215 sit
437 1177 544 1215 Deus
575 1179 707 1215 omnia
740 1179 781 1215 in
813 1179 1002 1216 omnibus,
1064 1177 1232 1217 Proinde
1266 1192 1400 1218 vocem

68 1249 171 1276 nunc
210 1236 455 1286 agnoscimus
494 1236 578 1273 eius
609 1235 780 1287 impleri,
819 1237 885 1285 qui
918 1235 1150 1286 loquebatur
1181 1239 1220 1275 in
1252 1238 1399 1288 psalmo

68 1301 183 1346 atque
228 1293 396 1332 dicebat:
441 1294 689 1331 Adnunticwz'
731 1299 768 1332 et
807 1296 961 1332 locutus
1001 1306 1103 1341 sum,
1148 1298 1402 1345 multiplicati

68 1359 161 1393 sunt
184 1365 304 1401 super
330 1363 548 1390 numerum.
610 1351 692 1389 Hoc
719 1352 761 1390 fit
792 1364 908 1403 nunc,
941 1365 986 1389 ex
1020 1365 1096 1403 quo
1128 1355 1296 1403 primum
1330 1366 1400 1404 per

69 1424 112 1450 os
144 1411 411 1462 praecursoris
443 1411 503 1448 sui
529 1409 722 1461 Iohannis,
754 1410 893 1448 deinde
926 1423 997 1461 per
1028 1423 1071 1449 os
1103 1414 1305 1461 proprium
1338 1412 1400 1450 ad·
1427 1420 1472 1451 20

69 1471 260 1508 nuntiavit
298 1473 337 1506 et
366 1468 519 1506 locutus
552 1474 611 1506 est
649 1468 800 1506 dicens:
840 1471 957 1516 Ayz'te
983 1472 1292 1521 paenitentiam,
1330 1472 1400 1509 ad-

66 1529 353 1578 propinquavit
388 1529 489 1565 enim
528 1538 695 1574 reqnum
733 1529 946 1565 caelorum.
1015 1526 1140 1577 Elegit
1179 1528 1401 1578 discipulos,

70 1598 168 1637 quos
201 1591 240 1624 et
271 1584 466 1635 apostolos
498 1586 719 1635 nominavit,
751 1584 949 1622 humiliter
981 1590 1104 1636 natos,
1136 1585 1402 1639 inhonoratos,

70 1644 315 1695 inlitteratos,
346 1648 402 1694 ut,
434 1642 622 1693 quidquid
654 1654 837 1692 magnum
870 1648 1000 1681 essent
1031 1648 1070 1680 et
1101 1643 1287 1696 facerent,
1318 1646 1401 1695 ipse

70 1705 110 1741 in
155 1704 210 1740 eis
254 1707 358 1739 esset
401 1706 439 1738 et
482 1701 638 1739 faceret.
700 1700 843 1738 Habuit
885 1702 988 1738 inter
1031 1713 1098 1739 eos
1142 1713 1281 1753 unum,
1325 1714 1401 1752 quo
1428 1711 1472 1742 25

72 1760 170 1799 malo
203 1765 317 1798 utens
348 1758 448 1797 hene
481 1764 519 1797 et
545 1770 636 1797 suae
668 1760 859 1809 passionis
891 1758 1071 1809 impleret
1102 1759 1332 1810 dispositum
1366 1766 1405 1800 et

72 1818 257 1857 ecclesiae
284 1829 375 1855 suae
402 1816 694 1855 tolerandorum
726 1817 915 1855 malorum
940 1816 1147 1867 praeberet
1173 1819 1404 1869 exemplum.

73 1876 287 1928 SeminatO,
325 1881 512 1925 quantum
548 1887 620 1925 per
658 1876 742 1913 eius
779 1874 984 1925 oportebat
1020 1878 1279 1926 praesentiam
1319 1889 1403 1915 cor-

71 1935 255 1986 poralem,
286 1938 419 1972 sancto
450 1933 647 1983 evangelio
679 1945 816 1984 passus
850 1939 929 1984 est,
960 1939 1138 1972 mortuus
1170 1939 1242 1986 est,
1273 1947 1403 1973 resur—

72 1995 196 2044 rexit,
239 1993 418 2043 passione
463 1991 675 2030 ostendens
719 1991 812 2041 quid
863 1993 1058 2030 sustinere
1108 2004 1178 2042 pro
1229 1994 1404 2045 veritate,
1430 2002 1473 2032 30

73 2052 361 2089 resurrectione
400 2050 493 2100 quid
531 2061 689 2100 sperare
727 2051 766 2087 in
803 2051 1032 2088 aeternitate
1072 2049 1298 2102 debeamus,
1341 2064 1403 2089 ex-

74 2115 185 2160 cepta
217 2108 417 2146 altitudine
451 2109 693 2159 sacramenti,
725 2120 799 2158 qua
833 2109 988 2158 sanguis
1020 2110 1105 2146 eius
1136 2110 1176 2146 in
1208 2111 1403 2147 remissio-

74 2179 163 2205 nem
206 2166 316 2205 fusus
367 2170 426 2204 est
473 2173 734 2217 peccatorum.
809 2165 1068 2204 Conversatus
1114 2171 1174 2204 est
1217 2168 1257 2205 in
1301 2172 1405 2206 terra

1424 537 1442 566 cz

170 2256 225 2298 12)
257 2255 321 2289 Mt.
358 2259 416 2297 13,
449 2259 503 2290 47.
555 2257 612 2299 16)
638 2258 668 2289 1.
696 2255 774 2289 Cor.
805 2259 864 2299 15,
897 2258 953 2290 28.
1006 2258 1060 2297 19)
1087 2255 1143 2289 Ps.
1170 2258 1232 2298 39,
1265 2260 1295 2290 6.
1347 2257 1405 2298 22)

74 2302 138 2336 Mt.
165 2307 198 2345 3,
224 2306 261 2344 2;
288 2306 320 2345 4,
349 2306 400 2336 17.
451 2303 511 2345 23)
536 2301 596 2336 Le.
624 2306 655 2345 6,
684 2306 736 2337 13.
