1548 2562
400 139 452 164 DE
472 138 661 164 CIVITATE
682 137 750 162 DEI
769 137 801 162 L.
822 137 920 162 xxn.
940 136 969 162 c.
990 137 1031 162 23.
1051 137 1093 161 24.
1323 125 1408 166 609

78 229 216 279 vincat,
248 239 295 265 ne
322 228 362 265 in
389 239 434 264 eo
462 227 565 277 quod
591 226 689 264 male
722 225 888 264 delectat
916 224 978 264 yel
1009 226 1103 262 visio
1136 223 1196 262 vel
1228 225 1408 273 cogitatio

78 290 321 336 remoretur,
366 297 413 323 ne
457 284 668 335 inprobum
709 289 773 322 aut
814 283 999 321 indecens
1039 281 1203 320 verbum
1242 281 1410 319 libenter

78 343 276 394 audiatur,
315 355 363 381 00
396 343 460 381 fiat
493 343 596 393 quod
627 354 705 380 non
736 341 828 380 licet
860 342 1011 379 etiamsi
1041 340 1152 392 libet,
1184 352 1232 378 ne
1264 341 1304 377 in
1337 339 1409 377 hoc

78 402 178 440 bello
217 401 392 439 laborum
430 400 773 452 periculorumque
814 400 1039 450 plenissimo
1079 398 1137 437 vel
1174 398 1221 436 de
1262 397 1410 435 viribus

78 461 222 498 nostris
257 464 438 510 speretur
469 458 643 497 facienda
673 459 833 496 victoria
865 457 924 495 vel
956 456 1102 495 viribus
1135 457 1279 495 nostris
1311 456 1410 494 facta
1437 464 1456 492 5

80 517 286 565 tribuatur,
319 517 388 555 sed
419 518 503 555 eius
535 518 693 567 gratiae,
725 515 772 554 de
805 528 881 566 quo
915 517 966 553 ait
998 515 1212 566 apostolus:
1249 515 1412 553 Gratias

79 581 209 615 autem
247 576 348 623 Deo,
386 577 456 623 qui
491 577 561 613 dat
597 576 708 613 nobis
746 576 954 613 victorium
988 586 1063 622 per
1101 574 1305 612 Dominum
1344 584 1410 610 no-

78 639 204 673 strum
237 634 366 673 Iesum
403 634 627 678 Christum;
665 633 731 683 qui
763 638 801 671 et
833 632 906 670 alio
940 631 1042 670 loco:
1084 632 1131 669 In
1163 633 1241 679 his,
1274 632 1412 682 inquit,

79 693 259 731 omnibus
284 694 600 741 supervincimus
621 703 698 740 per
729 702 816 730 eum
848 692 919 739 qui
949 692 1091 729 dilexit
1121 702 1213 735 nos,·
1245 691 1412 727 sciamus

81 755 228 802 tamen,
283 749 521 800 quantalibet
565 751 706 788 virtute
746 749 962 800 proeliandi
1004 750 1106 786 vitiis
1147 759 1412 798 repugnemus
1441 754 1482 784 10

79 808 139 846 vel
170 810 286 847 etiam
318 809 408 847 vitia
434 820 664 859 superemus
697 812 735 845 et
767 807 1032 858 subiugemus,
1063 807 1245 857 quamdiu
1278 817 1413 844 sumus

79 868 119 904 10
160 866 234 904 hoc
276 878 460 917 corpore,
502 865 613 904 nobis
653 866 787 904 deesse
828 878 904 903 non
942 877 1057 916 posse
1095 864 1199 903 unde
1241 864 1414 902 dicamus

80 923 176 963 Deo:
216 925 377 963 Dimitte
415 926 526 963 uobis
564 926 696 963 debita
737 929 885 963 nostra.
949 923 991 961 In
1022 923 1087 961 illo
1120 929 1249 961 autem
1281 933 1414 974 regno,

79 982 147 1021 ubi
173 995 328 1033 semper
354 995 443 1021 cum
469 982 698 1033 corporibus
724 981 993 1020 inmortalibus
1021 983 1178 1032 erimus,
1205 992 1276 1019 000
1302 992 1413 1031 proe-

80 1040 128 1079 lia
168 1041 278 1079 nobis
317 1047 433 1079 erunt
472 1040 550 1079 ulla
591 1053 661 1079 nec
694 1040 838 1091 debita;
878 1052 975 1090 quae
1008 1051 1200 1089 nusquam
1233 1044 1271 1076 et
1303 1050 1412 1076 num-
1444 1046 1483 1075 15

81 1111 197 1149 quam
223 1105 366 1150 essent,
399 1101 431 1137 si
457 1105 593 1137 natura
620 1104 766 1150 nostra,
798 1100 900 1136 sicut
927 1103 1031 1136 recta
1064 1103 1193 1135 creata
1225 1102 1295 1148 est,
1326 1108 1413 1147 per-

82 1163 266 1196 maneret.
328 1157 381 1196 Ac
407 1169 477 1208 per
504 1157 576 1195 hoc
604 1158 719 1195 etiam
746 1162 879 1195 noster
912 1158 984 1194 iste
1018 1156 1234 1206 conflictus,
1265 1156 1304 1193 in
1338 1166 1414 1204 quo

80 1216 347 1267 periclitamur
391 1221 429 1254 et
469 1215 516 1254 de
562 1227 637 1266 quo
682 1228 752 1253 nos
792 1216 952 1253 victoria
990 1215 1197 1252 novissima
1236 1214 1414 1263 cupimus

81 1273 251 1325 liberari,
283 1273 329 1312 ad
357 1275 454 1312 vitae
482 1274 598 1312 huius
625 1273 721 1311 mala
748 1275 929 1324 pertinet,
963 1284 1077 1322 quam
1110 1277 1169 1310 tot
1199 1276 1414 1310 tantorum-

82 1344 157 1382 que
189 1333 412 1370 testimonio
445 1331 634 1370 malorum
666 1331 876 1383 probamus
908 1342 993 1368 esse
1027 1330 1255 1368 damnatam.
1443 1337 1485 1367 20

581 1455 735 1497 CAPUT
761 1455 903 1496 XXIV

84 1530 142 1567 De
167 1530 289 1577 bonis,
321 1530 463 1576 quibus
489 1531 608 1567 etium
634 1530 739 1566 Itane
771 1530 888 1566 vitam
923 1530 1173 1566 danmationi
1202 1529 1415 1565 obnoxium

561 1588 728 1625 Creator
761 1588 940 1635 impleuit.

199 1668 278 1706 Iam
318 1680 423 1706 0000
464 1667 789 1706 considerandum
827 1673 886 1706 est
923 1667 1021 1705 hanc
1059 1669 1182 1717 ipsam
1222 1667 1416 1703 miseriam

83 1727 238 1777 generis
270 1726 445 1777 humani,
477 1727 517 1763 in
549 1738 624 1776 qua
656 1725 833 1764 laudatur
864 1726 1012 1764 iustitia
1043 1726 1262 1776 punientis,
1296 1723 1414 1774 quali·
1443 1732 1485 1762 25

84 1784 156 1822 bus
201 1789 240 1822 et
283 1796 398 1834 quam
442 1783 573 1822 multis
623 1783 841 1834 impleverit
890 1783 1001 1822 bonis
1047 1783 1221 1821 eiusdem
1266 1781 1416 1819 bonitas

83 1848 223 1881 cuncta
263 1854 360 1892 quae
399 1844 543 1880 creavit
582 1842 895 1880 administrantis.
967 1842 1141 1879 Primum
1178 1840 1416 1878 benedictio-

84 1912 174 1938 nem
204 1900 324 1951 illam,
363 1912 479 1950 quam
510 1900 724 1950 protulerat
756 1906 842 1938 ante
883 1905 1083 1951 peccatum
1124 1899 1275 1937 dicens:
1324 1899 1415 1937 Cre-

84 1961 182 1998 scite
220 1963 258 1997 et
288 1961 607 2007 multiplicamini
637 1966 675 1997 et
706 1961 860 2007 implete
893 1964 1061 2005 terram,
1104 1969 1175 1995 nec
1208 1962 1296 2008 post
1326 1968 1415 2007 pec-

84 2093 114 2128 G
177 2048 218 2127 8)1
247 2046 388 2128 ¹58C⁰¹²
424 2051 484 2089 15,
517 2051 571 2081 57.
622 2048 656 2090 9)
689 2047 792 2081 Rom.
820 2050 859 2090 8,
895 2051 949 2081 37.
1004 2047 1059 2089 13)
1086 2045 1150 2079 Mt.
1178 2049 1217 2087 6,
1252 2048 1305 2080 12.
1358 2046 1414 2087 29)

118 2105 172 2128 en.
225 2122 231 2136 ‚
262 2118 279 2127 ..
308 2121 314 2127 .

178 2202 197 2234 9
223 2199 404 2243 vulyarem
429 2199 615 2232 verborum
639 2198 902 2232 distinctionem
930 2208 1031 2241 „nos
1084 2196 1273 2231 80101005ιι
1298 2198 1414 2229 muta-

83 2246 139 2287 vi‚·
165 2244 321 2279 sciamus
347 2246 441 2279 euim
460 2245 593 2288 pendet
617 2255 660 2279 ea:
678 2245 930 2279 coniunctione
953 2246 995 2278 ut
1018 2246 1120 2285 (608,
1146 2246 1209 2286 13)
1235 2244 1247 2287 ΙΙ
1276 2246 1318 2276 29
1346 2242 1413 2276 im—

83 2292 182 2336 plete
207 2291 279 2326 ΒΑ
305 2293 376 2335 (45,
402 2295 446 2326 19
455 2305 467 2332 ;
492 2294 552 2333 46,
578 2293 632 2335 7);
656 2291 795 2335 replete
820 2301 840 2324 v

155 2362 229 2382 AUG.
248 2363 290 2380 m:
311 2362 370 2382 ew.
391 2362 452 2382 DEI.
489 2356 529 2380 11,
1089 2352 1133 2382 39
