1548 2562
446 123 497 147 DE
518 121 706 147 OIVITATE
725 122 795 147 DEI
813 122 846 147 L.
865 122 947 146 xix.
968 122 997 147 o.
1017 123 1058 147 11.
1325 113 1407 154 371

616 241 767 284 CAPUT
798 243 870 285 XI.
901 306 904 307 ⁷

78 329 138 366 De
169 328 414 366 beatitudine
445 329 563 376 pacis
601 332 811 374 aeternae,
850 330 890 365 in
928 339 1007 375 qua
1038 330 1188 366 sanctis
1215 329 1309 373 finis
1341 334 1409 374 est,

499 387 543 423 id
572 391 629 423 est
659 397 756 424 vera
782 385 992 434 perfectio.

195 466 442 517 Quapropter
479 463 684 517 possemus
724 466 854 504 dicere
892 467 988 504 fines
1026 466 1218 510 bonorum
1256 472 1407 506 nostro-

78 537 165 564 rum
197 537 282 563 esse
313 536 465 576 pacem,
506 526 608 562 sicut
639 529 835 562 aeternam
868 525 1034 563 diximus
1067 527 1201 577 vitam,
1232 538 1407 576 praeser-
1435 535 1454 564 5

78 585 148 628 tim
174 585 263 633 quia
298 584 371 634 ipsi
404 583 548 621 civitati
580 582 660 634 Dei,
692 582 738 621 de
771 595 846 633 qua
879 582 990 621 nobis
1022 589 1082 635 est
1112 585 1184 622 ista
1216 586 1408 634 operosis-

78 643 174 680 sima
194 641 416 692 disputatio,
436 642 475 678 in
497 646 632 679 sancto
653 641 797 679 dicitur
810 641 978 691 psalmo:
998 642 1142 680 Lauda
1157 643 1410 681 Hierusalem

78 701 306 746 Dominum,
343 701 545 738 conlauda
577 700 703 740 Deum
741 704 849 737 tuum
882 701 1002 745 Sz'om
1039 703 1225 748 quomam
1263 703 1409 748 confir-

77 760 199 796 mavit
228 769 341 796 seras
363 763 575 806 portarum
601 762 773 804 tuarum,
806 759 1010 796 benedixit
1036 761 1141 804 lilios
1172 764 1258 797 tuos
1290 762 1331 797 2'n
1363 765 1410 806 te,

77 818 149 864 qui
179 818 314 865 posuit
344 818 446 862 sines
484 821 571 854 tuos
603 827 757 864 pacem.
821 816 982 861 Quando
1025 818 1127 854 enim
1160 817 1409 855 confirmatae
1439 826 1479 855 10

78 875 224 913 fuerint
256 886 365 912 serae
398 879 599 924 portarum
632 875 733 924 eius,
777 875 852 911 iam
882 876 922 912 in
954 874 1057 912 illam
1090 874 1219 913 nullus
1250 875 1413 914 intrabit

78 944 150 970 nec
182 932 228 970 ab
260 932 323 971 illa
362 932 463 970 ullus
503 931 634 970 exibit.
695 932 748 970 Ac
779 944 850 982 per
881 932 954 970 hoc
987 934 1083 970 fines
1115 935 1199 971 eius
1233 945 1315 971 eam
1347 933 1410 971 de-

19 1006 21 1008 *
78 990 215 1029 bemus
246 990 309 1028 hic
341 990 566 1040 intellegere
598 1002 750 1041 pacem,
788 1002 903 1040 quam
933 990 1111 1028 volumus
1143 991 1411 1030 demonstrare

77 1049 241 1087 finalem.
302 1047 397 1086 Nam
429 1053 468 1086 et
498 1049 621 1098 ipsius
652 1049 824 1086 civitatis
850 1051 1055 1099 mysticum
1089 1061 1250 1100 nomen,
1282 1050 1319 1087 id
1353 1056 1413 1089 est

77 1106 339 1157 Hierusalem,
371 1107 473 1156 quod
507 1112 545 1144 et
576 1112 665 1144 ante
696 1107 771 1144 iam
803 1106 987 1158 diximus,
1028 1109 1122 1145 visio
1155 1109 1260 1158 pacis
1292 1109 1411 1146 inter-
1439 1117 1481 1147 15

77 1170 264 1217 pretatur.
328 1164 403 1207 Sed
442 1166 624 1214 quoniam
663 1166 768 1215 pacis
807 1177 948 1203 nomen
982 1167 1096 1203 etiam
1129 1167 1167 1203 in
1201 1166 1260 1203 his
1292 1166 1411 1204 rebus

79 1223 305 1261 mortalibus
337 1223 627 1273 frequentatur,
669 1222 734 1260 ubi
768 1225 901 1273 utique
935 1236 1011 1261 non
1045 1229 1104 1261 est
1137 1225 1210 1262 vita
1243 1230 1412 1275 aeterna,

76 1286 283 1332 propterea
315 1281 431 1319 finem
463 1282 630 1318 civitatis
660 1279 794 1332 h'uius,
835 1281 901 1319 ubi
933 1283 1234 1320 eritsummum
1266 1282 1411 1321 bouum

78 1341 174 1390 eius,
200 1345 395 1377 aeternam
423 1340 539 1377 vitam
560 1339 766 1377 maluimus
792 1352 1096 1377 commemorare
1124 1353 1239 1390 quam
1265 1353 1410 1391 pacem.

77 1397 130 1435 De
165 1410 240 1447 quo
273 1398 348 1435 fine
381 1397 578 1447 apostolus
610 1399 679 1435 ait:
712 1399 827 1435 Nunc
859 1410 952 1436 vero
984 1400 1148 1436 liberali
1178 1411 1202 1437 a
1231 1404 1410 1448 peceato,
1439 1408 1481 1438 20

76 1458 184 1494 servi
207 1460 338 1494 autem
360 1455 466 1503 faeti
496 1456 584 1499 Deo,
616 1457 770 1493 habetis
791 1455 971 1503 fructum
998 1462 1170 1495 vestrum
1197 1459 1237 1495 2‘72
1263 1460 1410 1496 sancli-

74 1516 317 1561 ficationem,
345 1516 465 1560 finem
491 1525 584 1551 vero
610 1516 729 1551 vitam
762 1519 979 1552 aelermtm.
1043 1514 1118 1552 Sed
1151 1527 1290 1553 rursus
1323 1518 1411 1565 quia

76 1573 152 1610 vita
193 1578 349 1610 aeterna
387 1571 433 1609 ab
472 1573 550 1622 eis,
587 1573 655 1621 qui
695 1572 994 1610 familiaritatem
1031 1585 1108 1610 non
1147 1573 1291 1611 hahent
1322 1586 1410 1612 cum

77 1631 283 1680 scripturis
321 1631 483 1681 sanctis,
519 1635 650 1680 potest
686 1632 809 1680 accipi
849 1632 965 1668 etiam
996 1630 1186 1668 malorum
1219 1633 1312 1683 vita,
1353 1632 1411 1670 vel

78 1688 293 1726 secundum
326 1688 513 1738 quosdam
551 1689 665 1726 etiam
699 1688 949 1738 philosophos
981 1695 1142 1739 propter
1174 1691 1322 1727 animae
1354 1692 1409 1728 in-
1438 1699 1480 1729 25

78 1746 351 1784 mortalitatem
395 1745 454 1783 vel
492 1746 707 1784 secundum
746 1748 861 1785 etiam
899 1746 1012 1785 fidem
1047 1753 1218 1785 nostram
1251 1754 1412 1798 propter

77 1816 222 1854 poenas
259 1803 567 1842 interminabiles
599 1806 825 1856 impiorum,
864 1807 930 1855 qui
970 1807 1104 1855 utique
1136 1807 1175 1843 in
1209 1812 1411 1844 aeternum

77 1864 245 1900 cruciari
282 1874 360 1900 non
398 1868 603 1915 poterunt,
647 1864 720 1900 nisi
758 1865 889 1905 etiam.
911 1864 1078 1901 vixerint
1118 1864 1157 1901 in
1190 1869 1411 1903 aeternnm:

76 1921 252 1970 profecto
296 1921 383 1958 finis
425 1921 592 1958 civitatis
635 1920 768 1972 huius,
815 1923 853 1959 in
899 1933 975 1971 quo
1017 1934 1212 1959 summum
1253 1922 1410 1974 habe-bit

76 1978 243 2029 bonum,
286 1978 346 2016 vel
377 1990 450 2029 pax
482 1980 522 2016 in
553 1980 629 2017 vita
662 1985 820 2017 aeterna
856 1979 914 2017 vel
947 1981 1022 2017 vita
1054 1986 1212 2018 aeterna
1244 1981 1282 2018 in
1315 1993 1408 2031 pace
1436 1991 1480 2021 30

172 2081 227 2121 10)
254 2079 308 2114 Ps.
338 2082 414 2121 146,
444 2083 484 2112 12
512 2090 588 2122 sqq.
639 2081 697 2123 2-2)
723 2079 826 2114 Rom.
855 2075 967 2123 6,‘22.

169 2232 190 2263 4
214 2240 403 2273 possemus
421 2229 495 2264 ΒΑ
514 2230 575 2272 (cf.
595 2230 690 2273 quod
708 2232 887 2274 sequitur:
914 2230 984 2264 Sed
1005 2231 1178 2274 quoniam
1205 2235 1300 2277 ete..);
1325 2244 1408 2277 pos-

75 2287 198 2310 sumus
223 2276 277 2310 Ia>
297 2277 308 2320 ΙΙ
328 2280 347 2310 5
374 2278 562 2311 aeternam
588 2287 664 2311 esse
689 2279 802 2321 ‘01123
830 2278 876 2311 ab
901 2277 958 2313 his
984 2288 1004 2310 v

1052 2336 1124 2369 24*
