1611 2465
83 389 102 419 01

63 680 102 709 10

58 1260 102 1290 20

59 1631 102 1662 25

61 1945 104 1975 30

128 51 213 92 280
673 58 700 84 s.
720 58 936 85 AUGUSTm1

129 150 226 201 dixi,
271 150 303 187 si
347 154 476 187 tamen
518 148 661 185 sactum
703 151 807 208 ests
834 146 1062 186 Diomedeas
1103 155 1232 187 autem
1274 149 1463 201 volucres,

129 207 283 258 quando
311 207 468 257 quidem
495 218 618 256 genus
652 216 785 243 earum
816 217 887 255 per
919 208 1208 245 successionem
1239 209 1463 258 propaginis

129 265 270 303 durare
298 264 538 315 perhibetur,
571 275 649 301 non
675 264 832 301 mutatis
859 262 1082 302 hominibus
1108 266 1240 318 factas,
1273 265 1339 303 sed
1374 265 1462 303 sub-

130 325 263 362 tractis
297 322 413 360 credo
446 322 566 360 fuisse
599 322 840 373 suppositas,
871 323 973 360 sicut
1004 334 1116 360 cerva
1148 335 1219 374 pro
1251 323 1463 375 Iphigenia,

129 383 232 431 regis
259 381 557 430 Agamemnonis
583 379 669 417 filia.
730 379 866 430 Neque
899 381 1000 418 enim
1033 380 1286 420 daemonibus
1318 381 1462 419 iudicio

130 439 197 477 Dei
224 439 425 489 permissis
451 437 569 476 huius
600 437 704 476 modi
735 439 966 488 praestigiae
999 438 1176 477 difficiles
1209 452 1294 478 esse
1325 445 1462 490 potue·

129 502 237 547 runt3
271 496 339 535 sed
380 497 469 546 quia
506 495 568 534 illa
602 497 706 546 virgo
739 502 874 546 postea
905 497 987 534 viva
1019 502 1174 548 reperta
1207 503 1283 549 est,
1321 510 1462 548 suppo-

130 557 241 593 sitam
285 566 356 605 pro
400 554 462 592 illa
507 566 592 592 esse
638 566 791 592 cervam
835 553 945 592 facile
988 557 1186 605 cognitum
1228 562 1296 594 est.
1361 555 1465 594 Socii

129 625 220 650 vero
242 612 437 650 Diomedis
459 613 548 662 quia
574 624 766 662 nusquam
793 611 920 650 subito
948 619 1241 663 conparuerunt
1267 618 1305 651 et
1330 619 1465 664 postea

130 671 235 709 nullo
267 671 352 709 loco
386 676 668 721 apparuerunt,
708 669 964 720 perdentibus
997 683 1062 709 eos
1095 670 1287 709 ultoribus
1319 671 1465 722 angelis

130 729 260 781 malis,
301 731 340 767 in
380 741 444 767 eas
482 740 587 780 aves,
629 740 726 778 quae
765 740 835 778 pro
874 727 949 766 illis
987 734 1079 767 sunt
1119 729 1269 768 occulte
1302 742 1348 767 ex
1381 729 1465 767 aliis

129 788 243 839 locis,
275 786 342 825 ubi
376 792 434 825 est
466 786 539 825 hoc
572 798 694 837 genus
727 787 872 838 avium,
910 785 956 824 ad
989 798 1032 824 ea
1063 786 1147 825 loca
1177 787 1388 838 perductae
1421 799 1464 825 ac

130 850 292 896 repente
320 846 555 896 suppositae,
588 844 803 882 creduntur
830 856 914 882 esse
948 847 1136 883 conversi.
1193 845 1303 890 Quod
1336 851 1465 884 autem

130 903 326 941 Diomedis
365 902 509 953 templo
551 914 689 952 aquam
721 903 860 940 rostris
892 903 1059 941 afferunt
1091 909 1129 941 et
1161 909 1388 956 aspergunt,
1427 909 1466 941 et

130 961 232 1012 quod
264 961 517 999 blandiuntur
541 960 789 1010 Graecigenis
821 966 936 1010 atque
963 960 1198 1011 alienigenas
1223 973 1465 1012 persequun-

128 1026 211 1067 tur,
255 1019 475 1058 mirandum
508 1031 585 1057 non
630 1024 689 1057 est
728 1018 816 1068 ‘fieri
860 1018 1091 1056 daemonum
1124 1020 1330 1071 instinctu,
1371 1032 1463 1070 quo-

129 1090 217 1116 rum
250 1079 415 1116 interest
444 1077 681 1128 persuadere
720 1076 836 1114 deum
873 1077 1017 1114 factum
1056 1089 1141 1115 esse
1174 1077 1385 1116 Diomeden
1419 1077 1464 1115 ad

129 1135 380 1187 decipiendos
413 1135 608 1186 homines,
642 1140 683 1172 ut
715 1134 831 1172 salsos
863 1134 958 1172 deos
991 1147 1079 1173 cum
1111 1136 1191 1173 veri
1224 1135 1291 1173 Dei
1322 1137 1465 1174 iniuria

129 1194 272 1232 multos
300 1193 427 1231 colant
453 1198 491 1231 et
517 1192 739 1231 hominibus
764 1194 942 1244 mortuis,
974 1194 1039 1242 qui
1067 1205 1138 1231 nec
1171 1205 1260 1231 cum
1293 1195 1465 1231 viverent

129 1264 219 1290 vere
264 1253 464 1302 vixerunt,
509 1251 661 1301 templis
707 1250 911 1302 altaribuS‚
956 1252 1157 1289 sacrificiis
1197 1251 1465 1290 sacerdotibus

129 1306 247 1362 (quae
291 1311 418 1347 omnia
462 1321 550 1347 cum
589 1315 695 1347 recta
734 1314 825 1347 sunt
862 1320 940 1347 non
978 1310 1054 1347 nisi
1091 1310 1159 1347 uni
1191 1308 1270 1347 Deo
1311 1310 1394 1347 vivo
1428 1315 1467 1348 et

128 1380 220 1406 vero
253 1363 468 1419 debentur)
501 1369 723 1405 inserviant.

653 1478 809 1521 CAPUT
837 1480 947 1521 XIX.

136 1566 251 1611 Quod
282 1576 326 1603 eo
353 1569 528 1613 {empore
553 1565 709 1603 Aeneas
742 1566 781 1602 in
809 1564 969 1602 Italiam
1002 1567 1164 1611 venerit,
1197 1576 1273 1613 quo
1300 1565 1466 1604 Labdon

471 1624 594 1661 iudex
618 1623 883 1671 praesidebat
912 1623 1119 1661 Hebraeis.

246 1703 301 1742 Eo
336 1709 511 1754 tempore
550 1709 638 1754 post
680 1709 830 1754 captam
862 1702 1017 1741 Troiam
1050 1709 1164 1754 atque
1198 1704 1363 1742 deletam
1395 1704 1466 1742 Ae-

130 1774 222 1800 neas
263 1774 352 1800 cum
394 1763 526 1811 viginti
568 1760 746 1812 navibus,
801 1760 941 1811 quibus
983 1761 1238 1811 portabantur
1279 1762 1466 1812 reliquiae

130 1820 400 1872 Troianorum,
433 1821 471 1858 in
498 1819 645 1857 Italiam
678 1820 794 1870 venit,
827 1825 1013 1868 regnante
1046 1819 1099 1857 ibi
1125 1819 1261 1857 Latino
1295 1825 1332 1857 et
1364 1820 1465 1870 apud

130 1878 385 1917 Athenienses
423 1877 666 1928 Menestheo,
711 1876 811 1926 apud
851 1876 1051 1927 Sicyonios
1091 1876 1321 1928 Polyphide,
1365 1877 1466 1927 apud

132 1937 309 1986 Assyrios
353 1935 549 1986 Tantane,
593 1934 693 1985 apud
733 1933 930 1972 Hebraeos
975 1939 1104 1972 autem
1148 1934 1264 1973 iudex
1308 1934 1467 1973 Labdon

131 1995 213 2032 fuit.
275 1994 428 2032 Mortuo
470 1999 598 2031 autem
631 1992 766 2030 Latino
799 1993 974 2042 regnavit
1006 1992 1155 2030 Aeneas
1187 1992 1314 2031 tribus
1346 1994 1468 2044 annis,

132 2051 277 2090 eisdem
309 2053 348 2089 in
382 2050 616 2103 supradictis
648 2050 743 2088 locis
776 2049 1023 2088 manentibus
1055 2049 1226 2103 regibus,
1258 2052 1333 2089 nisi
1365 2051 1469 2101 quod

227 2167 270 2197 14
295 2164 435 2207 templo
461 2163 669 2203 RFParr.‚·
700 2161 881 2205 templum
906 2162 962 2204 A,·
986 2161 1024 2195 in
1049 2161 1229 2206 templum
1254 2172 1274 2195 v
1303 2163 1314 2206 ΙΙ
1346 2165 1387 2196 15
1415 2163 1469 2195 at—

131 2221 200 2253 que
227 2210 357 2251 RAF‚·
383 2220 448 2244 om.
475 2221 494 2244 v
514 2211 526 2254 ΙΙ
545 2213 589 2243 30
615 2210 747 2242 autane
773 2218 842 2242 mss

1598 1174 1611 1320 *W*
1597 711 1607 1149 Wan-
