1611 2465
124 437 144 468 5

102 729 143 760 10

102 1020 142 1051 15

101 1313 144 1343 20

101 1603 143 1634 25

101 1894 145 1925 30

171 97 257 137 474
704 104 730 130 S.
751 103 968 131 AUGUSTINI

172 196 331 234 credere
365 196 506 233 ceteris
534 195 653 232 fuisse
686 195 902 245 iustiorem,
933 193 1149 232 secundum
1181 194 1249 232 Dei
1281 194 1504 233 mandatum

171 254 316 293 soleret
363 266 434 304 pro
486 253 565 290 suis
615 252 785 303 primum
829 252 970 290 offerre
1015 254 1204 304 peccatis,
1255 252 1394 291 deinde
1432 265 1503 304 pro

170 312 313 364 populi.
377 312 622 362 Quapropter
655 321 850 362 exponere
883 322 953 348 nos
992 316 1157 362 oportet,
1196 322 1272 362 quo
1309 311 1421 350 modo
1454 313 1504 350 sit

171 369 439 421 accipiendum
478 368 580 420 quod
620 368 766 407 dictum
805 374 880 407 est:
924 369 1039 408 Sicut
1075 370 1213 408 diebus
1245 371 1428 420 pristinis
1468 374 1507 408 et

169 432 273 469 sicut
305 430 422 467 [timis
449 429 667 477 prioribus.
731 426 921 465 Fortassis
954 428 1057 466 enim
1090 432 1243 479 tempus
1275 427 1368 467 illud
1400 439 1503 466 com-

170 492 378 538 memorat,
415 498 492 537 quo
524 487 640 537 primi
671 485 849 524 homines
880 487 920 523 in
952 485 1129 537 paradiso
1163 486 1332 525 suerunt.
1394 486 1505 526 Tunc

172 547 273 584 enim
299 546 389 596 puri
416 550 531 595 atque
559 545 701 595 integri
727 543 774 582 ab
806 545 911 582 omni
943 543 1057 582 sorde
1090 556 1133 583 ac
1165 544 1249 583 labe
1282 546 1431 596 peccati
1463 557 1504 584 se

170 606 274 655 ipsos
301 603 379 641 Deo
408 602 682 641 mundissimas
708 602 853 641 hostias
883 602 1113 654 offerebant3
1146 608 1321 642 ceterum
1348 615 1395 642 ex
1427 615 1504 654 quo

171 664 399 701 commissae
430 662 773 714 praevaricationis
815 672 931 699 causa
961 661 1050 699 inde
1084 660 1232 700 dimissi
1265 667 1356 701 sunt
1388 668 1503 712 atque

170 721 337 759 humana
363 722 403 759 in
430 721 486 758 eis
513 725 650 758 natura
677 719 854 758 damnata
887 724 958 770 est,
990 725 1151 770 excepto
1184 731 1261 758 uno
1293 720 1503 759 Mediatore

170 785 208 818 et
239 787 326 830 post
357 778 553 817 lavacrum
585 779 891 829 regenerationis
924 777 1144 828 quibusque
1177 777 1302 817 adhuc
1333 778 1503 830 parvulis

169 850 279 877 nemo
324 838 495 876 mundus
532 849 557 875 a
594 838 729 884 sorde,
774 837 876 875 sicut
907 838 1097 887 scriptum
1129 841 1209 888 est,
1253 849 1326 876 nec
1357 836 1504 886 infans,

169 899 284 935 cuius
329 901 386 935 est
425 898 543 934 unius
588 896 670 935 diei
707 897 788 933 vita
828 907 949 944 super
990 899 1152 933 terram.
1215 894 1326 940 Quod
1370 897 1403 934 si
1445 907 1503 934 re-

170 955 385 1005 spondetur
423 956 537 992 etiam
577 965 642 992 eos
682 955 819 992 merito
858 953 935 991 dici
966 965 1080 1004 posse
1113 953 1254 992 offerre
1286 953 1431 992 hostias
1463 955 1503 993 in

169 1015 333 1065 iustitia,
372 1014 438 1063 qui
476 1013 645 1050 offerunt
683 1013 721 1049 ln
761 1011 833 1049 fide
877 1008 1024 1063 (iustus
1056 1013 1159 1050 enim
1197 1023 1249 1050 ex
1276 1013 1358 1059 fide
1389 1014 1505 1058 vivit;

170 1073 342 1122 quamvis
375 1083 417 1109 se
448 1072 577 1121 ipsum
609 1069 787 1121 seducat,
819 1071 853 1108 si
884 1069 1026 1108 dixerit
1058 1082 1099 1108 se
1133 1082 1208 1108 non
1240 1069 1383 1108 habere
1415 1083 1502 1122 pec·

170 1135 318 1181 catum,
363 1134 401 1167 et
444 1129 530 1167 ideo
569 1140 647 1166 non
685 1128 804 1179 dicat,
843 1129 932 1178 quia
964 1140 1009 1166 ex
1043 1127 1115 1166 fide
1148 1124 1275 1180 vivit):
1314 1129 1503 1180 numquid

170 1187 347 1226 dicturus
374 1193 434 1225 est
461 1188 651 1238 quispiam
678 1186 750 1224 hoc
784 1185 872 1224 fidei
904 1191 1058 1236 tempus
1090 1185 1143 1224 illi
1177 1186 1242 1224 fini
1275 1199 1359 1225 esse
1393 1199 1502 1225 coae-

170 1245 379 1297 quandum,
412 1245 565 1295 quando
591 1246 679 1295 igne
706 1244 839 1282 iudicii
871 1245 1070 1282 novissimi
1102 1244 1405 1297 mundabuntur,
1437 1247 1504 1296 qui

171 1306 334 1343 offerant
371 1303 518 1342 hostias
555 1304 595 1341 in
637 1299 811 1341 iustitia?
872 1302 925 1340 Ae
970 1314 1040 1353 per
1078 1302 1151 1341 hoc
1194 1304 1375 1353 quoniam
1415 1309 1504 1355 post

171 1362 286 1401 talem
337 1361 628 1400 mundationem
678 1360 827 1399 nullum
876 1366 1081 1411 peccatum
1130 1362 1253 1399 iustos
1302 1361 1504 1401 habituros

171 1434 256 1460 esse
289 1420 528 1459 credendum
568 1426 644 1471 est,
682 1420 857 1470 profecto
890 1418 982 1457 illud
1017 1425 1188 1471 tempus,
1220 1426 1408 1470 quantum
1440 1420 1502 1459 ad-

171 1481 268 1518 tinet
305 1478 351 1517 ad
391 1490 468 1516 non
506 1477 648 1516 habere
687 1483 908 1528 peccatum,
948 1476 1043 1515 nulli
1082 1479 1246 1528 tempori
1279 1490 1502 1529 comparan-

171 1537 263 1576 dum
308 1543 389 1589 est,
433 1537 507 1574 nisi
551 1535 703 1586 quando
748 1537 863 1586 primi
902 1535 1079 1573 homines
1120 1537 1158 1573 in
1197 1536 1373 1587 paradiso
1415 1543 1502 1576 ante

170 1596 541 1647 praevaricationem
566 1595 885 1632 innocentissima
916 1593 1098 1632 felicitate
1132 1595 1321 1633 vixerunt.
1384 1594 1502 1634 Recte

171 1656 300 1704 itaque
333 1652 572 1703 intellegitur
603 1652 676 1691 hoc
702 1653 961 1703 significatum
993 1664 1092 1704 esse,
1123 1663 1212 1690 cum
1244 1652 1390 1691 dictum
1424 1659 1503 1693 est:

171 1713 286 1751 Sicut
317 1712 454 1750 diebus
487 1713 672 1760 pristinis
713 1716 750 1749 et
780 1712 885 1749 sicut
915 1712 1031 1748 annis
1058 1711 1276 1760 prioribus.
1338 1711 1433 1749 Nam
1465 1717 1504 1750 et

170 1783 240 1821 per
280 1769 434 1807 Esaiam
473 1774 608 1820 postea
652 1780 768 1819 quam
809 1767 959 1806 caelum
999 1780 1141 1807 novum
1183 1774 1222 1807 et
1262 1774 1366 1808 terra
1406 1782 1503 1808 nova

171 1829 360 1879 promissa
392 1833 470 1878 est,
507 1828 610 1865 inter
643 1832 792 1878 cetera,
830 1838 927 1877 quae
966 1825 1019 1864 ibi
1051 1827 1098 1865 de
1130 1832 1352 1865 sanctorum
1385 1827 1502 1866 heati-

171 1886 304 1924 tudine
337 1897 407 1936 per
446 1885 647 1935 allegorias
686 1890 725 1923 et
756 1886 970 1935 aenigmata
1003 1886 1226 1936 exequitur,
1265 1885 1405 1935 quibus
1438 1898 1502 1924 ex-

172 1946 405 1996 positionem
438 1955 648 1994 congruam
682 1942 846 1981 rcddere
880 1954 950 1980 nos
982 1942 1183 1993 prohibuit
1215 1943 1388 1982 vitandae
1421 1943 1501 1982 lon-

172 2002 356 2053 gitudinis
394 2014 507 2040 cura:
545 2002 772 2040 Secundum
812 2002 913 2047 dies,
945 2001 1088 2052 inquit,
1120 2002 1221 2048 liqui
1250 2004 1354 2040 vitae
1385 2007 1505 2041 erunt

172 2062 255 2099 dies
292 2062 432 2109 populi
470 2062 556 2099 mei.
625 2059 720 2104 Quis
762 2064 889 2096 autem
931 2070 1059 2096 sacras
1101 2058 1249 2097 litteras
1290 2059 1424 2111 adtigit
1465 2066 1503 2099 et

171 2120 322 2168 ignorat
364 2117 429 2156 ubi
462 2118 565 2156 Deus
607 2117 836 2168 plantaverit
876 2116 1023 2167 lignum
1061 2117 1180 2167 vitae,
1220 2128 1241 2155 a
1273 2119 1384 2156 cuins
1417 2118 1502 2156 cibo

266 2220 300 2261 3)
332 2218 448 2252 Levit.
484 2222 542 2261 16,
576 2222 612 2260 63
640 2217 748 2252 Hebr.
783 2221 822 2259 7,
847 2220 901 2251 27.
956 2218 1011 2260 13)
1037 2216 1100 2252 Iob
1128 2220 1186 2260 14,
1219 2220 1251 2251 4.
1316 2219 1371 2257 15)
1398 2217 1501 2252 Rom.

174 2268 203 2306 1,
233 2268 284 2298 17.
336 2266 394 2307 33)
420 2264 513 2298 Esai.
541 2268 595 2306 (35,
622 2268 677 2299 22.
