1495 2489
43 675 84 704 10

41 966 82 996 15

39 1317 83 1347 20

42 1621 83 1650 25

111 43 162 83 18
645 51 671 77 s.
690 51 906 78 AUGUS'HNI

109 143 247 180 eadem
285 146 322 180 et
358 153 423 180 vos
457 140 584 189 facile
623 143 708 179 illls.
770 139 818 178 Et
856 140 929 178 hoc
970 140 1092 192 unde,
1136 142 1210 179 nisi
1243 143 1331 192 quia
1362 141 1436 181 hoc

108 200 192 238 loco
234 199 346 237 inodo
385 199 549 250 quodam
587 199 745 249 proprio
784 198 960 237 voluntas
996 201 1119 249 posita
1154 205 1228 251 est,
1267 212 1365 251 quae
1396 202 1437 239 in

109 258 208 296 malo
241 260 362 308 accipi
395 270 471 295 non
505 255 659 308 potest?
708 255 920 295 Locutione
953 269 1044 295 vero
1077 258 1289 309 usitatiore,
1321 271 1437 309 quam

109 317 331 367 frequentat
369 318 531 354 maxime
569 315 810 353 consuetudo
851 317 1061 367 sermonis,
1100 328 1176 354 non
1214 318 1349 367 utique
1381 318 1435 355 di-

111 381 284 413 ceretur:
330 376 420 412 Noli
455 376 551 412 velle
590 375 753 412 mentiri
782 385 895 412 omne
925 376 1190 422 mendacium,
1229 376 1303 413 nisi
1334 382 1438 415 esset

110 439 149 471 et
174 433 349 471 voluntas
376 432 483 482 mala,
516 444 535 469 a
569 433 680 470 cuius
711 433 898 482 pravitate
930 432 993 470 illa
1025 432 1288 484 distinguitur,
1321 446 1435 484 quam

108 492 431 542 praedicaverunt
468 490 593 541 angeli
631 490 823 529 dicentes:
868 492 959 529 Pax
998 493 1037 529 ῖη
1071 496 1183 529 terra
1215 493 1437 531 hominibus

110 551 236 588 bonae
262 551 483 588 voluntatis.
544 548 640 587 Nam
665 561 712 587 ex
737 548 948 587 abundanti
974 549 1146 588 additum
1171 555 1231 587 est
1255 548 1438 603 „bonae“,

110 609 143 646 si
180 620 264 646 esse
304 620 380 645 non
419 612 546 657 potest
582 609 657 645 nisi
694 606 804 645 bona.
873 607 974 652 Quid
1012 614 1142 646 autem
1179 620 1360 659 magnum
1397 610 1437 647 in

112 667 284 704 caritatis
328 665 506 704 laudibus
549 665 710 704 dixisset
753 666 969 717 apostolus,
1013 667 1115 716 quod
1157 678 1234 704 non
1275 667 1439 717 gaudeat

110 737 228 775 super
252 726 468 775 iniquitate,
500 725 574 762 nisi
607 726 695 774 quia
726 725 778 762 ita
809 724 1025 774 malignitas
1057 723 1226 775 gaudet?
1256 724 1304 764 Et
1336 726 1437 776 apud

109 789 289 821 auctores
331 782 587 821 saecularium
635 783 852 820 litterarum
894 782 980 821 talis
1024 784 1189 821 istorum
1229 783 1438 822 verborum

108 842 369 879 indifferentia
406 843 613 891 reperitur.
675 842 737 879 Ait
774 843 878 879 enim
910 840 1046 879 Cicero
1087 847 1218 879 orator
1249 841 1437 893 amplissi-

109 912 213 938 mus:
243 900 403 951 „Cupi0,
429 906 559 950 patres
586 901 810 951 conscripti,
836 911 896 938 me
924 911 1008 937 esse
1036 897 1303 939 clementem.“
1340 900 1438 946 Quia

110 958 148 996 id
181 958 342 996 verbum
368 960 407 996 in
439 957 540 996 bono
573 960 715 1009 posuit,
747 959 834 1008 quis
867 963 943 996 tam
975 970 1158 1008 perverse
1191 958 1328 997 doctus
1361 960 1437 997 exi-

111 1023 196 1068 stat,
228 1018 294 1067 qui
327 1029 403 1054 non
437 1028 525 1055 eum
556 1013 746 1068 „Cupio“,
779 1016 845 1054 sed
877 1013 1020 1067 „Volo“
1050 1018 1179 1067 potius
1212 1017 1342 1055 dicere
1375 1018 1438 1055 de-

110 1074 240 1113 buisse
274 1073 508 1113 contendat?
558 1075 680 1113 Porro
711 1074 811 1125 apud
844 1074 1072 1113 Terentium
1103 1075 1315 1125 flagitiosus
1347 1075 1437 1114 adu-

109 1133 260 1172 lescens
292 1135 425 1171 insana
456 1133 622 1184 flagrans
655 1133 854 1184 cupidine:

226 1228 335 1265 Nihil
365 1229 453 1266 v010
486 1228 604 1277 aliud,
636 1227 773 1276 inquit,
805 1227 882 1264 nisi
912 1217 1196 1265 Philumenam.

110 1308 234 1354 Quam
277 1308 513 1347 voluntatem
558 1309 678 1346 fuisse
721 1307 920 1346 libidinem
970 1309 1194 1360 responsio,
1243 1320 1341 1359 quae
1385 1307 1438 1347 ibi

110 1368 211 1405 servi
248 1368 332 1405 eius
370 1368 533 1405 sanioris
572 1367 788 1418 inducitur,
829 1368 920 1404 satis
962 1366 1116 1405 indicat.
1178 1366 1241 1405 Ait
1271 1378 1437 1417 namque

110 1425 264 1463 domino
297 1437 386 1464 suo:

746 1494 899 1540 Quanto
933 1495 1057 1532 satius
1090 1497 1160 1543 est,

230 1554 285 1592 Te
316 1555 357 1591 id
388 1554 480 1591 dare
512 1566 683 1602 operam,
717 1555 783 1603 qui
813 1554 934 1591 istum
964 1566 1137 1591 amorem
1168 1565 1215 1590 ex
1246 1554 1374 1591 animo

1029 1624 1210 1649 amoveas
1241 1614 1322 1660 tuo,

229 1670 353 1715 Quam
378 1670 419 1707 id
448 1671 566 1719 loqui,
598 1683 674 1719 quo
704 1670 832 1719 magis
864 1670 985 1708 libido
1017 1670 1168 1708 frustra
1198 1670 1382 1708 accenda-

1131 1732 1197 1766 tur
1227 1728 1323 1766 tua?

111 1810 302 1848 Gaudium
333 1822 424 1847 vero
457 1822 523 1848 eos
555 1814 594 1848 et
630 1811 669 1847 in
708 1809 806 1846 malo
837 1810 1015 1859 posuisse
1047 1809 1110 1846 ille
1142 1810 1224 1859 ipse
1258 1807 1437 1859 Vergilia-

205 1924 238 1966 5)
259 1922 369 1957 Eoeli.
397 1926 428 1966 τ,
456 1927 509 1956 13.
561 1924 595 1964 s)
616 1922 675 1955 Le.
702 1925 735 1965 2,
764 1925 816 1956 14.
870 1922 926 1964 11)
948 1924 977 1956 1.
1005 1920 1084 1955 Cor.
1113 1924 1167 1964 13,
1195 1925 1225 1955 6.
1277 1923 1334 1965 14)
1361 1921 1437 1956 Cat.

114 1973 143 2012 1,
170 1973 200 2002 2.
252 1972 309 2011 27)
337 1969 416 2004 Ter.
444 1969 552 2003 Andr.
579 1973 613 2012 2,
640 1973 671 2010 1,
698 1972 718 2002 6
745 1979 820 2011 sqq.

205 2123 224 2153 8
252 2131 295 2153 ex
320 2119 544 2154 abundantia
577 2119 626 2161 V;
657 2120 717 2154 secl
742 2120 786 2162 cf.
815 2119 966 2164 Quintil.
992 2121 1025 2162 4,
1052 2121 1085 2161 5,
1111 2122 1176 2160 15,·
1201 2122 1235 2161 5,
1261 2122 1294 2161 6,
1320 2122 1345 2154 2
1365 2121 1376 2162 ΙΙ
1398 2122 1437 2153 11

114 2169 150 2201 et
177 2166 305 2207 VAIQ·
331 2166 426 2200 Nam
453 2168 489 2201 et
513 2178 533 2201 v
552 2168 563 2210 ΙΙ
583 2170 624 2200 21
654 2166 807 2200 sanioris
835 2165 1049 2200 VAFParr.
1072 2166 1164 2209 pqu.
1189 2167 1286 2210 (opp.
1312 2166 1441 2200 insana

112 2214 270 2259 flagrans
296 2213 479 2256 libidine);
507 2224 579 2247 sen.
606 2224 626 2247 v
645 2214 656 2257 ΙΙ
676 2217 720 2246 24
746 2213 808 2256 qui
841 2212 949 2254 VAe‚·
974 2223 1046 2256 quo
1072 2211 1130 2246 Fv
