1548 2562
391 136 443 160 DE
462 121 650 160 mmmm
669 135 737 159 DEI
757 135 790 160 L.
812 135 894 159 xlx.
915 134 944 159 c.
965 135 1005 159 13.
1026 134 1067 158 14.
1311 123 1395 163 379

64 224 188 263 salute
229 229 268 262 et
303 223 568 262 incolumitate
607 235 650 261 ac
691 225 874 262 societate
908 224 968 261 sui
999 223 1173 273 generis,
1210 227 1249 260 et
1281 234 1395 272 qnae-

66 295 141 333 que
182 282 276 332 huic
312 283 397 333 paci
438 281 497 319 vel
539 281 705 320 tuendae
746 282 805 319 vel
843 280 1131 332 recuperandae
1176 281 1395 318 necessaria

67 346 157 390 sunt
189 336 310 392 (sicut
341 352 403 392 ea,
435 352 532 390 quae
564 345 651 390 apte
684 352 726 378 ac
759 342 1036 378 convenienter
1068 339 1244 377 adiacent
1275 339 1395 375 sensi-

66 398 151 450 bus,
182 398 246 436 lux
274 411 357 451 vox,
389 410 503 436 aurae
531 398 733 448 spirabiles
759 410 878 448 aquae
904 397 1105 449 potabiles,
1137 402 1177 435 et
1207 395 1396 447 quidquid

64 456 111 495 ad
156 456 336 495 alendum
387 456 595 507 tegendum
649 456 863 495 curaridum
915 456 1210 505 ornandumque
1254 466 1398 505 corpus
1424 461 1443 491 5

66 511 288 567 congruit),
330 527 375 553 eo
408 521 519 565 pacto
552 516 807 566 aequissimo,
848 520 911 566 ut,
952 516 1019 564 qui
1050 513 1224 552 mortalis
1255 512 1396 551 talibus

65 573 177 611 bonis
210 575 294 623 paci
320 573 541 611 mortalium
573 572 874 611 adcommodatis
906 578 1014 611 recte
1046 585 1142 611 usus
1175 573 1304 622 fuerit,
1336 583 1396 609 ac-

65 633 182 682 cipiat
214 631 399 682 ampliora
424 637 538 681 atque
574 631 743 683 meliora,
774 633 896 682 ipsam
930 631 1078 669 scilicet
1109 629 1397 669 inmortalitatis

66 701 199 740 pacem
246 692 358 740 eique
404 691 698 728 convenientem
737 689 895 740 gloriam
937 695 975 728 et
1015 689 1204 727 honorem
1244 689 1282 726 in
1322 688 1398 725 vita

66 754 222 786 aeterna
255 748 299 786 ad
333 747 541 786 fruendum
574 748 652 786 Deo
686 754 724 786 et
755 750 930 799 proximo
962 749 1001 786 in
1035 747 1130 798 Deo,
1170 748 1237 797 qui
1269 751 1399 784 autem
1427 753 1468 783 10

65 818 282 858 perperam,
314 819 386 845 nec
417 806 480 845 illa
510 808 673 857 accipiat
704 812 743 845 et
774 806 1060 849 liaeoamittat.

584 954 737 997 CAPUT
769 954 884 996 XIV.

67 1041 127 1079 De
157 1042 299 1079 orde'ne
335 1052 385 1078 ac
421 1043 507 1087 leffe
544 1042 626 1078 sive
657 1042 820 1078 caelesti
848 1041 929 1077 sive
960 1044 1140 1086 terrena,
1174 1050 1251 1087 per
1282 1049 1401 1086 quam

183 1100 367 1137 societati
395 1100 594 1136 humanae
625 1100 743 1136 etlam
776 1099 1015 1136 dominando
1049 1099 1283 1143 consulitur,

423 1159 492 1195 cul
521 1162 559 1195 et
589 1157 830 1195 consulendo
860 1158 1045 1194 servitur.
1429 1161 1469 1192 15

185 1237 320 1276 Omnis
360 1239 478 1288 igitur
520 1250 614 1276 usus
656 1249 789 1275 rerum
828 1236 1100 1287 temporalium
1141 1237 1312 1274 refertur
1354 1236 1399 1274 ad

68 1297 239 1334 fructum
266 1297 370 1346 pacis
397 1302 576 1334 terrenae
608 1297 647 1333 in
680 1301 835 1334 terrena
868 1297 1038 1346 civitate3
1071 1296 1110 1332 in
1143 1294 1303 1332 caelesti
1335 1306 1399 1332 au·

67 1361 146 1393 tem
189 1356 341 1392 civitate
383 1355 553 1392 refertur
594 1354 638 1391 ad
680 1354 851 1398 fructum
891 1355 997 1404 pacis
1038 1359 1230 1391 aeternae.
1300 1352 1399 1397 Qua-

68 1418 228 1463 propter
261 1414 292 1450 si
323 1412 564 1450 inrationalia
596 1424 770 1450 essemus
809 1413 1032 1462 animantia,
1074 1410 1168 1449 nihil
1200 1417 1399 1461 appetere-

69 1483 155 1509 mus
187 1475 342 1521 praeter
373 1470 587 1509 ordinatam
619 1476 923 1521 temperaturam
954 1471 1123 1521 partium
1156 1471 1330 1519 corporis
1363 1474 1402 1507 et
1429 1476 1471 1506 20

69 1531 245 1579 requiem
284 1530 584 1580 appetitionum,
622 1529 717 1567 nihil
745 1541 850 1579 ‘ergo
882 1534 1037 1579 praeter
1069 1529 1240 1578 quietem
1273 1528 1400 1565 carnis

70 1593 108 1626 et
134 1588 283 1638 copiam
310 1587 561 1639 voluptatum,
594 1592 637 1625 ut
663 1599 734 1637 pax
761 1588 936 1637 corporis
969 1586 1174 1636 prodesset
1205 1587 1290 1635 paci
1322 1586 1400 1623 aui-

69 1657 165 1684 mae.
228 1645 268 1683 Si
312 1647 415 1683 enim
455 1645 557 1683 desit
594 1658 666 1696 pax
706 1646 901 1696 corporis,
943 1644 1153 1694 impeditur
1193 1645 1307 1681 etiarn
1344 1645 1401 1681 in·

71 1703 269 1742 rationalis
295 1705 442 1741 animae
470 1715 554 1755 pax,
587 1705 675 1753 quia
701 1704 877 1753 requiem
904 1703 1187 1753 appetitionum
1213 1702 1401 1751 consequi

71 1774 149 1800 non
174 1766 313 1812 potest.
364 1761 579 1811 Utrumque
607 1767 736 1799 autem
763 1760 876 1799 simul
906 1762 940 1798 ei
966 1762 1052 1811 paci
1082 1760 1254 1811 prodest,
1286 1771 1402 1809 qnam
1428 1767 1471 1797 25

70 1821 173 1859 inter
214 1831 255 1858 se
296 1819 438 1858 habent
479 1821 604 1857 anima
636 1824 674 1857 et
706 1831 869 1870 corpus,
909 1819 947 1857 id
981 1824 1040 1856 est
1066 1818 1269 1862 ,ordinatae
1303 1819 1401 1855 vitae

71 1889 115 1916 ac
154 1877 300 1917 salutis
363 1877 472 1916 Sicut
508 1879 611 1916 enim
648 1889 782 1928 pacem
824 1878 1000 1927 corporis
1038 1888 1165 1915 amare
1200 1888 1240 1914 se
1273 1881 1401 1914 osten-

71 1935 168 1975 dunt
199 1937 423 1989 animantia,
462 1948 551 1975 cum
593 1937 746 1986 fugiunt
777 1935 967 1987 dolorem,
1006 1940 1045 1973 et
1074 1946 1209 1985 pacem
1242 1935 1403 1986 animae,

72 2006 161 2033 cum
201 1999 361 2045 propter
398 1994 604 2045 explendas
643 1993 875 2044 indigentias
916 1994 1198 2044 appetitionum
1230 1991 1400 2043 volupta-

72 2057 150 2090 tem
182 2057 419 2102 sequuntur:
451 2054 503 2091 ita
529 2058 694 2091 mortem
728 2051 909 2102 fugiendo
942 2053 1035 2089 satis
1067 2050 1250 2102 indicant,
1283 2062 1400 2101 quan·
1429 2058 1472 2089 30

72 2116 156 2149 tum
188 2109 347 2161 diligant
384 2123 540 2162 pacem,
581 2122 656 2161 qua
697 2109 771 2148 sibi
803 2109 1060 2148 conciliantur
1091 2109 1217 2146 anima
1248 2113 1287 2146 et
1319 2120 1402 2146 cor-

168 2250 185 2280 1
214 2256 378 2290 quaeque
394 2263 435 2276 =
449 2257 702 2290 qmceczmzque3
729 2246 774 2289 cf.
789 2245 889 2280 Neue
909 2244 979 2278 112
997 2255 1031 2287 p.
1053 2247 1126 2279 249
1146 2245 1157 2287 ΙΙ
1177 2248 1198 2278 4
1223 2255 1294 2279 uox
1320 2254 1403 2285 mss;

73 2302 146 2327 nox
167 2303 189 2328 v
214 2303 257 2327 εκ
282 2293 486 2328 coniectura
514 2293 646 2328 Morelz'
663 2294 675 2337 ΙΙ
697 2296 738 2327 19
763 2290 1039 2326 inrationabilia
1064 2291 1099 2325 A
1123 2292 1223 2333 (381,
1249 2294 1310 2334 19)
