1611 2465
163 94 249 134 520
699 103 724 128 s.
745 102 961 129 Avocsnm

163 194 322 244 acriter,
364 205 411 230 ne
455 191 499 230 ad
540 190 769 229 damnabilia
808 198 966 242 peccata
1004 191 1202 242 perducat.
1264 192 1313 231 Et
1352 195 1384 232 si
1416 196 1499 245 qui-

161 252 249 289 dem
277 251 449 290 nondum
476 251 728 287 victoriarum
756 249 1039 288 consuetudine
1067 249 1247 290 roborata
1274 257 1376 303 sunt,
1408 252 1497 291 saci-

159 310 234 348 lius
261 311 471 347 vincuntur
498 313 536 346 et
562 307 723 359 cedunt;
757 309 789 346 si
815 314 944 346 autem
969 309 1125 347 vincere
1159 314 1274 360 atque
1306 311 1498 361 imperare

160 373 422 418 consuerunt,
463 366 654 405 laboriosa
695 366 922 405 difficultate
972 373 1219 418 superantur.
1281 367 1417 419 Neque
1461 369 1499 408 id

114 435 133 464 5
160 428 203 465 fit
234 427 424 464 veraciter
458 431 571 475 atque
607 426 813 463 sinceriter
846 426 920 463 nisi
953 437 1065 464 verae
1098 425 1354 465 delectatione
1388 429 1498 466 iusti-

159 487 252 535 tiae3
290 484 386 522 haec
426 490 483 522 est
518 489 647 522 autem
679 485 719 522 in
751 483 825 521 fide
859 483 1013 522 Christi.
1075 484 1172 523 Nam
1204 486 1237 524 si
1267 485 1328 524 lex
1359 486 1499 525 iubens

160 543 259 581 adsit
304 548 343 581 et
386 543 547 593 spiritus
585 544 720 581 iuvans
759 542 876 594 desit,
919 554 990 593 per
1031 544 1154 594 ipsam
1194 543 1499 594 prohibitionem

159 601 353 640 desiderio
396 606 598 639 crescente
641 606 755 651 atque
797 602 976 639 vincente
1018 603 1168 651 peccati
1208 603 1324 640 etiam
1367 609 1499 642 reatus

158 661 502 711 praevaricationis
547 659 707 697 accedit.
774 659 1076 710 Nonnumquam
1121 671 1211 698 sane
1256 662 1500 711 apertissima

91 728 131 757 10
159 720 249 757 vitia
294 718 377 756 aliis
421 719 524 756 vitiis
570 719 779 756 vincuntur
823 717 1004 769 occultis,
1051 730 1148 768 quae
1186 724 1374 769 putantur
1414 732 1499 759 esse

157 778 344 828 virtutes,
382 778 422 814 in
462 775 603 826 quibus
640 782 778 827 regnat
810 775 992 827 superbia
1024 782 1063 815 et
1095 777 1283 827 quaedam
1315 777 1389 816 sibi
1420 778 1498 829 pla-

158 835 272 874 cendi
298 834 460 873 altitudo
488 836 658 873 ruinosa.
720 834 831 873 Tunc
863 836 993 884 itaque
1026 836 1125 873 victa
1157 836 1248 874 vitia
1280 835 1500 887 deputanda

159 899 262 945 sunt,
295 905 383 932 cum
411 892 480 931 Dei
513 905 643 931 amore
676 894 904 945 vincuntur,
939 905 1054 943 quem
1081 895 1156 932 nisi
1181 893 1285 933 Deus
1311 896 1394 945 ipse
1421 908 1500 934 non

158 953 275 991 donat
315 964 388 990 nec
427 951 538 989 aliter
580 953 655 989 nisi
692 963 763 1002 per
801 951 1055 990 mediatorem
1096 952 1166 990 Dei
1204 958 1243 991 et
1285 952 1499 1007 hominum,

91 1021 130 1051 15
157 1011 355 1049 hominem
383 1009 581 1048 Christum
607 1009 748 1061 Iesum,
781 1011 848 1060 qui
880 1010 1004 1048 factus
1038 1016 1097 1049 est
1127 1012 1324 1062 particeps
1356 1018 1497 1051 morta-

157 1069 275 1108 litatis
313 1074 488 1120 nostrae,
527 1073 570 1106 ut
608 1080 678 1106 nos
719 1069 930 1119 participes
972 1069 1118 1107 faceret
1150 1069 1361 1108 divinitatis
1395 1083 1498 1109 suae.

156 1127 387 1166 Paucissimi
408 1132 538 1165 autem
565 1132 655 1164 sunt
682 1132 812 1164 tantae
840 1126 1046 1178 felicitatis,
1080 1132 1124 1165 ut
1149 1127 1195 1165 ab
1221 1129 1305 1178 ipsa
1336 1129 1497 1168 ineunte

158 1185 421 1224 adulescentia
459 1184 563 1223 nulla
601 1184 830 1222 damnabilia
866 1190 1024 1235 peccata
1070 1187 1313 1225 committant
1356 1187 1415 1225 vel
1459 1189 1499 1226 in

157 1244 312 1294 flagitiis
351 1243 411 1281 vel
448 1244 488 1281 in
526 1242 766 1281 facinoribus
798 1242 857 1280 vel
889 1244 928 1280 in
962 1244 1131 1282 nefariae
1166 1245 1394 1295 cuiusquam
1427 1247 1496 1284 im-

88 1313 131 1343 20
157 1303 312 1353 pietatis
355 1313 514 1353 errore,
557 1301 623 1339 sed
667 1313 801 1351 magna
844 1302 1005 1351 spiritus
1047 1301 1222 1351 largitate
1265 1305 1499 1357 opprimant,

158 1359 346 1411 quidquid
374 1361 430 1397 eis
456 1363 590 1410 posset
616 1359 760 1398 carnali
786 1359 1042 1398 delectatione
1071 1360 1272 1399 dominari.
1333 1361 1497 1401 Plurimi

156 1431 247 1457 vero
275 1424 484 1469 praecepto
511 1417 607 1468 legis
634 1423 806 1469 accept0,
839 1415 928 1456 cu'm
953 1419 1063 1469 prius
1090 1420 1181 1457 victi
1209 1419 1355 1458 fuerint
1385 1433 1495 1471 prae-

156 1476 375 1515 valentibus
421 1477 521 1514 vitiis
561 1482 599 1514 et
639 1478 971 1527 praevaricatores
1009 1478 1093 1515 eius
1133 1478 1278 1528 effecti,
1316 1484 1411 1517 tunc
1451 1479 1497 1518 ad

157 1537 319 1586 gratiam
352 1535 584 1585 confugiunt
615 1535 872 1585 adiuvantem,
905 1546 980 1585 qua
1012 1535 1106 1574 fiant
1137 1541 1175 1574 et
1207 1538 1375 1575 amarius
1407 1550 1495 1589 pae-

88 1605 130 1634 25
158 1593 316 1632 nitendo
345 1599 382 1631 et
408 1593 678 1631 vehementius
703 1593 911 1644 pugnando
942 1595 1054 1644 prius
1080 1593 1159 1632 Deo
1193 1594 1347 1633 subdita
1379 1601 1495 1647 atque

156 1654 209 1691 ita
236 1653 342 1690 carni
368 1653 589 1702 praeposita
616 1657 746 1690 mente
778 1653 958 1690 victores.
1021 1651 1208 1703 Quisquis
1239 1655 1358 1704 igitur
1390 1656 1498 1705 cupit

156 1722 301 1762 poenas
335 1709 497 1748 evadere
531 1711 800 1761 sempiternas,
832 1722 910 1747 non
943 1710 1066 1748 solum
1100 1710 1329 1764 baptizetur,
1361 1724 1497 1751 verum

157 1770 273 1807 etiam
311 1768 544 1806 iustificetur
583 1770 622 1806 in
656 1767 828 1819 Christo,
867 1780 910 1806 ac
951 1769 1007 1806 sic
1039 1780 1129 1806 vere
1162 1775 1335 1809 transeat
1365 1782 1386 1809 a
1418 1770 1495 1809 dia-

157 1826 245 1865 holo
285 1826 330 1864 ad
365 1825 586 1864 Cln·istum.'
636 1826 886 1877 Purgatorias
925 1832 1054 1864 autem
1092 1839 1237 1878 poenas
1281 1828 1406 1867 nullas
1439 1829 1495 1868 su-

88 1896 131 1925 30
158 1891 265 1923 turas
299 1886 499 1936 opinetur,
537 1886 611 1922 nisi
651 1891 738 1922 ante
772 1884 866 1923 illud
899 1884 1079 1923 ultimum
1112 1886 1406 1937 timendumque
1439 1888 1494 1925 iu-

158 1944 313 1981 dicium.
377 1942 628 1992 'Nequaquam
673 1948 801 1980 tamen
847 1942 1066 1993 negandum
1112 1949 1170 1981 est
1211 1946 1325 1982 etiam
1367 1946 1496 1996 ipsum

159 2008 361 2039 aeternum
394 2002 521 2050 ignem
554 2013 624 2051 pro
659 2000 879 2038 diversitate
912 2002 1141 2040 meritorum
1174 2004 1348 2052 quamvis
1380 2003 1495 2042 malo-

256 2092 310 2132 15)
340 2094 368 2123 1.
399 2089 490 2124 Tim.
519 2094 550 2131 -2,
578 2094 608 2124 5.

253 2224 271 2251 ἱ)
300 2230 384 2251 nere
411 2218 503 2258 BA,-
535 2228 621 2251 uera
651 2218 791 2260 I'arr.1[
814 2222 853 2251 15
881 2218 1000 2251 Iesum
1029 2217 1212 2252 Christum
1241 2230 1278 2260 ι·,·
1303 2219 1348 2261 cf.
1370 2229 1493 2264 progyr.

152 2276 190 2309 p.
218 2269 260 2298 11
