1548 2562
413 148 466 173 DE
487 148 674 174 OIVITATE
693 149 762 174 Dm
781 149 814 174 L.
834 149 932 174 xxn.
952 148 983 174 c.
1004 150 1048 176 ιι.
1297 140 1381 181 585

48 238 259 275 momentis
298 237 401 275 enim
433 238 623 289 propriis,
660 242 703 276 ut
735 237 911 275 ordinem
943 249 1057 276 suum
1089 243 1266 289 teneant,
1305 240 1380 277 sin-

48 295 137 345 gula
164 294 355 333 elementa
380 294 584 333 librantur.
645 294 746 333 Ecce
780 295 957 346 qualibus
989 298 1227 346 argumentis
1260 298 1381 342 omni-

48 354 244 404 potentiae
272 352 342 391 Dei
367 353 534 392 humana
560 353 791 392 contradicit
816 354 1031 405 infirmitas,
1063 366 1178 405 quam
1209 355 1383 406 possidet

48 413 207 450 vanitas.
271 411 371 456 Quid
410 423 502 462 ergo
542 412 689 450 faciunt
725 413 764 450 in
803 424 891 451 aere
930 418 1086 451 terrena
1118 418 1175 452 tot
1206 425 1382 465 corpora,

50 481 141 508 cum
174 481 194 508 a
226 474 330 508 terra
363 471 412 508 sit
444 481 510 508 aer
541 467 710 508 tertius?
770 469 854 509 Nisi
884 471 1006 523 forte,
1038 473 1103 521 qui
1134 483 1205 522 per
1235 472 1381 523 pluma·
1408 483 1427 512 5

47 540 136 566 rum
176 534 215 567 et
252 539 470 579 pennarum
507 527 701 566 levitatem
740 527 895 567 donavit
932 530 1057 568 avium
1096 532 1264 568 terrenis
1297 542 1380 568 cor-

46 586 222 638 poribus,
253 592 297 625 ut
320 591 528 637 portentur
558 587 598 624 in
630 598 732 638 aere,
763 587 1034 626 inmortalibus
1067 588 1177 626 sactis
1210 590 1381 639 corpori-

46 643 120 682 bus
152 644 354 683 hominum
387 656 464 682 non
496 645 642 695 poterit
673 644 817 683 donare
849 646 1050 694 virtutem,
1089 658 1163 696 qua
1196 649 1310 685 etiam
1341 649 1381 685 in

45 714 198 741 summo
225 702 331 742 caelo
357 701 532 741 habitare
563 702 724 742 valeant.
786 703 971 742 Animalia
1003 716 1158 755 quoque
1191 706 1272 756 ipsa
1305 711 1380 744 ter-

45 772 165 812 rena,
208 772 306 812 quae
350 760 478 799 volare
517 773 595 799 non
635 767 818 814 possunt,
860 763 900 800 in
940 762 1080 812 quihus
1125 768 1163 801 et
1204 763 1381 802 homines
1410 775 1452 806 10

46 824 149 871 sunt,
182 820 284 858 sicut
315 818 387 858 sub
421 831 518 870 aqua
549 820 688 871 pisces,
721 832 818 870 quae
852 827 943 858 sunt
975 833 1162 871 aquarum
1194 822 1382 873 animalia,

45 879 97 916 ita
130 877 202 916 sub
234 883 339 916 terra
365 878 494 916 vivere
527 877 758 916 debuerunt.
821 877 899 916 Cur
932 890 1023 929 ergo
1057 891 1134 917 non
1168 880 1302 918 saltem
1335 880 1381 918 de

45 935 230 988 secundo,
261 935 299 974 id
328 940 387 974 est
412 935 459 974 de
486 937 607 988 aquis,
640 936 707 974 sed
733 937 779 975 de
807 936 999 975 elemento
1032 939 1147 976 tertio
1180 944 1380 977 terrenum

45 994 184 1032 animal
217 995 341 1045 carpit
371 993 471 1032 hanc
502 991 647 1033 vitam?
709 994 849 1047 Quare,
882 1007 969 1033 cum
1000 998 1195 1046 pertineat
1227 996 1273 1034 ad
1305 1002 1380 1035 ter-

44 1064 138 1104 ram,
170 1054 211 1091 in
243 1053 427 1104 secundo,
460 1052 563 1103 quod
596 1064 715 1103 super
747 1058 891 1091 terram
924 1058 996 1105 est,
1028 1053 1219 1093 elemento
1252 1056 1380 1093 vivere
1410 1066 1451 1096 15

45 1112 77 1149 si
104 1116 276 1162 cogatur,
308 1112 493 1149 continuo
521 1111 734 1149 suffocatur
761 1117 799 1149 et
831 1116 875 1149 ut
906 1112 1006 1150 vivat
1037 1113 1129 1151 vivit
1160 1114 1199 1150 in
1233 1111 1382 1152 tertio?

43 1170 102 1207 An
134 1174 239 1207 errat
264 1168 327 1207 hic
354 1168 449 1207 ordo
483 1168 777 1221 elementorum,
808 1169 867 1208 vel
899 1171 1029 1220 potius
1062 1183 1138 1208 non
1171 1172 1211 1209 in
1244 1177 1382 1210 natura

43 1239 188 1279 rerum,
221 1227 288 1265 sed
320 1228 360 1265 in
392 1228 557 1265 istorum
589 1227 990 1278 argumentationibus
1023 1226 1181 1267 deficit?
1236 1229 1380 1268 Omitto

43 1285 188 1337 dicere,
219 1285 424 1335 quodiam
455 1286 495 1323 in
528 1286 644 1323 tertio
677 1285 828 1324 decimo
861 1285 959 1324 libro
992 1285 1082 1338 dixi,
1115 1299 1229 1337 quam
1262 1288 1381 1327 multa

43 1344 172 1394 gravia
210 1348 367 1382 terrena
405 1344 483 1381 sint
521 1355 702 1395 corpora,
741 1345 842 1382 sicut
880 1343 1100 1397 plumbum,
1142 1351 1180 1383 et
1218 1346 1380 1384 sormam
1408 1356 1451 1388 20

43 1408 174 1440 tamen
218 1400 264 1439 ab
309 1401 457 1439 artifice
508 1403 714 1452 accipiant,
759 1414 834 1452 qua
884 1407 1017 1441 natare
1061 1402 1213 1442 valeant
1263 1416 1381 1455 super

43 1471 200 1511 aquam,
241 1465 280 1498 et
317 1465 361 1499 ut
399 1461 562 1511 accipiat
601 1459 824 1510 qualitatem
857 1472 1000 1511 corpus
1032 1461 1265 1514 humanum,
1307 1475 1380 1513 qua

43 1519 138 1556 ferri
170 1519 209 1556 in
243 1517 391 1556 caelum
425 1523 463 1556 et
495 1529 580 1556 esse
612 1519 737 1569 possit
767 1520 808 1557 in
841 1518 968 1571 caelo,
1001 1521 1258 1571 omnipotenti
1291 1522 1379 1559 arti-

43 1576 106 1615 fici
138 1573 447 1615 contradicitur?

162 1634 242 1673 Iam
268 1646 359 1672 vero
386 1639 522 1673 contra
547 1634 653 1687 illud,
686 1635 788 1685 quod
821 1637 896 1674 iam
927 1635 1006 1674 dixi
1038 1638 1232 1689 superius,
1265 1639 1379 1676 etiam
1407 1647 1449 1678 25

43 1694 162 1731 istum
207 1692 500 1731 considerantes
544 1698 659 1743 atque
701 1698 912 1732 tractantes
954 1694 1237 1734 elementorum
1279 1696 1379 1735 ordi-

44 1763 152 1803 nem,
190 1763 266 1802 quo
305 1750 521 1803 confidunt,
560 1763 637 1789 non
674 1752 877 1790 inveniunt
915 1754 1071 1791 omnino
1106 1753 1208 1804 quod
1241 1754 1380 1793 dicant.

45 1808 109 1848 Sic
151 1815 210 1848 est
248 1810 353 1848 enim
390 1809 481 1848 hinc
514 1821 670 1848 sursum
708 1822 844 1849 versus
876 1816 981 1849 terra
1012 1812 1153 1863 prima,
1192 1824 1291 1862 aqua
1323 1825 1379 1852 se-

45 1866 192 1919 cunda,
222 1869 364 1907 tertius
401 1878 491 1920 aer,
533 1874 715 1918 quartum
746 1868 916 1921 caelum,
948 1876 991 1908 ut
1022 1882 1140 1920 super
1173 1872 1300 1909 omnia
1332 1873 1381 1910 sit

44 1928 193 1964 animae
232 1931 380 1964 natura.
442 1925 538 1964 Nam
577 1932 616 1965 et
646 1926 874 1965 Aristoteles
907 1929 1087 1978 quintum
1120 1940 1263 1979 corpus
1296 1941 1380 1968 eam
1405 1938 1450 1969 30

44 1983 140 2022 dixit
183 1995 268 2022 esse
312 1989 352 2023 et
381 1983 490 2023 Plato
522 1983 684 2023 nullum.
747 1984 787 2023 Si
820 1987 998 2036 quintum
1032 1992 1146 2038 esset,
1178 1992 1284 2026 certe
1318 2000 1379 2026 su—

44 2043 178 2093 perius
215 2047 320 2080 esset
357 2043 518 2094 ceteris,
560 2054 650 2081 cum
681 2055 773 2082 vero
806 2043 956 2082 nullum
990 2049 1066 2096 est,
1104 2044 1226 2083 multo
1259 2047 1379 2097 magis

45 2105 203 2151 superat
234 2101 372 2139 omnia.
433 2100 477 2139 In
518 2106 676 2139 terreno
709 2114 800 2153 ergo
834 2102 925 2152 quid
958 2102 1049 2140 facit
1081 2101 1275 2153 corpore?
1336 2103 1379 2143 In

139 2201 197 2245 19)
224 2199 259 2235 O.
288 2203 340 2234 18.

141 2308 182 2339 18
209 2304 344 2339 defecit
367 2305 419 2339 R¹
439 2307 451 2349 Η
471 2308 513 2339 25
539 2305 614 2339 iam
640 2306 715 2340 dixi
740 2306 832 2348 RA‚·
858 2307 933 2341 dixi
957 2318 978 2341 v
