1611 2465
58 914 97 944 10

61 1207 99 1235 15

123 126 207 167 (300
664 134 690 158 s.
710 132 927 159 AL‘GL'STINI

122 224 187 263 ubi
221 223 414 276 membra,
459 229 501 261 ut
533 222 873 274 praeciderentur,
911 234 1096 273 percussa
1129 221 1187 260 vel
1221 227 1324 260 secta
1358 228 1461 274 sunt,

121 283 174 322 ibi
206 284 431 334 cicatrices,
477 282 543 319 sed
583 288 711 320 tamen
752 281 896 319 eisdem
939 280 1122 318 membris
1155 280 1338 332 redditis,
1382 292 1459 318 non

120 341 297 394 perditis,
331 339 584 392 apparebunt.
648 339 830 385 Quamvis
858 341 987 390 itaque
1021 341 1148 377 onmia
1180 351 1277 390 quae
1312 338 1459 377 accide-

122 406 214 439 runt
241 401 396 450 corpori
426 400 516 437 vitia
548 404 643 437 tunc
676 410 753 437 non
787 403 914 449 erunt,
947 410 1023 436 non
1057 404 1148 437 sunt
1179 403 1308 436 tamen
1341 397 1461 449 depu-

124 459 236 497 tanda
270 458 329 496 vel
361 457 586 509 appellanda
620 458 709 495 vitia
742 458 898 495 virtutis
930 456 1080 494 indicia.

661 616 815 659 CAPUT
844 617 933 659 XX.

132 705 245 750 Quod
269 706 309 742 in
336 705 637 743 resurrectione
668 708 917 741 mortuorum
948 707 1100 741 natura
1131 714 1346 753 emporum
1377 706 1462 752 qui-

166 764 334 801 buslibet
364 763 489 800 modis
522 763 804 810 dissipatorum
837 763 876 800 in
910 764 1108 810 inteyrum
1140 764 1418 810 undecumque

637 821 867 859 revocanda
898 822 959 859 sit.

243 901 354 940 Absit
379 907 521 954 autem,
549 907 592 940 ut
618 902 663 940 ad
691 901 958 948 resuscitanda
986 914 1149 953 corpora
1175 903 1352 953 vitaeque
1379 903 1465 941 red-

125 960 250 1000 denda
288 973 366 999 non
403 962 525 1012 possit
565 961 845 1011 omnipotentia
879 959 1074 998 Creatoris
1108 962 1235 998 omnia
1268 973 1466 1014 revocare,

126 1032 223 1071 quae
250 1019 309 1058 vel
335 1018 482 1057 bestiae
510 1019 569 1056 vel
595 1020 695 1069 ignis
722 1018 949 1070 absumpsit,
984 1019 1041 1056 vel
1068 1021 1106 1057 in
1133 1019 1335 1070 pulverem
1361 1021 1464 1058 eine-

126 1090 255 1117 remve
296 1077 523 1128 conlapsum
573 1077 632 1115 vel
670 1078 709 1115 in
748 1089 925 1115 umorem
970 1077 1141 1115 solutum
1182 1077 1242 1116 vel
1279 1079 1318 1116 in
1352 1090 1467 1116 auras

126 1142 186 1175 est
212 1136 443 1174 exhalatum.
505 1135 615 1174 Absit
647 1141 689 1173 ut
722 1136 830 1173 sinus
863 1135 964 1173 ullus
997 1142 1271 1186 secretumque
1304 1142 1465 1175 naturae.

127 1197 177 1234 ita
205 1196 369 1246 recipiat
395 1194 538 1245 aliquid
561 1193 803 1232 subtractum
831 1193 1012 1232 sensibus
1038 1195 1196 1246 nostris,
1223 1200 1265 1232 nt
1292 1196 1466 1233 omnium

128 1253 324 1291 Creatoris
364 1257 430 1291 aut
469 1253 731 1303 cognitionem
772 1251 888 1290 lateat
925 1257 991 1290 aut
1032 1253 1189 1303 effugiat
1221 1258 1466 1303 potestatem.

128 1312 250 1350 Deum
283 1317 391 1350 certe
424 1311 574 1362 volens,
614 1312 715 1348 sicut
745 1315 918 1361 poterat,
950 1309 1111 1348 definire
1145 1310 1303 1363 Cicero,
1335 1317 1467 1350 tantus

128 1376 264 1409 auctor
305 1372 499 1421 ipsorum:
549 1369 688 1420 „Mens
730 1369 917 1419 quaedam
959 1375 1039 1421 est,
1071 1370 1217 1422 inquit,
1262 1369 1387 1408 soluta
1430 1374 1468 1408 et

128 1429 266 1481 libera,
305 1434 454 1467 secreta
493 1427 539 1465 ab
578 1429 683 1465 omni
722 1429 972 1466 concretione
1013 1427 1183 1480 mortali,
1221 1431 1349 1466 omnia
1381 1440 1467 1466 sen-

129 1490 230 1526 tiens
257 1493 295 1526 et
321 1499 480 1525 movens
506 1488 667 1537 ipsaque
700 1485 874 1537 praedita
908 1491 1015 1524 motu
1049 1482 1325 1537 sempiterno.“
1385 1486 1469 1524 Hoc

129 1552 257 1585 autem
284 1547 458 1597 repperit
484 1546 524 1583 in
551 1545 740 1583 doctrinis
766 1556 998 1595 magnorum
1023 1544 1356 1596 philosophorum.
1419 1544 1468 1583 Ut

128 1607 247 1656 igitur
280 1603 495 1642 secundum
528 1605 633 1654 ipsos
666 1603 819 1653 loquar,
852 1615 928 1653 quo
962 1603 1076 1641 modo
1109 1603 1252 1654 aliquid
1284 1603 1343 1641 vel
1375 1602 1470 1642 latet

129 1665 256 1702 omnia
308 1664 541 1701 sentientem
591 1661 649 1699 vel
700 1660 1013 1699 inrevocabiliter
1065 1662 1161 1712 sugit
1211 1663 1337 1700 omnia
1389 1674 1468 1700 mo-

130 1719 312 1760 ventem?

248 1780 357 1818 Unde
391 1781 465 1817 iam
498 1780 612 1817 etiam
647 1780 822 1829 quaestio
855 1777 916 1816 illa
950 1778 1130 1816 solvenda
1164 1784 1235 1830 est,
1268 1790 1365 1829 quae
1398 1778 1468 1816 dis-

132 1839 268 1877 licilior
306 1837 460 1876 videtur
498 1838 661 1888 ceteris,
706 1836 771 1875 ubi
815 1838 1037 1888 quaeritur,
1082 1848 1169 1874 cum
1203 1848 1292 1875 caro
1324 1838 1469 1875 mortui

131 1898 298 1935 hominis
331 1898 445 1934 etiam
479 1895 639 1933 alterius
672 1896 711 1933 fit
745 1896 908 1933 viventis
942 1906 1044 1946 claro,
1076 1896 1137 1932 cui
1170 1897 1299 1945 potius
1333 1906 1468 1933 eorum

131 1958 169 1994 in
212 1956 503 1994 resurrectione
545 1953 742 1991 reddatur.
807 1953 845 1990 Si
889 1954 990 1991 enim
1034 1954 1223 2003 quispiam
1267 1953 1470 1991 consectus

134 2016 231 2052 same
254 2020 368 2064 atque
391 2012 616 2063 compulsus
643 2017 823 2050 vescatur
850 2010 1100 2049 cadaveribus
1128 2011 1340 2063 hominum,
1367 2011 1469 2062 quod

64 2084 106 2112 30
135 2073 275 2110 malum
317 2072 548 2122 aliquotiens
589 2070 774 2108 accidisse
815 2075 851 2108 et
890 2076 1001 2107 vetus
1041 2075 1207 2107 testatur
1239 2069 1399 2107 historia
1432 2074 1471 2108 et

228 2175 286 2215 20)
313 2173 418 2206 Tusc.
448 2176 477 2215 1,
505 2176 559 2206 27.

230 2305 271 2335 1ss
299 2301 361 2334 lut.
391 2312 494 2343 cogn.
522 2311 540 2333 t*
561 2301 572 2343 ΙΙ
595 2304 634 2333 18
662 2299 780 2342 inquit
808 2300 862 2333 est
890 2309 907 2332 z*
