1611 2465
110 700 152 730 10

112 992 152 1021 15

110 1282 154 1313 20

111 1573 154 1603 25

179 69 261 110 164
709 76 737 102 s.
757 76 975 102 AUGUSTnu

177 169 285 219 dieo,
317 168 461 217 lnquit:
507 169 780 205 testamentum
815 168 1093 212 confirmatum
1126 178 1149 204 a
1182 166 1265 205 Deo
1293 171 1385 215 post
1414 179 1510 215 qua-

176 228 409 273 dre‘nyentos
441 226 609 272 triqe‘nta
642 235 767 262 annos
796 223 911 271 facta
944 226 1009 262 lex
1035 235 1111 262 non
1139 226 1317 271 §nfirmat
1343 227 1399 263 ad
1423 237 1510 264 eva-

177 285 376 323 cuandam
417 284 733 332 promissionem.
801 281 877 320 Iam
918 293 1011 332 ergo
1051 284 1114 320 isti
1161 283 1435 333 quadringenti
1474 290 1512 322 et

177 344 333 392 triginta
376 342 465 379 anni
504 339 779 391 quadringenti
816 345 997 391 poterant
1039 342 1274 392 nuncupari,
1313 343 1402 391 quia
1435 353 1510 380 non

179 406 267 439 sunt
294 399 416 437 multo
445 398 625 449 amplius:
659 404 803 449 quanto
830 400 951 448 magis
977 410 1065 437 cum
1093 398 1238 450 aliquot
1264 400 1340 437 iam
1367 412 1412 438 ex
1438 401 1512 439 isto

178 470 340 496 numero
373 458 674 508 praeterissent,
707 456 861 507 quando
893 456 955 494 illa
988 458 1027 495 in
1060 459 1143 495 visu
1178 456 1442 497 demonstrata
1476 465 1514 497 et

178 517 277 554 dleta
306 520 398 554 sunt
424 515 611 567 Abrahae,
643 515 703 553 vel
729 515 883 565 quando
911 514 1015 554 Isaac
1048 521 1163 554 natus
1196 521 1255 554 est
1287 519 1512 555 centenario

177 576 278 625 patri
319 586 407 626 sue,
453 586 474 612 a
511 575 634 624 prima
673 575 932 624 promissione
970 580 1058 624 post
1091 575 1225 624 viginti
1264 579 1302 612 et
1340 576 1512 626 quinque

179 645 311 684 annos,
345 645 433 670 eum
465 634 540 670 iam
567 644 613 670 ex
639 633 725 670 istis
746 632 1040 682 quadringentis
1063 634 1219 682 triginta
1241 632 1514 684 quadringenti

179 697 217 729 et
259 692 431 741 quinque
471 696 737 741 remanerent,
783 702 880 741 quos
914 690 1017 728 Deus
1057 690 1361 741 quadringentos
1394 691 1515 730 voluit

178 751 391 788 nominare.
447 748 497 787 Et
529 755 670 800 cetera,
704 760 801 798 quae
835 753 1055 799 sequnntur
1086 750 1125 786 in
1159 748 1287 787 verbis
1319 761 1512 800 praenun-

178 809 310 846 tiantis
352 806 440 859 Dei,
484 807 613 846 nullus
658 806 895 845 dubitaverit
936 806 981 845 ad
1026 806 1282 845 Israelitioum
1326 808 1514 859 populum

178 868 387 917 pertinere.

297 924 409 969 Quod
440 935 532 961 vero
565 924 805 973 adiungitur:
851 925 945 962 Cum
979 929 1109 962 autem
1142 926 1221 962 iam
1252 926 1313 964 sol
1341 931 1432 964 erat
1463 927 1519 964 ad

180 994 382 1029 occasum,
417 984 580 1029 flamme
609 981 725 1030 facta
758 987 830 1029 est,
876 987 913 1020 et
945 994 1038 1021 ecce
1073 982 1229 1030 fornax
1262 982 1515 1030 fumabunda

179 1046 217 1080 et
248 1042 452 1089 lampades
485 1043 599 1088 ἐφιεὶς,
633 1052 737 1088 quae
764 1042 1094 1089 pertransierunt
1120 1053 1197 1089 per
1228 1043 1360 1080 media
1387 1043 1515 1081 divisa

179 1102 265 1147 illa,
311 1099 502 1149 significat
542 1100 617 1135 iam
655 1100 694 1136 in
735 1099 810 1136 fine
850 1098 993 1136 saeculi
1025 1111 1095 1149 per
1127 1100 1257 1149 ignem
1289 1099 1516 1138 iudicandos

180 1170 265 1196 esse
304 1156 489 1195 carnales.
560 1156 670 1194 Sicut
708 1158 810 1194 enim
850 1157 1018 1194 adflictio
1056 1158 1222 1195 civitatis
1261 1157 1348 1209 Dei,
1393 1158 1516 1208 qualis

179 1221 291 1254 antea
323 1227 536 1265 numquam
563 1215 648 1266 suit,
680 1227 777 1264 quae
805 1214 877 1253 sub
897 1215 1137 1253 Antichristo
1165 1215 1296 1254 futura
1323 1221 1515 1268 speratur,

181 1274 421 1324 significatur
452 1271 661 1311 tenebroso
694 1274 834 1311 timore
868 1272 1040 1311 Abrahae
1075 1274 1176 1312 circa
1204 1274 1296 1312 solis
1323 1286 1516 1326 occasum,

179 1332 218 1370 id
246 1338 305 1370 est
330 1333 618 1382 propinquante
645 1332 720 1369 iam
747 1331 822 1369 fine
850 1331 1016 1370 saeculi:
1049 1332 1104 1371 sic
1130 1331 1176 1370 ad
1204 1331 1296 1370 solis
1323 1344 1515 1381 occasum,

180 1390 218 1428 id
251 1396 310 1428 est
341 1389 387 1428 ad
418 1391 547 1440 ipsum
577 1391 653 1427 iam
685 1390 813 1441 finem,
846 1390 1085 1440 significatur
1117 1391 1191 1428 isto
1224 1392 1313 1441 igne
1345 1391 1428 1430 dies
1459 1393 1515 1430 iu-

180 1448 271 1486 dicii
309 1448 497 1486 dirimens
536 1447 710 1486 carnales
747 1460 818 1499 per
856 1450 984 1498 ignem
1024 1448 1226 1486 salvandos
1268 1455 1306 1488 et
1348 1451 1387 1488 in
1428 1451 1516 1500 igne

182 1506 430 1544 damnandos.
513 1505 659 1544 Deinde
711 1512 987 1545 testamentum
1039 1507 1184 1545 factum
1234 1507 1280 1545 ad
1325 1507 1516 1546 Abraham

182 1570 327 1603 terram
360 1563 538 1602 Chanaan
576 1566 734 1615 proprie
773 1565 993 1603 manifestat
1025 1569 1065 1603 et
1096 1567 1269 1603 nominat
1299 1567 1339 1604 in
1371 1578 1415 1604 ea
1446 1579 1516 1605 un-

181 1622 306 1661 decim
332 1627 470 1672 gentes
496 1634 516 1660 a
542 1622 700 1661 ssumine
727 1622 889 1673 Aegypti
920 1635 1045 1673 usque
1079 1623 1123 1661 ad
1158 1623 1302 1662 flumen
1335 1636 1517 1675 magnum

180 1680 417 1732 Euphraten.
481 1680 566 1719 Non
600 1693 692 1731 ergo
725 1693 744 1719 a
777 1681 935 1719 flumine
968 1693 1107 1732 magno
1140 1681 1319 1732 Aegypti,
1351 1682 1425 1721 hoc
1458 1690 1518 1723 est

181 1738 279 1790 Nilo,
312 1739 380 1776 sed
413 1751 433 1776 a
464 1751 596 1790 parm,
629 1738 731 1789 quod
765 1739 901 1777 dividit
932 1741 1034 1778 inter
1066 1740 1283 1790 Aegyptum
1315 1746 1354 1779 et
1385 1740 1515 1780 Palae-

182 1798 340 1844 stinam,
372 1795 441 1835 uhi
473 1802 532 1835 est
564 1798 698 1835 civitas
731 1797 1013 1836 Rhinocorura.

275 1899 310 1941 3)
337 1897 416 1932 Gal.
444 1900 476 1938 3,
505 1900 558 1931 17.
611 1898 669 1939 17)
696 1896 783 1930 Gen.
813 1901 865 1940 15,
895 1902 946 1931 17.

279 2029 295 2058 1
323 2035 371 2068 sq.
399 2025 485 2068 posta
510 2053 516 2060 .
546 2053 551 2059 .
580 2024 679 2058 facta
698 2025 756 2058 lex
783 2024 1133 2066 VRFPm-2·,o›1ezz.,·
1158 2027 1243 2069 post
1271 2054 1277 2060 .
1305 2054 1311 2060 .
1339 2026 1438 2061 facta
1463 2029 1519 2062 est

181 2072 241 2105 lex
260 2071 316 2105 Ab
326 2084 338 2112 ‚·
364 2082 457 2114 quae
482 2072 568 2115 post
593 2099 599 2105 .
629 2098 634 2103 .
663 2071 763 2104 faeta,
788 2072 842 2105 est
866 2071 924 2104 lex
944 2083 963 2105 v
983 2073 994 2114 ΙΙ
1014 2075 1032 2105 2
1060 2072 1213 2116 triginta
1241 2072 1273 2105 V
1276 2072 1344 2115 ¹R,·
1370 2075 1407 2107 et
1430 2073 1516 2119 trig.

182 2128 201 2152 v
221 2119 232 2162 ΙΙ
253 2122 272 2151 4
298 2117 385 2151 anni
418 2117 492 2159 Vv;
518 2127 583 2153 om.
609 2116 682 2151 ΕΑ
702 2118 713 2161 ΙΙ
733 2121 752 2152 8
779 2117 850 2162 vig.
878 2117 1036 2162 quinque
1063 2118 1227 2163 RA1123
1254 2118 1293 2153 in
1318 2130 1382 2154 om.
1418 2120 1451 2154 V
