1548 2562
409 128 460 152 DE
481 127 670 152 CIVITATE
690 128 759 152 DEI
778 128 811 152 L.
830 127 894 152 XV.
913 127 942 152 c.
961 129 987 152 4.
1307 118 1362 157 63

37 221 164 267 tatur,
204 215 327 266 qualis
372 228 456 254 esse
501 215 547 253 de
593 215 734 254 talibus
776 216 918 254 laetitia
957 215 1074 254 rebus
1114 221 1253 266 potest.
1314 216 1363 254 Et

37 275 219 325 quoniam
257 286 334 312 non
373 279 432 312 est
472 274 544 312 tale
588 274 753 326 bonum,
793 280 837 312 ut
868 273 991 312 nullas
1023 276 1218 324 angustias
1249 275 1363 312 saciat

37 331 273 370 amatoribus
294 334 386 384 suiS,
411 332 498 370 ideo
520 333 652 370 civitas
678 334 750 370 ista
776 333 960 371 adversus
986 345 1026 370 se
1053 334 1174 383 ipsam
1194 333 1361 383 plerum-

37 402 111 440 que
151 390 335 428 dividitur
379 390 583 443 litigand0‚
619 390 797 428 bellando
835 396 949 441 atque
990 391 1195 441 pugnando
1229 396 1266 429 et
1297 396 1363 429 aut

37 449 256 486 mortiferas
289 454 355 487 aut
387 455 492 486 certe
534 449 716 487 mortales
748 450 928 487 victorias
960 449 1204 499 requirendo
1266 449 1361 487 Nam

36 519 82 545 ex
110 519 351 557 quacumque
379 509 439 545 sui
464 512 573 557 parte
607 507 792 545 adversus
824 507 983 545 alteram
1016 509 1076 546 sui
1107 513 1256 558 partem
1282 507 1360 546 bel-

35 565 148 603 lando
190 567 424 617 surrexerit,
463 567 615 615 quaerit
655 577 740 603 esse
778 567 915 603 victrix
956 568 1151 618 gentium,
1193 579 1281 604 cum
1313 568 1362 604 sit

37 625 184 674 captiva
226 625 426 675 vitiorum3
472 628 510 661 et
542 626 573 662 si
606 623 781 674 quidem,
826 635 914 661 cum
955 626 1111 676 vicerit,
1155 624 1361 675 superbius

36 681 251 734 extollitur,
292 683 406 720 etiam
438 683 658 733 mortifera3
696 683 727 719 si
766 694 858 719 vero
891 682 1157 720 condicionem
1189 684 1361 733 cogitans

37 752 227 790 casusque
255 752 479 779 communes
506 743 627 791 magis
659 752 756 790 quae
788 740 963 778 accidere
996 746 1159 791 possunt
1191 741 1360 779 adversis

37 799 202 850 angitur,
235 811 348 849 quam
382 800 437 837 eis
470 811 567 849 quae
599 804 863 850 provenerunt
894 799 1074 837 secundis
1107 799 1223 837 rebus
1255 799 1360 838 infla-

36 862 118 909 tur,
161 857 427 895 tantummodo
465 857 637 895 mortalis
669 862 728 894 est
758 859 829 895 ista
863 859 1032 895 victoria.
1094 857 1226 907 Neque
1260 860 1362 896 enim

37 927 191 965 semper
228 915 417 953 dominari
454 917 597 966 poterit
639 915 901 966 permanendo
941 917 1013 967 eis,
1054 928 1151 966 quos
1191 918 1362 966 potuerit

38 973 244 1024 subiugare
286 974 485 1012 vincendo.
553 974 636 1011 Non
678 979 806 1012 autem
848 979 953 1011 recte
995 974 1137 1011 dicitur
1178 986 1218 1011 ea
1261 974 1359 1012 hona

37 1044 114 1069 non
155 1044 260 1083 esse,
303 1044 399 1082 quae
443 1034 682 1083 concupiscit
720 1032 813 1070 haee
852 1034 1005 1084 civitas,
1047 1032 1199 1082 quando
1232 1038 1291 1070 ost
1323 1038 1361 1070 et

35 1092 117 1140 ipsa
159 1091 198 1128 in
241 1102 310 1128 suo
352 1090 519 1128 humano
566 1103 707 1141 genere
754 1090 900 1128 melior.
970 1090 1218 1141 Concupiscit
1259 1092 1360 1129 enim

36 1154 233 1186 terrenam
286 1142 476 1199 quandam
520 1161 590 1199 pro
638 1148 755 1187 rebus
804 1150 945 1186 infimis
988 1162 1138 1200 pace1n3
1188 1149 1232 1187 ad
1278 1162 1361 1187 eam

36 1218 201 1257 namque
242 1207 436 1245 desiderat
472 1209 675 1257 pervenire
714 1207 908 1258 bellando3
950 1209 1130 1257 quoniam
1163 1209 1194 1245 si
1226 1209 1362 1246 vicerit

37 1270 75 1302 et
107 1266 173 1315 qui
204 1267 360 1304 resistat
391 1278 467 1303 non
500 1266 635 1317 suerit,
676 1278 747 1316 pax
781 1267 873 1313 erit,
916 1278 1028 1316 quam
1062 1278 1138 1304 non
1169 1265 1361 1304 habehant

36 1328 166 1373 partes
199 1325 239 1361 in
264 1325 388 1362 vicem
414 1324 661 1362 adversantes
694 1329 732 1362 et
763 1336 833 1374 pro
866 1324 926 1361 his
958 1324 1087 1376 rebus,
1120 1336 1214 1375 quas
1247 1324 1361 1362 simul

38 1381 180 1419 habere
223 1394 299 1420 non
341 1387 541 1434 poterant,
584 1382 729 1420 infelici
774 1388 943 1432 egestate
988 1388 1192 1421 certantes.r
1254 1382 1360 1420 Hanc

37 1452 172 1490 pacem
214 1442 421 1490 requirunt
461 1440 651 1479 laboriosa
698 1440 813 1492 bella,
857 1441 955 1479 hanc
996 1441 1222 1491 adipiscitur
1263 1453 1360 1491 quae

37 1503 197 1549 putatur
246 1499 410 1548 gloriosa
460 1500 630 1537 victoria.
700 1499 860 1544 Quando
911 1504 1038 1538 autem
1087 1501 1247 1537 vineunt
1296 1501 1362 1549 qui

38 1568 152 1594 causa
190 1558 352 1595 iustiore
390 1557 629 1609 pugnabant,
662 1559 747 1607 quis
792 1557 942 1596 dubitet
979 1557 1242 1607 gratulandam
1276 1570 1360 1595 esse

36 1616 235 1653 victoriam
282 1622 320 1654 et
370 1618 594 1666 provenisse
642 1615 848 1666 optabilem
892 1613 1055 1666 pacem?
1116 1615 1218 1653 Haec
1261 1615 1361 1653 bona

38 1678 128 1711 sunt
172 1678 210 1711 et
260 1675 342 1711 sine
394 1673 510 1711 dubio
554 1673 623 1711 Dei
667 1674 765 1711 dona
809 1679 910 1711 sunt.
979 1674 1053 1711 Sed
1099 1675 1131 1711 si
1175 1673 1360 1723 neglectis

38 1731 282 1783 melioribus,
326 1744 423 1782 quae
467 1732 510 1769 ad
554 1744 760 1782 supernam
801 1734 997 1782 pertinent
1038 1733 1251 1784 civitatem,
1294 1731 1361 1770 ubi

37 1791 112 1827 erit
142 1791 300 1827 victoria
332 1792 371 1828 in
405 1796 559 1828 aeterna
593 1796 630 1828 et
663 1802 809 1827 summa
842 1803 934 1841 pace
969 1802 1122 1841 secura,
1159 1790 1257 1828 bona
1289 1792 1360 1828 ista

37 1849 92 1885 sic
130 1850 477 1900 coi'icupiscuntuiy
516 1854 557 1886 ut
602 1848 660 1886 vel
699 1848 777 1886 sola
816 1861 902 1886 esse
944 1849 1152 1887 credantur
1192 1849 1250 1886 vel
1290 1849 1361 1900 his,

38 1918 134 1955 quae
177 1906 333 1944 meliora
374 1907 609 1958 creduntur,
649 1906 811 1957 amplius
844 1907 1069 1957 diligantur:
1110 1910 1270 1945 nece'sse
1303 1912 1362 1945 est

37 1966 191 2002 miseria
223 1970 484 2015 consequatur
517 1971 554 2004 et
585 1977 681 2016 quae
713 1967 838 2003 inerat
868 1972 1064 2015 augeatur.

129 2103 151 2134 4
175 2100 426 2146 belligerando
452 2100 487 2134 R
505 2102 517 2144 Η
539 2105 578 2135 11
605 2100 839 2145 provenerint
862 2112 882 2135 υ
901 2102 913 2145 ΙΙ
934 2105 975 2135 14
1001 2101 1170 2135 dicuntur
1193 2112 1213 2135 v

1388 457 1407 487 5

1389 749 1430 780 10

1388 1042 1430 1072 15

1388 1334 1431 1364 20

1387 1625 1430 1655 25

1387 1917 1431 1948 30
