1548 2562
414 133 466 157 DE
485 132 673 158 CIVITATE
693 133 763 158 DEI
781 133 813 158 L.
833 133 913 158 XIV.
933 133 962 158 c.
982 134 1023 158 11.
1322 124 1376 165 29
1416 126 1422 132 ⁸

56 222 185 259 vitiata
216 232 259 258 ac
291 220 494 271 depravata
526 221 672 273 fuerat,
713 227 840 260 sanata
874 226 988 272 atque
1021 227 1206 260 correcta.
1268 222 1377 261 Arbi-

57 280 174 317 trium
205 279 323 329 igitur
359 279 566 317 voluntatis
597 285 690 317 tunc
723 285 782 318 est
813 292 901 318 vere
933 279 1116 332 liberum,
1156 292 1244 318 cum
1275 283 1378 319 vitiis

54 338 301 387 peccatisque
345 349 422 374 non
466 338 595 375 servit.
656 337 747 375 Tale
791 338 921 376 datum
965 344 1024 376 est
1067 350 1086 376 a
1130 338 1225 389 Deo3
1274 339 1377 389 quod

55 396 238 433 amissum
268 397 425 445 proprio
457 396 566 446 vitio,
604 396 677 433 nisi
710 408 729 433 a
761 409 837 446 quo
870 397 952 434 dari
982 398 1125 448 potuit,
1157 397 1267 435 reddi
1299 410 1376 436 non

53 458 192 504 potest.
252 453 361 491 Unde
386 453 534 491 Veritas
559 452 668 491 dicit:
701 454 746 492 Sz'
769 466 834 492 vos
859 456 984 493 Filius
1009 456 1250 502 liberaverit,
1283 460 1377 494 tunc

54 523 146 550 vere
170 512 288 550 liberi
312 514 433 549 eritis.
494 511 535 548 ld
561 512 688 562 ipsum
714 518 774 550 est
805 518 944 565 autem,
976 525 1019 551 ac
1051 514 1084 551 si
1115 513 1280 552 diceret:
1311 515 1378 566 „Si

53 581 120 607 vos
160 569 280 608 Filius
318 569 440 608 salvos
478 570 632 621 fecerit,
676 576 768 608 tunc
806 582 895 609 vere
942 571 1034 609 salvi
1073 568 1224 610 eritis.“
1284 572 1376 610 Inde

54 629 195 678 quippe
226 627 421 679 liberator,
452 627 553 666 unde
586 627 760 666 salvator.

170 685 328 724 Vivebat
358 687 487 736 itaque
520 686 633 724 homo
667 687 880 735 secundum
906 686 1027 725 Deum
1059 689 1098 725 in
1130 688 1307 738 paradiso
1340 695 1378 727 et

53 743 243 795 corporali
280 749 319 782 et
354 744 526 795 spiritali.
586 744 720 794 Neque
759 746 861 782 enim
893 751 975 783 erat
1006 746 1207 795 paradisus
1240 759 1374 798 corpo-

52 802 143 840 ralis
179 809 339 853 propter
377 804 552 853 corporis
590 802 689 840 bona
726 808 764 841 et
812 809 973 853 propter
1013 806 1153 842 mentis
1186 817 1263 843 non
1295 811 1377 844 erat

52 860 252 911 spiritalis,
291 866 356 899 aut
393 873 483 899 vero
522 867 604 899 erat
642 861 825 911 spiritalis
864 873 939 911 quo
977 874 1047 912 per
1088 864 1295 901 interiores
1338 870 1377 902 et

52 931 129 956 non
156 925 238 957 erat
263 919 474 970 corporalis
503 931 576 969 quo
609 932 679 970 per
711 921 924 958 exteriores
957 932 1094 958 sensus
1127 920 1240 959 homo
1274 922 1375 959 frue-

52 983 170 1016 retur.
231 977 324 1015 Erat
359 977 469 1028 plane
508 983 717 1027 utrumque
755 983 914 1028 propter
954 984 1175 1029 utrumque.
1237 979 1375 1018 Postea

51 1047 141 1073 vero
174 1047 287 1086 quam
325 1035 516 1086 superbus
558 1036 620 1073 ille
654 1036 811 1086 angelus
843 1048 886 1074 ac
918 1048 987 1086 per
1019 1037 1091 1074 hoc
1123 1037 1275 1075 invidus
1307 1050 1376 1088 per

51 1093 211 1132 eandem
256 1093 477 1144 superbiam
514 1106 534 1131 a
574 1093 651 1132 Deo
690 1095 734 1132 ad
774 1100 896 1132 semet
933 1096 1059 1145 ipsum
1094 1107 1305 1134 conversus
1338 1102 1375 1135 et

51 1153 216 1202 quodam
244 1154 353 1203 quasi
378 1154 578 1203 tyrannico
612 1153 711 1190 fastu
743 1153 911 1203 gaudere
945 1153 1110 1191 subditis
1142 1166 1256 1204 quam
1289 1167 1373 1193 esse

50 1210 228 1249 subditus
270 1211 415 1261 eligens
457 1210 502 1248 de
547 1210 710 1261 spiritali
757 1211 934 1261 paradiso
977 1212 1115 1250 cecidit
1157 1209 1222 1263 (de
1264 1215 1375 1251 cuius

50 1269 158 1319 lapsu
197 1270 469 1319 sociorumque
507 1271 632 1320 eius,‘
658 1270 723 1319 qui
760 1282 805 1307 ex
845 1269 988 1319 angelis
1022 1269 1089 1308 Dei
1128 1270 1252 1320 angeli
1292 1273 1374 1309 eius

51 1328 177 1365 effecti
204 1332 305 1378 sunt,
336 1329 375 1365 in
402 1327 509 1365 libris
536 1327 740 1365 undecimo
767 1333 806 1365 et
837 1327 1064 1365 duodecimo
1097 1328 1213 1366 huius
1246 1332 1374 1379 operis

51 1387 161 1437 satis,
205 1391 390 1435 quantum
434 1387 560 1437 potui,
603 1382 836 1438 disputavi),
879 1386 1098 1424 malesuada
1134 1389 1304 1425 versutia
1335 1389 1374 1425 in

49 1443 216 1481 hominis
249 1456 407 1482 sensum
440 1456 597 1494 serpere
631 1445 824 1495 affectans,
858 1446 920 1482 cui
951 1446 1086 1494 utique
1120 1447 1248 1497 stanti,
1280 1458 1373 1496 quo-

50 1504 152 1540 niam
182 1504 264 1552 ipse
297 1502 500 1553 ceciderat,
532 1502 742 1553 invidebat,
775 1502 979 1541 colubrum
1009 1504 1049 1540 in
1081 1504 1257 1553 paradiso
1291 1516 1374 1542 cor-

49 1560 183 1612 porali,
214 1560 283 1599 ubi
309 1573 396 1598 cum
423 1560 574 1598 duobus
600 1560 673 1598 illis
700 1560 932 1611 hominibus,
958 1562 1129 1599 masculo
1157 1568 1195 1600 et
1221 1563 1373 1613 semina,

50 1619 225 1657 animalia
262 1620 377 1657 etiam
413 1620 614 1657 terrestria
646 1625 775 1656 cetera
806 1619 958 1657 subdita
991 1625 1029 1657 et
1060 1621 1214 1657 innoxia
1246 1632 1371 1658 versa-

50 1676 208 1728 bantur,
247 1677 385 1714 animal
425 1677 574 1714 scilicet
613 1676 805 1715 lubricum
849 1682 888 1714 et
919 1679 1104 1715 tortuosis
1137 1678 1374 1717 anfractibus

50 1734 203 1787 mobile,
235 1737 344 1785 operi
371 1747 440 1773 suo
468 1747 696 1785 congruum,
728 1747 797 1785 per
824 1747 939 1785 quem
971 1735 1208 1785 loqueretur,
1243 1736 1374 1788 elegit3

51 1805 173 1843 eoque
211 1805 281 1843 per
321 1793 529 1843 angelicam
573 1794 831 1843 praesentiam
869 1795 1267 1845 praestantioremque
1310 1808 1373 1833 na-

49 1858 176 1890 turam
209 1851 370 1902 spiritali
407 1852 579 1901 nequitia
617 1850 689 1889 sibi
728 1851 901 1889 subiecto
935 1857 972 1890 et
1004 1858 1196 1902 tamquam
1229 1855 1372 1891 instru-

49 1915 180 1948 mento
212 1909 374 1947 abutens
406 1909 550 1947 fallacia
583 1911 863 1948 sermocinatus
906 1915 964 1948 est
995 1911 1176 1962 feminae,
1214 1924 1233 1949 a
1264 1917 1372 1962 parte

51 1968 198 2006 scilicet
222 1969 406 2006 inferiore
439 1967 541 2005 illius
572 1968 760 2006 humanae
794 1968 951 2018 copulae
984 1970 1185 2020 iucipiens,
1217 1975 1260 2007 ut
1290 1983 1372 2020 gra<

51 2026 169 2064 (latim
205 2028 427 2076 perveniret
465 2025 510 2064 ad
548 2031 689 2078 totum,
729 2038 805 2064 non
845 2028 1068 2065 existimans
1106 2029 1231 2065 virum
1264 2029 1373 2066 facile

52 2084 253 2123 credulum
285 2097 356 2122 nec
383 2084 547 2122 errando
578 2097 692 2135 posse
725 2085 862 2136 decipi,
894 2085 961 2123 sed
993 2085 1083 2123 dum
1116 2085 1239 2124 alieno
1273 2087 1375 2125 cedit

144 2187 177 2228 6)
203 2185 253 2219 Ιο.
280 2189 313 2227 8,
339 2189 393 2219 36.

145 2294 187 2325 16
213 2291 249 2324 et
273 2300 336 2324 om.
363 2300 382 2323 v
402 2291 413 2333 Η
433 2294 474 2323 22
502 2300 625 2324 sensus
647 2301 667 2324 v
687 2291 698 2334 Η
717 2294 761 2324 30
787 2289 970 2324 fallaciam
1000 2290 1108 2325 Parr.

1403 755 1445 786 10

1404 1047 1444 1076 15

1399 1629 1443 1659 25

1400 1921 1443 1951 30
