<?xml version="1.0" encoding="UTF-8"?>
<!DOCTYPE html PUBLIC "-//W3C//DTD XHTML 1.0 Transitional//EN"
    "http://www.w3.org/TR/xhtml1/DTD/xhtml1-transitional.dtd">
<html xmlns="http://www.w3.org/1999/xhtml" xml:lang="en" lang="en">
 <head>
  <title>
</title>
<meta http-equiv="Content-Type" content="text/html;charset=utf-8" />
  <meta name='ocr-system' content='tesseract 3.04.00' />
  <meta name='ocr-capabilities' content='ocr_page ocr_carea ocr_par ocr_line ocrx_word'/>
</head>
<body>
  <div class='ocr_page' id='page_1' title='image "./sanctiaureliiaug02auguuoft_0415.png"; bbox 0 0 1548 2562; ppageno 0'>
   <div class='ocr_carea' id='block_1_1' title="bbox 441 135 1403 175">
    <p class='ocr_par' dir='ltr' id='par_1_1' title="bbox 441 135 1403 175">
     <span class='ocr_line' id='line_1_1' title="bbox 441 135 1403 175; baseline 0.002 -2"><span class='ocrx_word' id='word_1_1' title='bbox 441 149 492 173; x_wconf 82' lang='lat' dir='ltr'>DE</span> <span class='ocrx_word' id='word_1_2' title='bbox 511 148 700 174; x_wconf 75' lang='lat' dir='ltr'>cwrrATE</span> <span class='ocrx_word' id='word_1_3' title='bbox 719 148 789 172; x_wconf 85' lang='lat' dir='ltr'>DEI</span> <span class='ocrx_word' id='word_1_4' title='bbox 808 147 841 172; x_wconf 85' lang='lat' dir='ltr'>L.</span> <span class='ocrx_word' id='word_1_5' title='bbox 861 147 926 172; x_wconf 80' lang='lat' dir='ltr'>xx.</span> <span class='ocrx_word' id='word_1_6' title='bbox 945 146 974 172; x_wconf 88' lang='lat' dir='ltr'>c.</span> <span class='ocrx_word' id='word_1_7' title='bbox 993 147 1018 172; x_wconf 88' lang='lat'>3.</span> <span class='ocrx_word' id='word_1_8' title='bbox 1319 135 1403 175; x_wconf 82' lang='lat'>409</span> 
     </span>
    </p>
   </div>
   <div class='ocr_carea' id='block_1_2' title="bbox 613 291 875 334">
    <p class='ocr_par' dir='ltr' id='par_1_2' title="bbox 613 291 875 334">
     <span class='ocr_line' id='line_1_2' title="bbox 613 291 875 334; baseline -0.004 0"><span class='ocrx_word' id='word_1_9' title='bbox 613 291 767 334; x_wconf 83' lang='lat' dir='ltr'><strong>CAPUT</strong></span> <span class='ocrx_word' id='word_1_10' title='bbox 799 291 875 333; x_wconf 86' lang='lat' dir='ltr'>III.</span> 
     </span>
    </p>
   </div>
   <div class='ocr_carea' id='block_1_3' title="bbox 80 376 1406 485">
    <p class='ocr_par' dir='ltr' id='par_1_3' title="bbox 80 376 1406 485">
     <span class='ocr_line' id='line_1_3' title="bbox 80 376 1406 427; baseline -0.004 -10"><span class='ocrx_word' id='word_1_11' title='bbox 80 380 186 425; x_wconf 66' lang='lat' dir='ltr'>Quia</span> <span class='ocrx_word' id='word_1_12' title='bbox 221 380 261 416; x_wconf 71' lang='lat' dir='ltr'>in</span> <span class='ocrx_word' id='word_1_13' title='bbox 299 378 400 416; x_wconf 75' lang='lat' dir='ltr'>libro</span> <span class='ocrx_word' id='word_1_14' title='bbox 438 379 668 415; x_wconf 71' lang='lat' dir='ltr'>ecclesiaste</span> <span class='ocrx_word' id='word_1_15' title='bbox 698 378 882 415; x_wconf 76' lang='lat' dir='ltr'><em>Salomon</em></span> <span class='ocrx_word' id='word_1_16' title='bbox 922 378 970 414; x_wconf 80' lang='lat' dir='ltr'>de</span> <span class='ocrx_word' id='word_1_17' title='bbox 1008 377 1086 427; x_wconf 73' lang='lat' dir='ltr'>his,</span> <span class='ocrx_word' id='word_1_18' title='bbox 1123 387 1226 423; x_wconf 79' lang='lat' dir='ltr'>qaae</span> <span class='ocrx_word' id='word_1_19' title='bbox 1257 377 1297 413; x_wconf 77' lang='lat' dir='ltr'>tn</span> <span class='ocrx_word' id='word_1_20' title='bbox 1328 376 1406 413; x_wconf 77' lang='lat' dir='ltr'>leae</span> 
     </span>
     <span class='ocr_line' id='line_1_4' title="bbox 162 435 1317 485; baseline -0.003 -11"><span class='ocrx_word' id='word_1_21' title='bbox 162 438 243 474; x_wconf 74' lang='lat' dir='ltr'>vita</span> <span class='ocrx_word' id='word_1_22' title='bbox 276 441 314 474; x_wconf 85' lang='lat' dir='ltr'>et</span> <span class='ocrx_word' id='word_1_23' title='bbox 345 437 456 474; x_wconf 73' lang='lat' dir='ltr'>bonis</span> <span class='ocrx_word' id='word_1_24' title='bbox 488 440 527 474; x_wconf 86' lang='lat' dir='ltr'>et</span> <span class='ocrx_word' id='word_1_25' title='bbox 556 438 670 474; x_wconf 74' lang='lat' dir='ltr'>malis</span> <span class='ocrx_word' id='word_1_26' title='bbox 701 440 793 473; x_wconf 84' lang='lat' dir='ltr'>sant</span> <span class='ocrx_word' id='word_1_27' title='bbox 824 436 1059 485; x_wconf 74' lang='lat' dir='ltr'>eommunia,</span> <span class='ocrx_word' id='word_1_28' title='bbox 1092 435 1317 482; x_wconf 70' lang='lat' dir='ltr'>disputarit.</span> 
     </span>
    </p>
   </div>
   <div class='ocr_carea' id='block_1_4' title="bbox 74 515 1482 2086">
    <p class='ocr_par' dir='ltr' id='par_1_4' title="bbox 74 515 1482 2086">
     <span class='ocr_line' id='line_1_5' title="bbox 192 515 1405 568; baseline -0.002 -13"><span class='ocrx_word' id='word_1_29' title='bbox 192 517 338 567; x_wconf 82' lang='lat' dir='ltr'><em>Nempe</em></span> <span class='ocrx_word' id='word_1_30' title='bbox 373 516 575 568; x_wconf 77' lang='lat' dir='ltr'>Salomon,</span> <span class='ocrx_word' id='word_1_31' title='bbox 613 517 922 567; x_wconf 84' lang='lat' dir='ltr'>sapientissimus</span> <span class='ocrx_word' id='word_1_32' title='bbox 966 527 1034 553; x_wconf 80' lang='lat' dir='ltr'>rex</span> <span class='ocrx_word' id='word_1_33' title='bbox 1066 515 1205 566; x_wconf 90' lang='lat' dir='ltr'>Israel,</span> <span class='ocrx_word' id='word_1_34' title='bbox 1249 516 1315 565; x_wconf 88' lang='lat' dir='ltr'>qui</span> <span class='ocrx_word' id='word_1_35' title='bbox 1346 527 1405 553; x_wconf 89' lang='lat' dir='ltr'>re-</span> 
     </span>
     <span class='ocr_line' id='line_1_6' title="bbox 76 573 1453 627; baseline -0.003 -12"><span class='ocrx_word' id='word_1_36' title='bbox 76 578 206 627; x_wconf 84' lang='lat' dir='ltr'>gnavit</span> <span class='ocrx_word' id='word_1_37' title='bbox 224 578 264 614; x_wconf 92' lang='lat' dir='ltr'>in</span> <span class='ocrx_word' id='word_1_38' title='bbox 291 575 544 625; x_wconf 81' lang='lat' dir='ltr'>Hierusalem,</span> <span class='ocrx_word' id='word_1_39' title='bbox 576 574 730 626; x_wconf 88' lang='lat' dir='ltr'>librum,</span> <span class='ocrx_word' id='word_1_40' title='bbox 762 576 829 624; x_wconf 89' lang='lat' dir='ltr'>qui</span> <span class='ocrx_word' id='word_1_41' title='bbox 853 579 1012 612; x_wconf 85' lang='lat' dir='ltr'>vocatur</span> <span class='ocrx_word' id='word_1_42' title='bbox 1038 573 1284 612; x_wconf 81' lang='lat' dir='ltr'>ecclesiastes</span> <span class='ocrx_word' id='word_1_43' title='bbox 1316 579 1356 612; x_wconf 90' lang='lat' dir='ltr'>et</span> <span class='ocrx_word' id='word_1_44' title='bbox 1386 585 1406 611; x_wconf 93' lang='lat' dir='ltr'>a</span> <span class='ocrx_word' id='word_1_45' title='bbox 1433 581 1453 610; x_wconf 81' lang='lat'>5</span> 
     </span>
     <span class='ocr_line' id='line_1_7' title="bbox 75 632 1408 684; baseline -0.003 -11"><span class='ocrx_word' id='word_1_46' title='bbox 75 635 227 673; x_wconf 87' lang='lat' dir='ltr'>Iudaeis</span> <span class='ocrx_word' id='word_1_47' title='bbox 269 645 423 684; x_wconf 90' lang='lat' dir='ltr'>quoque</span> <span class='ocrx_word' id='word_1_48' title='bbox 466 632 631 671; x_wconf 86' lang='lat' dir='ltr'>habetur</span> <span class='ocrx_word' id='word_1_49' title='bbox 670 634 711 671; x_wconf 92' lang='lat' dir='ltr'>in</span> <span class='ocrx_word' id='word_1_50' title='bbox 750 644 949 671; x_wconf 87' lang='lat' dir='ltr'>sacrarum</span> <span class='ocrx_word' id='word_1_51' title='bbox 990 644 1136 670; x_wconf 88' lang='lat' dir='ltr'>canone</span> <span class='ocrx_word' id='word_1_52' title='bbox 1178 632 1408 682; x_wconf 87' lang='lat' dir='ltr'>litterarum,</span> 
     </span>
     <span class='ocr_line' id='line_1_8' title="bbox 75 692 1408 738; baseline -0.002 -7"><span class='ocrx_word' id='word_1_53' title='bbox 75 695 131 732; x_wconf 88' lang='lat' dir='ltr'>sic</span> <span class='ocrx_word' id='word_1_54' title='bbox 164 704 327 731; x_wconf 84' lang='lat' dir='ltr'>exorsus</span> <span class='ocrx_word' id='word_1_55' title='bbox 360 698 436 731; x_wconf 90' lang='lat' dir='ltr'>est:</span> <span class='ocrx_word' id='word_1_56' title='bbox 487 692 651 730; x_wconf 76' lang='lat' dir='ltr'>Vanitas</span> <span class='ocrx_word' id='word_1_57' title='bbox 683 693 967 738; x_wconf 71' lang='lat' dir='ltr'>vanitantium,</span> <span class='ocrx_word' id='word_1_58' title='bbox 1001 692 1105 729; x_wconf 68' lang='lat' dir='ltr'><em>dixit</em></span> <span class='ocrx_word' id='word_1_59' title='bbox 1136 692 1384 729; x_wconf 74' lang='lat' dir='ltr'>ecclesiastes</span> <span class='ocrx_word' id='word_1_60' title='bbox 1394 703 1408 735; x_wconf 89' lang='lat'><em>;</em></span> 
     </span>
     <span class='ocr_line' id='line_1_9' title="bbox 74 750 1408 802; baseline -0.003 -12"><span class='ocrx_word' id='word_1_61' title='bbox 74 754 231 790; x_wconf 74' lang='lat' dir='ltr'>vanitas</span> <span class='ocrx_word' id='word_1_62' title='bbox 269 752 552 802; x_wconf 71' lang='lat' dir='ltr'>vanitantium,</span> <span class='ocrx_word' id='word_1_63' title='bbox 596 752 728 789; x_wconf 77' lang='lat' dir='ltr'>omnia</span> <span class='ocrx_word' id='word_1_64' title='bbox 767 752 934 788; x_wconf 72' lang='lat' dir='ltr'>vanitas.</span> <span class='ocrx_word' id='word_1_65' title='bbox 1011 750 1120 795; x_wconf 73' lang='lat' dir='ltr'>Quae</span> <span class='ocrx_word' id='word_1_66' title='bbox 1158 750 1408 787; x_wconf 72' lang='lat' dir='ltr'>abundantia</span> 
     </span>
     <span class='ocr_line' id='line_1_10' title="bbox 74 805 1410 859; baseline -0.003 -11"><span class='ocrx_word' id='word_1_67' title='bbox 74 812 225 849; x_wconf 77' lang='lat' dir='ltr'>homini</span> <span class='ocrx_word' id='word_1_68' title='bbox 261 812 302 847; x_wconf 72' lang='lat' dir='ltr'>in</span> <span class='ocrx_word' id='word_1_69' title='bbox 341 811 447 847; x_wconf 75' lang='lat' dir='ltr'>omni</span> <span class='ocrx_word' id='word_1_70' title='bbox 482 810 620 847; x_wconf 79' lang='lat' dir='ltr'>labore</span> <span class='ocrx_word' id='word_1_71' title='bbox 656 820 745 859; x_wconf 79' lang='lat' dir='ltr'>suo,</span> <span class='ocrx_word' id='word_1_72' title='bbox 785 819 861 855; x_wconf 80' lang='lat' dir='ltr'>quo</span> <span class='ocrx_word' id='word_1_73' title='bbox 902 809 1062 846; x_wconf 81' lang='lat' dir='ltr'>laborat</span> <span class='ocrx_word' id='word_1_74' title='bbox 1091 809 1163 846; x_wconf 78' lang='lat' dir='ltr'>sab</span> <span class='ocrx_word' id='word_1_75' title='bbox 1194 809 1300 846; x_wconf 78' lang='lat' dir='ltr'>sole?</span> <span class='ocrx_word' id='word_1_76' title='bbox 1360 805 1410 844; x_wconf 89' lang='lat' dir='ltr'>Et</span> 
     </span>
     <span class='ocr_line' id='line_1_11' title="bbox 75 867 1480 913; baseline -0.003 -7"><span class='ocrx_word' id='word_1_77' title='bbox 75 881 164 907; x_wconf 88' lang='lat' dir='ltr'>cum</span> <span class='ocrx_word' id='word_1_78' title='bbox 209 880 255 906; x_wconf 89' lang='lat' dir='ltr'>ex</span> <span class='ocrx_word' id='word_1_79' title='bbox 300 867 370 905; x_wconf 89' lang='lat' dir='ltr'>hac</span> <span class='ocrx_word' id='word_1_80' title='bbox 413 869 604 905; x_wconf 83' lang='lat' dir='ltr'>sententia</span> <span class='ocrx_word' id='word_1_81' title='bbox 646 871 871 904; x_wconf 85' lang='lat' dir='ltr'>conecteret</span> <span class='ocrx_word' id='word_1_82' title='bbox 911 872 1060 913; x_wconf 84' lang='lat' dir='ltr'>cetera,</span> <span class='ocrx_word' id='word_1_83' title='bbox 1101 877 1408 903; x_wconf 88' lang='lat' dir='ltr'>commemorans</span> <span class='ocrx_word' id='word_1_84' title='bbox 1437 873 1480 903; x_wconf 89' lang='lat'>10</span> 
     </span>
     <span class='ocr_line' id='line_1_12' title="bbox 77 924 1409 976; baseline -0.003 -11"><span class='ocrx_word' id='word_1_85' title='bbox 77 938 282 965; x_wconf 80' lang='lat' dir='ltr'>aerumnas</span> <span class='ocrx_word' id='word_1_86' title='bbox 324 937 557 976; x_wconf 83' lang='lat' dir='ltr'>erroresque</span> <span class='ocrx_word' id='word_1_87' title='bbox 602 926 700 964; x_wconf 88' lang='lat' dir='ltr'>vitae</span> <span class='ocrx_word' id='word_1_88' title='bbox 741 924 857 963; x_wconf 89' lang='lat' dir='ltr'>huius</span> <span class='ocrx_word' id='word_1_89' title='bbox 895 930 933 962; x_wconf 84' lang='lat' dir='ltr'>et</span> <span class='ocrx_word' id='word_1_90' title='bbox 970 930 1223 962; x_wconf 81' lang='lat' dir='ltr'>vanescentes</span> <span class='ocrx_word' id='word_1_91' title='bbox 1260 925 1409 961; x_wconf 88' lang='lat' dir='ltr'>interea</span> 
     </span>
     <span class='ocr_line' id='line_1_13' title="bbox 76 981 1409 1036; baseline -0.003 -13"><span class='ocrx_word' id='word_1_92' title='bbox 76 992 299 1036; x_wconf 87' lang='lat' dir='ltr'>temporum</span> <span class='ocrx_word' id='word_1_93' title='bbox 329 984 481 1035; x_wconf 86' lang='lat' dir='ltr'>lapsus,</span> <span class='ocrx_word' id='word_1_94' title='bbox 521 983 586 1022; x_wconf 87' lang='lat' dir='ltr'>ubi</span> <span class='ocrx_word' id='word_1_95' title='bbox 620 982 715 1021; x_wconf 91' lang='lat' dir='ltr'>nihil</span> <span class='ocrx_word' id='word_1_96' title='bbox 747 982 933 1034; x_wconf 88' lang='lat' dir='ltr'>solidum,</span> <span class='ocrx_word' id='word_1_97' title='bbox 972 982 1065 1020; x_wconf 89' lang='lat' dir='ltr'>nihil</span> <span class='ocrx_word' id='word_1_98' title='bbox 1100 981 1234 1020; x_wconf 88' lang='lat' dir='ltr'>stabile</span> <span class='ocrx_word' id='word_1_99' title='bbox 1267 983 1409 1019; x_wconf 80' lang='lat' dir='ltr'>retine·</span> 
     </span>
     <span class='ocr_line' id='line_1_14' title="bbox 76 1039 1411 1090; baseline -0.004 -8"><span class='ocrx_word' id='word_1_100' title='bbox 76 1049 159 1082; x_wconf 89' lang='lat' dir='ltr'>tur:</span> <span class='ocrx_word' id='word_1_101' title='bbox 199 1044 238 1081; x_wconf 90' lang='lat' dir='ltr'>in</span> <span class='ocrx_word' id='word_1_102' title='bbox 277 1054 320 1080; x_wconf 85' lang='lat' dir='ltr'>ea</span> <span class='ocrx_word' id='word_1_103' title='bbox 358 1054 491 1080; x_wconf 89' lang='lat' dir='ltr'>rerum</span> <span class='ocrx_word' id='word_1_104' title='bbox 529 1043 694 1080; x_wconf 82' lang='lat' dir='ltr'>vanitate</span> <span class='ocrx_word' id='word_1_105' title='bbox 734 1040 805 1079; x_wconf 91' lang='lat' dir='ltr'>sub</span> <span class='ocrx_word' id='word_1_106' title='bbox 845 1041 924 1079; x_wconf 89' lang='lat' dir='ltr'>sole</span> <span class='ocrx_word' id='word_1_107' title='bbox 962 1040 1056 1078; x_wconf 89' lang='lat' dir='ltr'>illud</span> <span class='ocrx_word' id='word_1_108' title='bbox 1090 1042 1204 1078; x_wconf 87' lang='lat' dir='ltr'>etiam</span> <span class='ocrx_word' id='word_1_109' title='bbox 1236 1039 1411 1090; x_wconf 82' lang='lat' dir='ltr'>deplorat</span> 
     </span>
     <span class='ocr_line' id='line_1_15' title="bbox 77 1098 1411 1152; baseline -0.002 -13"><span class='ocrx_word' id='word_1_110' title='bbox 77 1101 243 1152; x_wconf 89' lang='lat' dir='ltr'>quodam</span> <span class='ocrx_word' id='word_1_111' title='bbox 274 1101 401 1152; x_wconf 88' lang='lat' dir='ltr'>modo,</span> <span class='ocrx_word' id='word_1_112' title='bbox 433 1100 548 1151; x_wconf 88' lang='lat' dir='ltr'>quod,</span> <span class='ocrx_word' id='word_1_113' title='bbox 580 1111 669 1138; x_wconf 91' lang='lat' dir='ltr'>cum</span> <span class='ocrx_word' id='word_1_114' title='bbox 702 1101 752 1137; x_wconf 92' lang='lat' dir='ltr'>sit</span> <span class='ocrx_word' id='word_1_115' title='bbox 783 1098 1016 1137; x_wconf 86' lang='lat' dir='ltr'>abundantia</span> <span class='ocrx_word' id='word_1_116' title='bbox 1049 1100 1260 1149; x_wconf 84' lang='lat' dir='ltr'>sapientiae</span> <span class='ocrx_word' id='word_1_117' title='bbox 1293 1110 1411 1149; x_wconf 88' lang='lat' dir='ltr'>super</span> 
     </span>
     <span class='ocr_line' id='line_1_16' title="bbox 75 1157 1480 1211; baseline -0.003 -13"><span class='ocrx_word' id='word_1_118' title='bbox 75 1160 360 1211; x_wconf 82' lang='lat' dir='ltr'>insipientiam,</span> <span class='ocrx_word' id='word_1_119' title='bbox 402 1160 503 1197; x_wconf 89' lang='lat' dir='ltr'>sicut</span> <span class='ocrx_word' id='word_1_120' title='bbox 544 1157 780 1196; x_wconf 86' lang='lat' dir='ltr'>abundantia</span> <span class='ocrx_word' id='word_1_121' title='bbox 817 1157 915 1196; x_wconf 91' lang='lat' dir='ltr'>lucis</span> <span class='ocrx_word' id='word_1_122' title='bbox 956 1169 1074 1208; x_wconf 89' lang='lat' dir='ltr'>super</span> <span class='ocrx_word' id='word_1_123' title='bbox 1115 1157 1314 1207; x_wconf 82' lang='lat' dir='ltr'>tenebras,</span> <span class='ocrx_word' id='word_1_124' title='bbox 1352 1169 1407 1195; x_wconf 92' lang='lat' dir='ltr'>sa·</span> <span class='ocrx_word' id='word_1_125' title='bbox 1440 1164 1480 1194; x_wconf 85' lang='lat'>15</span> 
     </span>
     <span class='ocr_line' id='line_1_17' title="bbox 75 1215 1408 1269; baseline -0.002 -13"><span class='ocrx_word' id='word_1_126' title='bbox 75 1220 297 1269; x_wconf 79' lang='lat' dir='ltr'>pient1sque</span> <span class='ocrx_word' id='word_1_127' title='bbox 336 1216 440 1255; x_wconf 89' lang='lat' dir='ltr'>oculi</span> <span class='ocrx_word' id='word_1_128' title='bbox 480 1218 557 1255; x_wconf 85' lang='lat' dir='ltr'>sint</span> <span class='ocrx_word' id='word_1_129' title='bbox 594 1218 634 1254; x_wconf 90' lang='lat' dir='ltr'>in</span> <span class='ocrx_word' id='word_1_130' title='bbox 673 1218 797 1267; x_wconf 87' lang='lat' dir='ltr'>capite</span> <span class='ocrx_word' id='word_1_131' title='bbox 830 1217 954 1266; x_wconf 87' lang='lat' dir='ltr'>ipsius</span> <span class='ocrx_word' id='word_1_132' title='bbox 986 1221 1024 1254; x_wconf 91' lang='lat' dir='ltr'>et</span> <span class='ocrx_word' id='word_1_133' title='bbox 1057 1215 1199 1254; x_wconf 86' lang='lat' dir='ltr'>stultus</span> <span class='ocrx_word' id='word_1_134' title='bbox 1231 1217 1271 1253; x_wconf 92' lang='lat' dir='ltr'>in</span> <span class='ocrx_word' id='word_1_135' title='bbox 1303 1222 1408 1253; x_wconf 88' lang='lat' dir='ltr'>tene-</span> 
     </span>
     <span class='ocr_line' id='line_1_18' title="bbox 76 1272 1409 1327; baseline -0.003 -12"><span class='ocrx_word' id='word_1_136' title='bbox 76 1276 159 1315; x_wconf 87' lang='lat' dir='ltr'>bris</span> <span class='ocrx_word' id='word_1_137' title='bbox 185 1272 368 1327; x_wconf 81' lang='lat' dir='ltr'>ambulet,</span> <span class='ocrx_word' id='word_1_138' title='bbox 400 1287 502 1314; x_wconf 91' lang='lat' dir='ltr'>unus</span> <span class='ocrx_word' id='word_1_139' title='bbox 529 1281 658 1313; x_wconf 87' lang='lat' dir='ltr'>tamen</span> <span class='ocrx_word' id='word_1_140' title='bbox 690 1276 873 1313; x_wconf 88' lang='lat' dir='ltr'>incursus</span> <span class='ocrx_word' id='word_1_141' title='bbox 904 1275 1080 1312; x_wconf 85' lang='lat' dir='ltr'>incurrat</span> <span class='ocrx_word' id='word_1_142' title='bbox 1111 1273 1303 1325; x_wconf 88' lang='lat' dir='ltr'>omnibus,</span> <span class='ocrx_word' id='word_1_143' title='bbox 1335 1275 1409 1312; x_wconf 88' lang='lat' dir='ltr'>uti—</span> 
     </span>
     <span class='ocr_line' id='line_1_19' title="bbox 78 1331 1411 1386; baseline -0.003 -13"><span class='ocrx_word' id='word_1_144' title='bbox 78 1347 152 1386; x_wconf 90' lang='lat' dir='ltr'>que</span> <span class='ocrx_word' id='word_1_145' title='bbox 185 1336 225 1373; x_wconf 91' lang='lat' dir='ltr'>in</span> <span class='ocrx_word' id='word_1_146' title='bbox 257 1334 328 1372; x_wconf 85' lang='lat' dir='ltr'>hac</span> <span class='ocrx_word' id='word_1_147' title='bbox 353 1335 429 1372; x_wconf 82' lang='lat' dir='ltr'>vita</span> <span class='ocrx_word' id='word_1_148' title='bbox 461 1345 559 1384; x_wconf 89' lang='lat' dir='ltr'>quae</span> <span class='ocrx_word' id='word_1_149' title='bbox 592 1333 664 1372; x_wconf 93' lang='lat' dir='ltr'>sub</span> <span class='ocrx_word' id='word_1_150' title='bbox 697 1333 777 1371; x_wconf 90' lang='lat' dir='ltr'>sole</span> <span class='ocrx_word' id='word_1_151' title='bbox 809 1334 947 1383; x_wconf 85' lang='lat' dir='ltr'>agitur,</span> <span class='ocrx_word' id='word_1_152' title='bbox 980 1332 1200 1383; x_wconf 79' lang='lat' dir='ltr'>significans</span> <span class='ocrx_word' id='word_1_153' title='bbox 1232 1331 1411 1370; x_wconf 82' lang='lat' dir='ltr'>videlicet</span> 
     </span>
     <span class='ocr_line' id='line_1_20' title="bbox 78 1391 1410 1444; baseline -0.002 -13"><span class='ocrx_word' id='word_1_154' title='bbox 78 1406 121 1432; x_wconf 90' lang='lat' dir='ltr'>ea</span> <span class='ocrx_word' id='word_1_155' title='bbox 163 1392 279 1444; x_wconf 88' lang='lat' dir='ltr'>mala,</span> <span class='ocrx_word' id='word_1_156' title='bbox 322 1404 419 1442; x_wconf 87' lang='lat' dir='ltr'>quae</span> <span class='ocrx_word' id='word_1_157' title='bbox 461 1391 573 1430; x_wconf 90' lang='lat' dir='ltr'>bonis</span> <span class='ocrx_word' id='word_1_158' title='bbox 615 1396 653 1430; x_wconf 82' lang='lat' dir='ltr'>et</span> <span class='ocrx_word' id='word_1_159' title='bbox 693 1391 802 1430; x_wconf 90' lang='lat' dir='ltr'>malis</span> <span class='ocrx_word' id='word_1_160' title='bbox 840 1391 1014 1429; x_wconf 88' lang='lat' dir='ltr'>videmus</span> <span class='ocrx_word' id='word_1_161' title='bbox 1052 1402 1138 1429; x_wconf 88' lang='lat' dir='ltr'>esse</span> <span class='ocrx_word' id='word_1_162' title='bbox 1180 1392 1410 1429; x_wconf 86' lang='lat' dir='ltr'>communia.</span> 
     </span>
     <span class='ocr_line' id='line_1_21' title="bbox 78 1449 1481 1501; baseline -0.002 -12"><span class='ocrx_word' id='word_1_163' title='bbox 78 1451 179 1490; x_wconf 87' lang='lat' dir='ltr'>Dicit</span> <span class='ocrx_word' id='word_1_164' title='bbox 211 1452 326 1489; x_wconf 90' lang='lat' dir='ltr'>etiam</span> <span class='ocrx_word' id='word_1_165' title='bbox 358 1450 470 1501; x_wconf 90' lang='lat' dir='ltr'>illud,</span> <span class='ocrx_word' id='word_1_166' title='bbox 509 1450 611 1501; x_wconf 88' lang='lat' dir='ltr'>quod</span> <span class='ocrx_word' id='word_1_167' title='bbox 645 1456 683 1488; x_wconf 81' lang='lat' dir='ltr'>et</span> <span class='ocrx_word' id='word_1_168' title='bbox 714 1449 807 1488; x_wconf 88' lang='lat' dir='ltr'>honi</span> <span class='ocrx_word' id='word_1_169' title='bbox 838 1451 1034 1500; x_wconf 84' lang='lat' dir='ltr'>patiantur</span> <span class='ocrx_word' id='word_1_170' title='bbox 1066 1449 1181 1500; x_wconf 88' lang='lat' dir='ltr'>mala,</span> <span class='ocrx_word' id='word_1_171' title='bbox 1214 1455 1410 1499; x_wconf 86' lang='lat' dir='ltr'>tamquam</span> <span class='ocrx_word' id='word_1_172' title='bbox 1437 1457 1481 1487; x_wconf 71' lang='lat'>20</span> 
     </span>
     <span class='ocr_line' id='line_1_22' title="bbox 78 1507 1411 1561; baseline -0.002 -14"><span class='ocrx_word' id='word_1_173' title='bbox 78 1510 168 1548; x_wconf 88' lang='lat' dir='ltr'>mali</span> <span class='ocrx_word' id='word_1_174' title='bbox 200 1511 289 1560; x_wconf 88' lang='lat' dir='ltr'>sint,</span> <span class='ocrx_word' id='word_1_175' title='bbox 322 1514 360 1547; x_wconf 91' lang='lat' dir='ltr'>et</span> <span class='ocrx_word' id='word_1_176' title='bbox 391 1508 499 1561; x_wconf 84' lang='lat' dir='ltr'>mali,</span> <span class='ocrx_word' id='word_1_177' title='bbox 529 1514 725 1559; x_wconf 87' lang='lat' dir='ltr'>tamquam</span> <span class='ocrx_word' id='word_1_178' title='bbox 757 1507 850 1546; x_wconf 90' lang='lat' dir='ltr'>boni</span> <span class='ocrx_word' id='word_1_179' title='bbox 882 1509 970 1559; x_wconf 88' lang='lat' dir='ltr'>sint,</span> <span class='ocrx_word' id='word_1_180' title='bbox 1002 1507 1267 1557; x_wconf 85' lang='lat' dir='ltr'>adipiscantur</span> <span class='ocrx_word' id='word_1_181' title='bbox 1298 1507 1411 1559; x_wconf 87' lang='lat' dir='ltr'>hona,</span> 
     </span>
     <span class='ocr_line' id='line_1_23' title="bbox 77 1565 1411 1618; baseline -0.002 -12"><span class='ocrx_word' id='word_1_182' title='bbox 77 1570 130 1607; x_wconf 88' lang='lat' dir='ltr'>ita</span> <span class='ocrx_word' id='word_1_183' title='bbox 172 1568 352 1618; x_wconf 87' lang='lat' dir='ltr'>loquens:</span> <span class='ocrx_word' id='word_1_184' title='bbox 392 1568 481 1614; x_wconf 82' lang='lat' dir='ltr'>Est,</span> <span class='ocrx_word' id='word_1_185' title='bbox 519 1568 666 1617; x_wconf 89' lang='lat' dir='ltr'>inquit,</span> <span class='ocrx_word' id='word_1_186' title='bbox 704 1569 877 1613; x_wconf 73' lang='lat' dir='ltr'>vanitas,</span> <span class='ocrx_word' id='word_1_187' title='bbox 919 1578 1023 1614; x_wconf 77' lang='lat' dir='ltr'>qaae</span> <span class='ocrx_word' id='word_1_188' title='bbox 1056 1565 1171 1613; x_wconf 82' lang='lat' dir='ltr'>facta</span> <span class='ocrx_word' id='word_1_189' title='bbox 1204 1571 1261 1604; x_wconf 79' lang='lat' dir='ltr'>est</span> <span class='ocrx_word' id='word_1_190' title='bbox 1291 1578 1411 1614; x_wconf 76' lang='lat' dir='ltr'>saper</span> 
     </span>
     <span class='ocr_line' id='line_1_24' title="bbox 79 1623 1412 1677; baseline -0.002 -13"><span class='ocrx_word' id='word_1_191' title='bbox 79 1632 249 1677; x_wconf 82' lang='lat' dir='ltr'>terram,</span> <span class='ocrx_word' id='word_1_192' title='bbox 288 1628 383 1673; x_wconf 75' lang='lat' dir='ltr'>quia</span> <span class='ocrx_word' id='word_1_193' title='bbox 423 1630 516 1664; x_wconf 82' lang='lat' dir='ltr'>sunt</span> <span class='ocrx_word' id='word_1_194' title='bbox 547 1628 656 1671; x_wconf 74' lang='lat' dir='ltr'>iusti,</span> <span class='ocrx_word' id='word_1_195' title='bbox 693 1637 815 1674; x_wconf 76' lang='lat' dir='ltr'>super</span> <span class='ocrx_word' id='word_1_196' title='bbox 851 1635 949 1672; x_wconf 80' lang='lat' dir='ltr'>quos</span> <span class='ocrx_word' id='word_1_197' title='bbox 988 1626 1095 1662; x_wconf 70' lang='lat' dir='ltr'>venit</span> <span class='ocrx_word' id='word_1_198' title='bbox 1124 1626 1229 1662; x_wconf 74' lang='lat' dir='ltr'>sicat</span> <span class='ocrx_word' id='word_1_199' title='bbox 1255 1623 1412 1672; x_wconf 79' lang='lat' dir='ltr'>factam</span> 
     </span>
     <span class='ocr_line' id='line_1_25' title="bbox 79 1681 1411 1733; baseline -0.002 -11"><span class='ocrx_word' id='word_1_200' title='bbox 79 1687 305 1733; x_wconf 76' lang='lat' dir='ltr'>impiorum,</span> <span class='ocrx_word' id='word_1_201' title='bbox 343 1688 383 1722; x_wconf 88' lang='lat' dir='ltr'>et</span> <span class='ocrx_word' id='word_1_202' title='bbox 411 1689 504 1722; x_wconf 82' lang='lat' dir='ltr'>sant</span> <span class='ocrx_word' id='word_1_203' title='bbox 535 1685 659 1732; x_wconf 73' lang='lat' dir='ltr'>impii,</span> <span class='ocrx_word' id='word_1_204' title='bbox 697 1695 819 1732; x_wconf 77' lang='lat' dir='ltr'>saper</span> <span class='ocrx_word' id='word_1_205' title='bbox 857 1694 953 1730; x_wconf 80' lang='lat' dir='ltr'>quos</span> <span class='ocrx_word' id='word_1_206' title='bbox 990 1684 1097 1720; x_wconf 74' lang='lat' dir='ltr'>venit</span> <span class='ocrx_word' id='word_1_207' title='bbox 1125 1684 1229 1720; x_wconf 74' lang='lat' dir='ltr'>sicat</span> <span class='ocrx_word' id='word_1_208' title='bbox 1256 1681 1411 1730; x_wconf 79' lang='lat' dir='ltr'>factam</span> 
     </span>
     <span class='ocr_line' id='line_1_26' title="bbox 78 1740 1481 1790; baseline -0.002 -9"><span class='ocrx_word' id='word_1_209' title='bbox 78 1746 283 1781; x_wconf 71' lang='lat' dir='ltr'>iustorum.</span> <span class='ocrx_word' id='word_1_210' title='bbox 346 1743 446 1780; x_wconf 68' lang='lat' dir='ltr'>Dixi</span> <span class='ocrx_word' id='word_1_211' title='bbox 487 1744 673 1790; x_wconf 76' lang='lat' dir='ltr'>quoniam</span> <span class='ocrx_word' id='word_1_212' title='bbox 717 1743 792 1780; x_wconf 78' lang='lat' dir='ltr'>hoc</span> <span class='ocrx_word' id='word_1_213' title='bbox 833 1752 987 1789; x_wconf 80' lang='lat' dir='ltr'>qaoque</span> <span class='ocrx_word' id='word_1_214' title='bbox 1030 1742 1197 1778; x_wconf 73' lang='lat' dir='ltr'>vanitas.</span> <span class='ocrx_word' id='word_1_215' title='bbox 1259 1740 1302 1778; x_wconf 90' lang='lat' dir='ltr'>In</span> <span class='ocrx_word' id='word_1_216' title='bbox 1340 1740 1411 1778; x_wconf 90' lang='lat' dir='ltr'>hac</span> <span class='ocrx_word' id='word_1_217' title='bbox 1436 1748 1481 1779; x_wconf 82' lang='lat'>25</span> 
     </span>
     <span class='ocr_line' id='line_1_27' title="bbox 79 1798 1410 1851; baseline -0.002 -13"><span class='ocrx_word' id='word_1_218' title='bbox 79 1803 264 1851; x_wconf 87' lang='lat' dir='ltr'>vanitate,</span> <span class='ocrx_word' id='word_1_219' title='bbox 308 1801 371 1838; x_wconf 88' lang='lat' dir='ltr'>cui</span> <span class='ocrx_word' id='word_1_220' title='bbox 410 1806 597 1850; x_wconf 88' lang='lat' dir='ltr'>quantum</span> <span class='ocrx_word' id='word_1_221' title='bbox 636 1801 728 1837; x_wconf 84' lang='lat' dir='ltr'>satis</span> <span class='ocrx_word' id='word_1_222' title='bbox 765 1801 890 1837; x_wconf 90' lang='lat' dir='ltr'>visum</span> <span class='ocrx_word' id='word_1_223' title='bbox 929 1804 989 1837; x_wconf 86' lang='lat' dir='ltr'>est</span> <span class='ocrx_word' id='word_1_224' title='bbox 1018 1798 1253 1837; x_wconf 86' lang='lat' dir='ltr'>intimandae</span> <span class='ocrx_word' id='word_1_225' title='bbox 1286 1804 1410 1837; x_wconf 87' lang='lat' dir='ltr'>totum</span> 
     </span>
     <span class='ocr_line' id='line_1_28' title="bbox 79 1852 1411 1909; baseline -0.002 -12"><span class='ocrx_word' id='word_1_226' title='bbox 79 1861 197 1897; x_wconf 86' lang='lat' dir='ltr'>istum</span> <span class='ocrx_word' id='word_1_227' title='bbox 228 1858 371 1896; x_wconf 85' lang='lat' dir='ltr'>librum</span> <span class='ocrx_word' id='word_1_228' title='bbox 404 1860 461 1896; x_wconf 91' lang='lat' dir='ltr'>vir</span> <span class='ocrx_word' id='word_1_229' title='bbox 493 1860 803 1908; x_wconf 88' lang='lat' dir='ltr'>sapientissimus</span> <span class='ocrx_word' id='word_1_230' title='bbox 835 1857 1032 1908; x_wconf 86' lang='lat' dir='ltr'>deputavit</span> <span class='ocrx_word' id='word_1_231' title='bbox 1064 1852 1162 1909; x_wconf 80' lang='lat' dir='ltr'>(non</span> <span class='ocrx_word' id='word_1_232' title='bbox 1195 1858 1329 1907; x_wconf 90' lang='lat' dir='ltr'>utique</span> <span class='ocrx_word' id='word_1_233' title='bbox 1363 1856 1411 1894; x_wconf 91' lang='lat' dir='ltr'>ob</span> 
     </span>
     <span class='ocr_line' id='line_1_29' title="bbox 79 1916 1411 1968; baseline -0.002 -13"><span class='ocrx_word' id='word_1_234' title='bbox 79 1917 193 1968; x_wconf 88' lang='lat' dir='ltr'>aliud,</span> <span class='ocrx_word' id='word_1_235' title='bbox 228 1918 300 1955; x_wconf 88' lang='lat' dir='ltr'>nisi</span> <span class='ocrx_word' id='word_1_236' title='bbox 328 1923 370 1955; x_wconf 89' lang='lat' dir='ltr'>ut</span> <span class='ocrx_word' id='word_1_237' title='bbox 396 1928 480 1954; x_wconf 87' lang='lat' dir='ltr'>eam</span> <span class='ocrx_word' id='word_1_238' title='bbox 506 1918 621 1954; x_wconf 85' lang='lat' dir='ltr'>vitam</span> <span class='ocrx_word' id='word_1_239' title='bbox 653 1916 932 1967; x_wconf 85' lang='lat' dir='ltr'>desideremus,</span> <span class='ocrx_word' id='word_1_240' title='bbox 965 1927 1061 1966; x_wconf 89' lang='lat' dir='ltr'>quae</span> <span class='ocrx_word' id='word_1_241' title='bbox 1097 1916 1302 1953; x_wconf 88' lang='lat' dir='ltr'>vanitatem</span> <span class='ocrx_word' id='word_1_242' title='bbox 1335 1927 1411 1953; x_wconf 90' lang='lat' dir='ltr'>non</span> 
     </span>
     <span class='ocr_line' id='line_1_30' title="bbox 80 1973 1412 2025; baseline -0.002 -11"><span class='ocrx_word' id='word_1_243' title='bbox 80 1975 196 2014; x_wconf 87' lang='lat' dir='ltr'>habet</span> <span class='ocrx_word' id='word_1_244' title='bbox 228 1975 300 2013; x_wconf 88' lang='lat' dir='ltr'>sub</span> <span class='ocrx_word' id='word_1_245' title='bbox 326 1974 518 2025; x_wconf 86' lang='lat' dir='ltr'>hoc-sole,</span> <span class='ocrx_word' id='word_1_246' title='bbox 551 1974 618 2013; x_wconf 88' lang='lat' dir='ltr'>sed</span> <span class='ocrx_word' id='word_1_247' title='bbox 652 1976 853 2013; x_wconf 84' lang='lat' dir='ltr'>veritatem</span> <span class='ocrx_word' id='word_1_248' title='bbox 885 1973 957 2012; x_wconf 90' lang='lat' dir='ltr'>sub</span> <span class='ocrx_word' id='word_1_249' title='bbox 990 1973 1054 2011; x_wconf 89' lang='lat' dir='ltr'>illo</span> <span class='ocrx_word' id='word_1_250' title='bbox 1087 1975 1153 2023; x_wconf 88' lang='lat' dir='ltr'>qui</span> <span class='ocrx_word' id='word_1_251' title='bbox 1185 1974 1277 2011; x_wconf 83' lang='lat' dir='ltr'>fecit</span> <span class='ocrx_word' id='word_1_252' title='bbox 1307 1973 1412 2011; x_wconf 90' lang='lat' dir='ltr'>hunc</span> 
     </span>
     <span class='ocr_line' id='line_1_31' title="bbox 82 2029 1482 2086; baseline -0.001 -15"><span class='ocrx_word' id='word_1_253' title='bbox 82 2029 235 2086; x_wconf 78' lang='lat' dir='ltr'>solem),</span> <span class='ocrx_word' id='word_1_254' title='bbox 267 2054 320 2059; x_wconf 85' lang='lat'>—</span> <span class='ocrx_word' id='word_1_255' title='bbox 354 2034 393 2070; x_wconf 89' lang='lat' dir='ltr'>in</span> <span class='ocrx_word' id='word_1_256' title='bbox 434 2032 505 2071; x_wconf 87' lang='lat' dir='ltr'>hac</span> <span class='ocrx_word' id='word_1_257' title='bbox 538 2045 630 2083; x_wconf 84' lang='lat' dir='ltr'>ergo</span> <span class='ocrx_word' id='word_1_258' title='bbox 664 2034 830 2071; x_wconf 88' lang='lat' dir='ltr'>vanitate</span> <span class='ocrx_word' id='word_1_259' title='bbox 868 2032 1056 2082; x_wconf 89' lang='lat' dir='ltr'>numquid</span> <span class='ocrx_word' id='word_1_260' title='bbox 1097 2032 1171 2069; x_wconf 88' lang='lat' dir='ltr'>nisi</span> <span class='ocrx_word' id='word_1_261' title='bbox 1208 2033 1310 2070; x_wconf 87' lang='lat' dir='ltr'>iusto</span> <span class='ocrx_word' id='word_1_262' title='bbox 1343 2031 1413 2070; x_wconf 92' lang='lat' dir='ltr'>Dei</span> <span class='ocrx_word' id='word_1_263' title='bbox 1439 2040 1482 2070; x_wconf 90' lang='lat'>30</span> 
     </span>
    </p>
   </div>
   <div class='ocr_carea' id='block_1_5' title="bbox 177 2132 1411 2177">
    <p class='ocr_par' dir='ltr' id='par_1_5' title="bbox 177 2132 1411 2177">
     <span class='ocr_line' id='line_1_32' title="bbox 177 2132 1411 2177; baseline -0.001 -9"><span class='ocrx_word' id='word_1_264' title='bbox 177 2135 211 2176; x_wconf 83' lang='lat'>9)</span> <span class='ocrx_word' id='word_1_265' title='bbox 237 2134 356 2168; x_wconf 84' lang='lat' dir='ltr'>Eccle.</span> <span class='ocrx_word' id='word_1_266' title='bbox 385 2137 422 2177; x_wconf 92' lang='lat'>1,</span> <span class='ocrx_word' id='word_1_267' title='bbox 448 2137 468 2168; x_wconf 81' lang='lat'>2</span> <span class='ocrx_word' id='word_1_268' title='bbox 495 2145 546 2176; x_wconf 84' lang='lat' dir='ltr'>sq.</span> <span class='ocrx_word' id='word_1_269' title='bbox 598 2136 655 2176; x_wconf 82' lang='lat'>17)</span> <span class='ocrx_word' id='word_1_270' title='bbox 681 2133 801 2168; x_wconf 86' lang='lat' dir='ltr'>Eccle.</span> <span class='ocrx_word' id='word_1_271' title='bbox 828 2137 864 2175; x_wconf 77' lang='lat'>2,</span> <span class='ocrx_word' id='word_1_272' title='bbox 893 2136 935 2166; x_wconf 85' lang='lat'>13</span> <span class='ocrx_word' id='word_1_273' title='bbox 962 2144 1015 2176; x_wconf 72' lang='lat' dir='ltr'>sq,</span> <span class='ocrx_word' id='word_1_274' title='bbox 1066 2134 1123 2175; x_wconf 72' lang='lat'>25)</span> <span class='ocrx_word' id='word_1_275' title='bbox 1151 2132 1270 2166; x_wconf 89' lang='lat' dir='ltr'>Eccle.</span> <span class='ocrx_word' id='word_1_276' title='bbox 1297 2136 1330 2176; x_wconf 90' lang='lat'>8,</span> <span class='ocrx_word' id='word_1_277' title='bbox 1359 2137 1411 2168; x_wconf 83' lang='lat'>14.</span> 
     </span>
    </p>
   </div>
   <div class='ocr_carea' id='block_1_6' title="bbox 81 2260 1412 2353">
    <p class='ocr_par' dir='ltr' id='par_1_6' title="bbox 81 2260 1412 2353">
     <span class='ocr_line' id='line_1_33' title="bbox 177 2260 1412 2304; baseline -0.002 -7"><span class='ocrx_word' id='word_1_278' title='bbox 177 2266 196 2297; x_wconf 80' lang='lat'><strong>7</strong></span> <span class='ocrx_word' id='word_1_279' title='bbox 223 2261 472 2296; x_wconf 73' lang='lat' dir='ltr'>uanitantium</span> <span class='ocrx_word' id='word_1_280' title='bbox 497 2272 566 2296; x_wconf 80' lang='lat' dir='ltr'>mss</span> <span class='ocrx_word' id='word_1_281' title='bbox 590 2273 631 2303; x_wconf 84' lang='lat' dir='ltr'>v‚·</span> <span class='ocrx_word' id='word_1_282' title='bbox 664 2262 708 2304; x_wconf 81' lang='lat' dir='ltr'>cf.</span> <span class='ocrx_word' id='word_1_283' title='bbox 735 2261 892 2295; x_wconf 76' lang='lat' dir='ltr'>Retract.</span> <span class='ocrx_word' id='word_1_284' title='bbox 920 2264 952 2302; x_wconf 80' lang='lat'>1,</span> <span class='ocrx_word' id='word_1_285' title='bbox 978 2264 1012 2302; x_wconf 85' lang='lat'>7,</span> <span class='ocrx_word' id='word_1_286' title='bbox 1038 2263 1060 2295; x_wconf 87' lang='grc'><em>3</em></span> <span class='ocrx_word' id='word_1_287' title='bbox 1097 2261 1109 2304; x_wconf 84' lang='grc' dir='ltr'>ΙΙ</span> <span class='ocrx_word' id='word_1_288' title='bbox 1145 2264 1165 2294; x_wconf 88' lang='grc'>8</span> <span class='ocrx_word' id='word_1_289' title='bbox 1192 2260 1316 2295; x_wconf 77' lang='lat' dir='ltr'>omnia</span> <span class='ocrx_word' id='word_1_290' title='bbox 1340 2260 1412 2295; x_wconf 75' lang='grc' dir='ltr'>ΕΑ</span> 
     </span>
     <span class='ocr_line' id='line_1_34' title="bbox 81 2308 1002 2353; baseline -0.003 -10"><span class='ocrx_word' id='word_1_291' title='bbox 81 2319 144 2343; x_wconf 85' lang='lat' dir='ltr'>sec.</span> <span class='ocrx_word' id='word_1_292' title='bbox 173 2309 319 2350; x_wconf 76' lang='lat' dir='ltr'>Graec.;</span> <span class='ocrx_word' id='word_1_293' title='bbox 345 2310 381 2343; x_wconf 71' lang='lat' dir='ltr'>et</span> <span class='ocrx_word' id='word_1_294' title='bbox 407 2320 502 2343; x_wconf 90' lang='lat' dir='ltr'>omn.</span> <span class='ocrx_word' id='word_1_295' title='bbox 529 2320 548 2342; x_wconf 81' lang='lat' dir='ltr'><em>v</em></span> <span class='ocrx_word' id='word_1_296' title='bbox 568 2309 580 2352; x_wconf 78' lang='lat' dir='ltr'>ss</span> <span class='ocrx_word' id='word_1_297' title='bbox 600 2311 643 2342; x_wconf 82' lang='lat'>28</span> <span class='ocrx_word' id='word_1_298' title='bbox 670 2308 767 2353; x_wconf 81' lang='lat' dir='ltr'>eam]</span> <span class='ocrx_word' id='word_1_299' title='bbox 795 2309 941 2342; x_wconf 73' lang='lat' dir='ltr'>beatam</span> <span class='ocrx_word' id='word_1_300' title='bbox 968 2309 1002 2340; x_wconf 85' lang='lat' dir='ltr'><strong><em>A</em></strong></span> 
     </span>
    </p>
   </div>
  </div>
 </body>
</html>
