1611 2465
24 710 65 741 10

23 1003 65 1033 15

21 1295 66 1326 20

23 1587 66 1617 25

25 1878 68 1909 30

24 2170 67 2199 35

91 74 175 115 348
636 82 663 107 s.
683 82 899 109 Acens'mm

92 175 213 211 virtus
253 178 381 210 autem
420 171 657 209 adsumenda
695 171 870 210 creditur
913 177 1074 223 propter
1111 172 1232 223 illam,
1273 173 1311 211 id
1355 179 1428 225 est,

90 238 134 271 ut
166 231 261 269 nihil
291 232 414 268 virtus
455 236 540 280 agat
572 231 646 268 nisi
678 229 724 268 ad
757 231 1072 281 consequendam
1103 231 1163 269 vel
1195 243 1425 270 conservan-

90 291 177 329 dam
210 290 387 340 corporis
419 288 671 339 voluptatem3
710 300 807 338 quae
840 290 916 327 vita
949 289 1133 328 deformis
1166 295 1225 328 est
1257 289 1428 341 quidem,

91 351 233 399 quippe
268 347 334 385 ubi
360 348 483 385 virtus
511 348 631 385 servit
663 347 840 385 dominae
872 347 1059 398 voluptati
1092 344 1287 400 (quamvis
1320 348 1426 395 nullo

90 407 205 446 modo
231 407 325 444 haec
352 405 515 443 dicenda
548 407 598 444 sit
628 402 790 458 virtus);
824 406 889 444 sed
923 412 1051 445 tamen
1084 408 1199 445 etiam
1232 408 1305 445 ista
1337 406 1426 445 1101·-

91 465 215 504 ribilis
248 464 449 515 turpitudo
488 464 622 502 habuit
661 464 849 515 quosdam
889 464 1139 515 philosophos
1171 471 1356 516 patronos
1389 471 1429 504 et

90 524 319 563 defensores
351 535 453 561 suos.
516 522 659 561 Virtuti
690 535 808 573 porro
841 523 1018 574 voluptas
1050 525 1238 574 iungitur,
1271 523 1426 574 quando

91 589 229 621 neutra
262 593 395 620 earum
435 587 597 632 propter
629 581 808 633 alteram,
847 582 914 620 sed
946 587 1108 632 propter
1141 594 1181 620 se
1214 583 1317 633 ipsas
1351 594 1427 619 am-

91 642 160 679 bae
202 646 452 691 appetuntur.
522 640 769 691 Quapropter
810 641 912 679 sicut
953 640 1128 691 voluptas
1172 640 1232 678 vel
1274 640 1428 679 subdita

92 700 151 738 vel
182 699 352 751 praelata
384 699 443 737 vel
475 700 606 737 iuncta
639 700 774 737 virtuti
805 704 886 737 tres
918 704 1044 737 sectas
1077 700 1188 750 facit,
1220 700 1273 737 ita
1305 701 1429 751 quies,

92 761 144 797 ita
176 765 407 809 utrumque,
445 759 498 796 ita
539 759 663 808 prima
695 762 856 795 naturae
889 757 981 795 alias
1013 763 1144 795 ternas
1175 759 1429 796 inveniuntur

92 818 259 856 efficere.
333 816 409 854 Pro
460 817 644 854 varietate
702 818 844 866 quippe
894 815 1151 854 humanarum
1201 817 1428 866 opinionum

92 877 227 915 virtuti
259 874 464 925 aliquando
504 874 747 926 subduntur,
788 874 992 924 aliquando
1025 874 1324 926 praeferuntur,
1363 874 1428 912 ali-

93 935 246 985 quando
295 935 536 985 iunguntur,
591 945 633 971 ac
690 934 745 971 sic
804 933 849 970 ad
886 932 1183 978 ‚duodenarium
1233 938 1428 971 sectarum

93 1004 299 1031 numerum
332 993 570 1043 pervenitur.
634 991 709 1029 Sed
742 992 814 1030 iste
848 1003 1003 1041 quoque
1036 1003 1226 1029 numerus
1257 990 1427 1042 duplica-

92 1058 157 1090 tur
189 1051 358 1089 adhibita
396 1062 471 1088 una
510 1050 747 1101 differentia,
786 1050 938 1087 socialis
970 1049 1150 1088 videlicet
1183 1051 1300 1102 vitae,
1332 1062 1425 1100 quo-

92 1112 212 1162 niam,
250 1110 427 1160 quisquis
466 1114 638 1147 sectatur
670 1108 836 1158 aliquam
868 1109 1033 1146 istarum
1065 1108 1270 1147 duodecim
1304 1114 1426 1147 secta—

92 1181 196 1220 rum,
250 1168 416 1206 Jrofecto
455 1173 521 1205 aut
560 1172 721 1217 propter
760 1179 800 1205 56
840 1171 989 1204 tantum
1022 1166 1060 1204 id
1100 1168 1178 1217 agit
1215 1172 1281 1205 aut
1312 1168 1428 1205 etiam

90 1233 252 1278 propter
284 1227 445 1276 socium,
478 1227 540 1263 cui
572 1225 689 1263 debet
720 1224 793 1263 hoc
826 1224 920 1262 velle
954 1224 1057 1275 quod
1090 1225 1174 1264 sibi.
1237 1225 1429 1270 Quocirca

92 1285 297 1324 duodecim
330 1290 422 1322 sunt
447 1295 596 1335 eorum,
629 1284 695 1334 qui
726 1289 887 1334 propter
920 1295 960 1321 se
993 1289 1144 1322 tantum
1175 1296 1426 1334 unamquam-

93 1356 168 1395 que
202 1343 408 1381 tenendam
441 1347 596 1393 putant,
629 1347 667 1380 et
699 1341 793 1380 aliae
826 1341 1032 1379 duodecim
1065 1354 1220 1394 eorum,
1251 1343 1319 1393 qui
1350 1354 1427 1380 non

93 1402 218 1441 solum
249 1408 410 1452 propter
448 1413 490 1439 56
529 1402 583 1438 sic
616 1400 675 1438 vel
707 1402 762 1438 sic
795 1400 1145 1451 philosophandum
1176 1412 1261 1439 esse
1294 1400 1427 1440 decer-

94 1466 211 1512 nunt,
253 1460 320 1497 sed
354 1461 470 1497 ctiam
507 1464 668 1510 propter
709 1458 821 1510 alios,
865 1471 1033 1509 quorum
1064 1458 1208 1497 bonum
1241 1465 1429 1510 appetunt

94 1521 196 1557 sicut
237 1530 362 1556 suum.
424 1517 504 1556 Hae
543 1522 672 1555 autem
714 1522 843 1555 sectae
886 1518 1021 1567 viginti
1060 1522 1244 1567 quattuor
1283 1519 1428 1556 iterum

94 1579 340 1628 geminantur
373 1576 498 1615 addita
526 1576 742 1614 differentia
768 1588 816 1614 ex
842 1576 1081 1614 Academicis
1119 1577 1228 1613 novis
1255 1581 1293 1614 et
1329 1576 1429 1615 fiunt

95 1636 347 1686 quadraginta
386 1640 484 1673 octo.
547 1634 703 1672 Illarum
736 1636 878 1685 quippe
912 1636 1047 1684 viginti
1079 1640 1262 1685 quattuor
1293 1646 1426 1673 unam-

95 1706 288 1745 quamque
331 1699 526 1732 sectarum
568 1699 696 1743 potest
737 1695 902 1744 quisque
945 1694 1000 1730 sic
1039 1699 1174 1731 tenere
1213 1705 1256 1731 ac
1295 1693 1426 1731 desen-

94 1753 187 1792 dere
232 1758 275 1791 ut
319 1758 485 1803 certam,
536 1764 651 1802 quem
705 1751 749 1789 ad
796 1751 954 1789 modum
998 1751 1259 1789 defenderunt
1306 1751 1425 1790 Stoici

96 1811 197 1862 quod
231 1811 398 1849 hominis
424 1809 581 1861 bonum,
604 1822 689 1860 quo
722 1810 859 1848 beatus
892 1814 1006 1860 esset,
1039 1811 1078 1848 in
1110 1811 1227 1847 animi
1260 1815 1425 1848 tantum-

95 1870 208 1908 modo
248 1871 390 1907 virtute
430 1870 679 1918 consisteret3
717 1873 846 1918 potest
878 1868 975 1906 alius
1008 1873 1050 1906 ut
1081 1869 1288 1918 incertam,
1326 1869 1428 1906 sicut

96 1928 356 1966 defenderunt
393 1926 611 1965 Academici
652 1928 756 1977 novi,
798 1926 899 1976 quod
940 1927 995 1964 eis
1033 1927 1106 1964 etsi
1144 1938 1222 1963 non
1263 1932 1427 1978 certum,

95 1992 224 2025 tamen
256 1988 338 2024 veri
375 1985 499 2024 simile
541 1984 755 2023 videbatur.
818 1984 958 2034 Viginti
991 1990 1174 2034 quattuor
1206 1996 1298 2035 ergo
1330 1985 1428 2023 fiunt

95 2057 165 2095 per
198 2057 282 2096 605,
320 2046 387 2095 qui
419 2056 483 2082 635
515 2043 619 2081 velut
651 2048 776 2081 certas
808 2048 969 2094 propter
1000 2044 1219 2094 veritatem,
1261 2048 1300 2081 et
1332 2042 1426 2081 aliae

96 2105 229 2153 viginti
271 2108 453 2153 quattuor
495 2114 565 2153 per
610 2114 696 2153 eos,
740 2103 806 2152 qui
848 2100 1003 2139 easdem
1045 2103 1216 2151 quamvis
1257 2103 1427 2140 incertas

95 2168 254 2212 propter
299 2163 378 2199 veri
430 2160 723 2198 similitudinem
774 2159 992 2210 sequendas
1042 2165 1190 2210 putant.
1262 2159 1427 2211 Rursus,

95 2221 182 2270 quia
228 2231 538 2269 unamquamque
589 2220 750 2256 istarum
802 2219 1054 2269 quadraginta
1099 2223 1186 2256 octo
1232 2223 1426 2256 sectarum
