1611 2465
7 814 48 844 10

7 1106 49 1136 15

9 1400 51 1431 20

10 1690 52 1720 25

9 1980 52 2011 30

76 89 160 130 316
616 97 641 123 s.
662 96 879 124 Aueusrmi

608 229 761 272 CAPUT
791 230 879 272 XL.

75 316 135 355 De
166 318 454 365 Aeyyptiorum
487 316 793 354 mendacissima
825 317 1013 363 vanitate,
1046 327 1150 364 quae
1182 318 1418 365 antiquitati

192 376 385 413 scientiae
424 385 523 412 suae
555 379 711 412 centum
743 375 852 412 milia
887 375 1055 413 ascribit
1086 386 1294 413 annorum.

173 439 354 494 ‘Frustra
378 457 509 505 itaque
537 457 743 493 vanissima
769 457 1086 507 praesumptione
1119 458 1297 507 garriunt
1328 457 1412 507 qui-

75 515 162 553 dam
194 513 381 565 dicentes,
414 526 459 551 ex
491 525 566 564 quo
593 514 790 564 Aegyptus
821 516 1012 553 rationem
1045 514 1217 553 siderum
1250 526 1413 565 conpre-

75 572 231 623 hendit,
275 572 438 623 amplius
480 584 594 622 quam
633 579 791 611 centum
829 584 1019 611 annorum
1058 573 1162 612 milia
1205 574 1430 612 numeraria

75 631 118 668 ln
163 630 306 680 quibus
350 632 453 668 enim
494 630 602 669 libris
639 632 757 669 istum
795 643 1003 669 numerum
1042 631 1303 682 collegerunt,
1348 632 1415 682 qui

75 701 152 727 non
197 688 363 727 multum
407 696 495 727 ante
538 696 728 727 annorum
773 689 849 727 duo
892 689 995 728 milia
1039 689 1189 728 litteras
1231 691 1415 740 magistra

74 747 174 785 Iside
204 744 455 786 didicerunt?
504 747 589 785 Non
617 749 721 785 enim
747 759 889 798 parvus
922 754 1057 786 auctor
1090 754 1149 787 est
1181 750 1220 786 in
1252 748 1415 787 historia

76 805 214 853 Varro,
253 807 319 856 qui
350 805 425 844 hoc
456 805 646 857 prodidit,
685 806 787 856 quod
821 818 841 844 a
873 806 1091 844 litterarum
1124 808 1238 845 etiam
1271 806 1414 845 divina-

75 876 163 902 rum
208 866 368 902 veritate
413 876 491 902 non
536 864 719 902 dissonat.
783 863 879 902 Cum
923 866 1025 903 enim
1070 864 1116 903 ab
1161 866 1244 915 ipso
1289 866 1415 916 primo

75 922 248 974 homine,
288 924 354 973 qui
395 928 454 960 est
493 922 707 974 appellatus
739 916 889 973 Adam,
918 922 1091 961 nondum
1125 935 1192 961 sex
1224 934 1415 961 annornm

76 981 179 1019 milia
224 980 513 1032 compleantur,
558 993 634 1031 quo
678 980 793 1019 modo
845 983 923 1019 non
973 983 1037 1019 isti
1087 981 1239 1020 ridendi
1283 982 1414 1032 potius

76 1051 191 1089 quam
223 1039 425 1077 refellendi
458 1045 560 1091 sunt,
593 1040 659 1089 qui
691 1039 737 1077 de
771 1041 894 1090 spatio
926 1045 1148 1090 temporum
1179 1046 1257 1078 tam
1289 1039 1415 1078 diver-

76 1110 116 1136 sa
156 1103 194 1136 et
231 1097 321 1136 huie
360 1097 579 1148 exploratae
622 1099 773 1136 veritati
815 1103 892 1136 tam
937 1100 1132 1137 contraria
1176 1098 1413 1148 persuadere

77 1154 296 1194 conantur?
346 1156 417 1194 Cui
449 1157 553 1194 enim
584 1155 723 1194 melius
756 1158 929 1194 narranti
961 1158 1172 1207 praeterita
1205 1156 1414 1208 credimus,

77 1226 192 1265 quam
236 1216 302 1264 qui
352 1216 467 1252 etiam
517 1215 647 1252 futura
688 1214 896 1265 praedixit,
941 1226 1038 1264 quae
1079 1216 1299 1265 praesentia
1339 1216 1416 1253 iam

76 1270 280 1311 videmus?
341 1272 438 1310 Nam
470 1278 509 1311 et
539 1274 623 1323 ipsa
655 1272 936 1311 historicorum
967 1275 1071 1311 inter
1104 1285 1143 1311 se
1178 1273 1415 1311 dissonantia

77 1332 227 1382 copiam
253 1331 366 1369 nobis
391 1330 564 1382 praebet,
597 1336 639 1369 ut
667 1332 701 1369 ei
734 1332 865 1381 potius
898 1331 1059 1369 credere
1093 1330 1316 1382 debeamus,
1347 1332 1435 1382 qui·

78 1390 248 1441 divinae,
293 1402 408 1440 quam
435 1395 645 1441 tenemus,
684 1401 761 1427 non
801 1395 991 1440 repugnat
1033 1389 1231 1428 historiae.
1292 1389 1416 1428 Porro

78 1454 206 1486 autem
248 1449 351 1486 cives
389 1449 529 1499 impiae
563 1449 728 1486 civitatis
761 1447 891 1486 diffusi
923 1459 1204 1499 usquequaque
1236 1460 1307 1499 per
1338 1454 1415 1486 ter-

78 1517 141 1544 ras
167 1518 257 1544 eum
283 1506 417 1557 legunt
449 1506 695 1544 doctissimos
727 1504 916 1558 homines,
948 1518 1115 1557 quorum
1147 1506 1292 1545 nullius
1325 1517 1414 1545 con-

78 1564 287 1603 temnenda
319 1565 496 1603 videatur
522 1566 745 1616 auctoritas,
776 1566 880 1603 inter
913 1576 953 1603 se
986 1565 1032 1603 de
1066 1564 1184 1603 rebus
1216 1566 1337 1615 gestis
1369 1564 1415 1603 ab

79 1625 215 1661 aetatis
260 1628 417 1661 nostrae
461 1625 647 1661 memoria
697 1624 969 1662 remotissimis
1013 1623 1304 1675 discrepantes,
1353 1624 1417 1662 cui

80 1683 210 1731 potius
263 1681 424 1719 credere
473 1681 659 1733 debeant,
710 1692 786 1719 non
837 1683 1050 1720 inveniunt.
1118 1681 1197 1720 Nos
1240 1693 1332 1720 vero
1376 1683 1416 1720 in

80 1745 237 1778 nostrae
263 1739 463 1789 religionis
489 1739 650 1778 historia
678 1739 764 1778 sulti
795 1741 1024 1778 auctoritate
1057 1739 1196 1791 divina,
1228 1738 1416 1790 quidquid

80 1799 116 1836 ei
149 1799 307 1848 resistit,
339 1809 417 1836 non
451 1797 673 1836 dubitamus
705 1809 791 1836 esse
825 1797 1094 1850 salsissimum,
1126 1797 1417 1848 quomodolibet

81 1867 166 1894 sese
194 1855 360 1894 habeant
386 1862 516 1894 cetera
541 1857 580 1894 in
614 1855 878 1894 saecularibus
910 1855 1062 1907 litteris,
1094 1867 1192 1906 quae
1225 1867 1293 1894 seu
1326 1866 1416 1893 vera

82 1926 151 1952 seu
178 1915 270 1953 salsa
297 1916 386 1964 sint,
419 1913 513 1965 nihil
540 1915 724 1952 momenti
752 1913 944 1966 adserunt,
976 1925 1053 1964 quo
1085 1919 1192 1953 recte
1224 1912 1414 1964 beateque

80 1974 261 2012 vivamus.

176 2123 216 2153 13
243 2119 303 2153 isti
330 2130 392 2154 om.
418 2119 454 2154 R

1598 608 1602 620 -
1596 539 1603 595 «υ.
