1548 2562
458 109 511 133 DE
531 107 718 134 CIVITATE
738 108 808 133 DEI
827 108 860 133 L.
880 108 961 132 mx.
982 108 1010 133 c.
1031 109 1072 132 21.
1339 98 1422 137 391

96 210 186 237 cum
216 197 402 248 improbis
434 197 610 235 aufertur
641 198 870 235 iniuriarum
902 196 1079 248 lieentia,
1111 202 1149 234 et
1181 196 1316 234 domiti
1348 207 1425 233 me-

97 257 172 295 lius
213 268 252 294 se
293 255 505 307 habebunt,
549 257 637 305 quia
677 255 854 293 indomiti
895 255 1068 293 deterius
1107 267 1147 292 se
1186 253 1426 304 habuerunt3

98 315 373 363 subditumque
405 319 481 365 est,
514 319 557 352 ut
588 315 660 351 ista
692 315 789 351 ratio
822 308 1054 365 firmaretur,
1087 313 1204 351 veluti
1236 324 1256 350 a
1289 318 1427 349 natura

97 378 293 422 sumptum
327 371 453 409 nobile
485 371 706 422 exemplum
738 377 851 421 atque
885 372 1031 409 dictum
1064 377 1141 410 est:
1172 370 1274 421 „Cur
1307 372 1426 420 igitur

96 430 199 469 Deus
225 430 382 481 homini,
409 431 560 468 animus
585 431 751 480 imperat
771 432 937 480 corpori,
964 431 1061 468 ratio
1089 429 1238 467 libidini
1264 430 1422 467 ceteris-

97 501 172 539 que
213 489 361 526 vitiosis
402 490 519 526 animi
560 484 788 537 partihus‘?“
848 488 965 526 Plane
1007 488 1080 526 hoc
1119 487 1294 538 exemplo
1335 487 1427 525 satis

97 546 278 585 edoctum
316 551 375 584 est
413 545 644 596 quibusdam
685 558 770 584 esse
811 546 947 584 utilem
989 548 1234 597 servitutem,
1273 552 1311 583 et
1348 545 1427 582 Deo

97 604 253 656 quidem
286 610 329 642 ut
360 606 551 642 serviatur
584 604 677 642 utile
711 616 795 642 esse
829 604 1021 642 omnibus.
1085 604 1266 642 Serviens
1299 609 1428 642 autem

97 663 176 701 Deo
202 664 352 701 animus
377 668 484 700 recte
511 663 676 713 imperat
706 664 873 714 corpori,
904 664 1021 712 inque
1054 664 1137 713 ipso
1171 664 1297 700 animo
1330 663 1428 700 ratio

98 721 176 759 Deo
197 720 359 758 Domino
387 720 539 759 subdita
566 726 672 759 recte
699 722 863 771 imperat
888 721 1037 758 libidini
1063 722 1242 771 vitiisque
1270 722 1422 759 ceteris

98 779 343 830 Quapropter
375 778 442 817 ubi
473 779 586 816 horno
620 778 699 817 Deo
732 791 808 817 non
841 781 977 830 servit,
1016 779 1108 829 quid
1141 781 1179 817 in
1214 791 1258 816 eo
1291 784 1428 829 putan-

96 838 190 876 dum
221 843 281 875 est
313 849 397 875 esse
430 834 627 875 iustitiae?
659 838 811 887 (plaudo
844 837 999 887 quidem
1034 837 1112 875 Deo
1146 850 1222 875 non
1256 839 1430 875 serviens

98 895 203 934 nullo
236 895 349 933 modo
375 901 504 946 potest
532 897 632 934 iuste
665 897 816 933 animus
849 897 1004 945 corpori
1036 901 1102 933 aut
1133 896 1299 933 humana
1332 897 1429 933 ratio

97 955 200 992 vitiis
240 955 443 1004 imperare.
507 953 556 991 Et
588 955 621 991 si
652 955 691 991 in
724 953 879 991 homine
912 953 977 991 tali
1010 966 1087 991 non
1121 960 1179 991 est
1212 954 1286 991 ulla
1319 955 1428 991 iusti-

97 1014 160 1064 tia,
191 1011 329 1063 procul
361 1011 477 1049 dubio
510 1024 581 1049 neo
614 1013 651 1048 in
685 1011 885 1049 hominum
919 1017 1054 1062 coetu,
1087 1013 1153 1061 qui
1186 1024 1231 1049 ex
1265 1012 1428 1049 homini-

97 1069 170 1108 bus
213 1069 353 1108 talibus
392 1074 554 1107 constat.
615 1069 700 1107 Non
734 1075 793 1107 est
824 1069 885 1107 hie
918 1082 1010 1120 ergo
1043 1071 1140 1107 iuris
1173 1070 1235 1107 ille
1269 1082 1430 1108 consen-

99 1141 176 1175 sus,
209 1129 276 1178 qui
307 1127 507 1166 hominum
539 1127 827 1165 multitudinem
859 1128 1045 1178 populum
1078 1128 1191 1180 facit,
1224 1130 1336 1166 ouius
1368 1141 1431 1166 res

98 1186 242 1225 dicitur
280 1198 365 1224 esse
410 1198 472 1223 res
513 1186 677 1236 publica.
739 1185 834 1223 Nam
876 1186 923 1224 de
962 1186 1127 1224 utilitate
1170 1187 1261 1236 quid
1295 1186 1432 1237 dicam,

98 1246 210 1283 cuius
248 1246 363 1282 etiam
396 1246 667 1282 communione
702 1246 870 1282 sociatus
903 1251 1038 1282 coetus
1071 1244 1289 1295 homiuum,
1331 1247 1431 1283 sieut

99 1315 184 1341 sese
217 1301 333 1340 habet
370 1303 442 1340 ista
475 1302 666 1353 definitio,
704 1302 870 1352 populus
909 1301 1186 1353 nuncupatur?
1249 1303 1431 1347 Quamvis

99 1362 224 1412 enim,
265 1362 297 1398 si
335 1360 541 1410 diligenter
573 1360 782 1411 adtendas,
823 1373 894 1398 nec
936 1361 1082 1399 utilitas
1115 1363 1164 1399 sit
1196 1361 1272 1399 ulla
1304 1363 1431 1399 viven-

102 1421 210 1470 tium,
241 1420 309 1469 qui
340 1420 474 1456 vivunt
504 1420 639 1470 impie,
673 1420 774 1456 siout
806 1420 897 1457 vivit
928 1421 1071 1470 omnis,
1105 1421 1170 1469 qui
1206 1431 1280 1457 non
1313 1421 1433 1457 servit

100 1477 178 1515 Deo
224 1478 419 1527 servitque
465 1476 739 1527 daemonibus,
784 1482 890 1515 tanto
932 1479 1052 1527 magis
1093 1479 1243 1529 impiis,
1287 1483 1432 1527 quanto

101 1537 221 1585 magis
254 1534 339 1586 sibi,
371 1548 460 1573 cum
493 1537 570 1573 sint
602 1534 888 1573 inmundissimi
920 1537 1099 1587 spirituS,
1131 1542 1327 1585 tamquam
1360 1536 1433 1573 diis

100 1594 310 1632 sacrificari
342 1593 492 1631 volunt:
534 1599 662 1631 tamen
696 1593 798 1643 quod
831 1593 876 1631 de
909 1595 1005 1632 iuris
1038 1606 1232 1631 consensu
1266 1594 1434 1632 diximus
1460 1601 1497 1613 ”’

100 1653 193 1690 satis
232 1663 317 1689 esse
356 1651 541 1702 arbitror,
579 1651 682 1689 unde
724 1657 906 1702 appareat
937 1664 1007 1702 per
1039 1652 1137 1690 hanc
1169 1652 1435 1690 definitionem

102 1722 178 1747 non
205 1722 291 1747 esse
316 1709 515 1760 populum,
548 1711 659 1747 cuius
691 1722 754 1747 res
785 1709 939 1760 publica
972 1722 1056 1748 esse
1089 1710 1253 1761 dicatur,
1286 1712 1322 1748 in
1357 1723 1434 1760 quo

101 1769 247 1806 iustitia
273 1779 351 1805 non
377 1772 446 1806 est.
510 1767 550 1805 Si
583 1769 685 1805 enim
717 1768 851 1806 dicunt
882 1780 958 1806 non
992 1768 1193 1819 spiritibus
1226 1769 1435 1820 inmundis,

102 1825 170 1864 sed
212 1825 284 1864 diis
325 1825 437 1863 bonis
476 1831 590 1875 atque
635 1827 778 1864 sanctis
817 1827 855 1863 in
894 1838 962 1864 sua
1001 1839 1042 1864 re
1081 1827 1234 1877 publica
1268 1829 1433 1865 servisse

102 1884 312 1922 Romanos:
354 1884 542 1934 numquid
581 1884 714 1922 eadem
752 1886 896 1922 totiens
933 1885 1143 1935 repetenda
1183 1890 1295 1936 sunt,
1335 1898 1432 1935 quae

103 1943 177 1979 iam
227 1944 340 1993 satis,
383 1944 499 1980 immo
538 1942 638 1980 ultra
685 1955 799 1992 quam
844 1944 936 1980 satis
977 1950 1037 1981 est
1080 1941 1277 1981 diximus?
1339 1944 1433 1989 Quis

103 2001 206 2037 enim
245 2000 291 2038 ad
329 2000 432 2038 hunc
470 2000 597 2038 locum
635 2013 704 2051 per
743 2002 966 2051 superiores
1005 2001 1120 2039 huius
1153 2003 1283 2051 operis
1314 2002 1434 2040 libros

104 2059 300 2109 pervenit,
333 2060 399 2108 qui
430 2058 606 2096 dubitare
640 2059 765 2097 adhuc
798 2061 920 2109 possit
953 2060 1061 2097 malis
1094 2066 1132 2097 et
1163 2061 1314 2110 inpuris
1347 2060 1433 2098 dae-

105 2115 284 2154 monibus
323 2118 488 2154 servisse
520 2116 735 2168 Romanos,
781 2118 855 2155 uisi
894 2117 953 2155 vel
986 2119 1147 2156 nimium
1180 2118 1343 2157 stolidus
1376 2118 1432 2156 vel

197 2267 240 2296 20
266 2274 350 2297 sev

1454 727 1496 756 10

1459 1019 1499 1047 15

1459 1311 1502 1337 Ἣ)

1460 1897 1504 1926 30
