1548 2562
410 87 461 112 DE
481 86 669 112 CIVITATE
689 87 758 111 DEI
778 86 810 111 L.
830 86 895 112 XX.
916 86 945 111 c.
967 87 998 111 18
1291 76 1375 117 447

43 179 84 216 in
117 179 219 216 diem
250 178 394 215 iudicii
429 181 467 214 et
498 177 739 225 perditionis
776 176 976 214 hominum
1009 177 1228 224 impiorum.
1291 175 1377 214 Hoc

43 247 164 274 unum
191 247 283 274 uero
307 245 387 273 non
414 236 538 273 lateat
562 246 639 281 vos,
672 236 881 285 carissimi,
907 235 1001 282 quia
1027 245 1130 272 unus
1160 234 1244 271 dies
1269 235 1380 282 apud

43 295 254 332 Dominum
284 295 389 331 sicut
419 294 523 330 mille
555 294 653 330 cinni
683 297 720 330 et
751 294 985 331 millenum·
1013 294 1117 330 sicut
1148 293 1231 330 dies
1262 304 1375 330 unus.

44 353 130 391 Non
156 353 294 390 tardat
319 352 510 389 Dominus
535 352 784 400 promissum,
816 353 921 389 sicut
951 352 1112 398 quidam
1145 351 1376 388 tarditatem

44 412 293 455 existimant;
323 411 396 447 sed
408 411 611 458 patienter
632 408 717 456 fert
743 414 911 457 propter
936 420 1012 456 vos,
1044 411 1180 447 nolens
1205 410 1375 456 aliquem

40 470 198 519 perire,
246 469 318 506 sed
365 479 496 506 omnes
546 469 586 505 in
631 470 920 515 paenitentiam
970 469 1157 506 converti.
1241 466 1377 505 Veniet

43 531 174 565 autem
212 528 296 565 dies
328 526 487 564 Domini
522 530 567 563 ut
598 525 688 573 fur,
727 527 767 563 in
805 537 881 573 quo
920 527 1025 564 caeli
1053 536 1196 573 maqno
1230 527 1375 574 impetu

44 589 349 635 transcurrent,
399 586 592 622 elementa
642 587 773 622 autem
817 585 1004 622 ardentia
1049 586 1297 622 resolventur
1339 588 1379 622 et

44 648 157 681 terra
189 647 227 681 et
262 654 365 690 quae
403 644 443 680 in
483 644 568 691 ipsa
599 647 691 680 sunt
722 653 846 690 opera
879 647 1113 680 exurentur.
1175 642 1248 680 His
1280 653 1376 689 erqo

44 702 222 740 omnibus
256 701 518 750 pereuntibus
555 703 692 748 quales
729 705 884 749 oportet
920 712 1004 739 esse
1041 712 1108 739 vos
1146 702 1187 738 in
1227 702 1377 738 sanctis

44 760 412 798 conversationibus
448 763 704 808 expectantes
742 763 781 797 et
806 764 1071 808 properantes
1104 760 1160 796 ad
1183 770 1375 807 praesen-

44 820 140 856 tiam
171 819 254 856 diei
282 818 457 866 Domini,
493 829 571 866 per
603 828 720 865 quam
753 820 858 856 caeli
887 819 1076 856 ardentes
1106 819 1308 855 solventur
1339 821 1377 855 et

44 878 235 915 elementa
268 878 371 924 iynis
410 877 560 914 ardore
599 878 900 923 decoquentur?
962 876 1088 913 Nouos
1120 886 1213 913 vero
1246 877 1377 913 caelos

44 940 83 973 et
113 939 264 973 terram
295 946 435 972 novam
471 936 688 972 secundum
722 936 921 982 promissa
954 936 1077 982 ipsius
1109 938 1375 983 expectamus,

45 995 85 1031 in
126 993 268 1040 quibus
312 994 463 1030 iustitia
506 993 712 1030 inhabitat.
773 991 877 1029 Nihil
917 992 980 1029 hie
1022 992 1117 1029 dixit
1158 992 1203 1029 de
1244 1003 1374 1029 resur-

44 1052 218 1089 rectione
245 1056 501 1102 mortuorum,
533 1050 601 1088 sed
634 1062 724 1088 sane
758 1050 805 1088 de
837 1050 1058 1100 perditione
1091 1049 1227 1088 mundi
1259 1049 1375 1087 huius

45 1110 149 1147 satis.
209 1107 283 1146 Ubi
315 1110 430 1146 etiam
462 1120 771 1146 commemorans
803 1109 948 1147 factum
982 1113 1069 1147 ante
1103 1108 1291 1146 diluvium
1323 1109 1374 1146 vi-

45 1167 160 1205 detur
192 1167 438 1205 admonuisse
477 1166 644 1217 quodam
681 1166 814 1218 modo,
854 1173 1048 1217 quatenus
1081 1168 1120 1204 in
1152 1167 1228 1204 fine
1260 1166 1376 1205 huius

46 1225 191 1264 saeculi
227 1224 416 1263 mundum
454 1226 572 1263 istum
611 1226 831 1275 periturum
876 1237 960 1263 esse
1003 1225 1218 1263 credamus.
1280 1224 1376 1262 Nam

46 1289 85 1322 et
121 1283 185 1321 illo
227 1288 401 1333 tempore
440 1284 589 1333 perisse
628 1283 743 1334 dixit,
785 1284 851 1333 qui
890 1289 984 1321 tune
1026 1289 1128 1334 erat,
1170 1283 1377 1334 mundum,

45 1353 118 1380 nee
150 1341 275 1379 solum
307 1341 441 1379 orbem
481 1346 628 1392 terrae,
665 1353 800 1379 verum
839 1342 954 1379 etiam
987 1341 1132 1389 636103,
1172 1353 1270 1391 quos
1302 1343 1376 1379 uti-

47 1412 121 1450 que
160 1401 257 1437 istos
295 1401 421 1437 aerios
452 1398 731 1449 intellegimus,
775 1412 941 1449 quorum
973 1399 1101 1438 locum
1134 1411 1177 1437 ac
1209 1396 1378 1450 spati‘um

46 1463 141 1496 tunc
173 1470 271 1508 aqua
310 1458 523 1496 crescendo
562 1463 823 1508 superaverat.
884 1458 987 1508 Ergo
1020 1464 1125 1496 totus
1159 1462 1224 1496 aut
1254 1470 1377 1508 paene

46 1521 151 1555 totus
192 1528 258 1554 aer
295 1517 368 1554 iste
408 1523 593 1554 ventosus
632 1511 756 1567 (quod
794 1516 944 1554 eaelum
982 1516 1041 1554 vel
1079 1518 1210 1566 potius
1251 1516 1378 1554 caelos

45 1579 168 1627 vocat,
200 1574 268 1612 sed
300 1576 436 1625 utique
468 1576 565 1612 istos
597 1576 713 1625 imos,
746 1586 822 1611 non
856 1574 941 1612 illos
974 1586 1190 1625 supremos,
1222 1573 1290 1612 ubi
1321 1573 1379 1612 sol

46 1638 86 1671 et
124 1633 215 1671 luna
261 1638 299 1670 et
340 1632 468 1670 sidera
511 1634 721 1670 constituta
763 1629 873 1684 sunt)
916 1645 1128 1670 conversus
1169 1632 1298 1671 fuerat
1338 1634 1378 1671 in

46 1690 217 1729 umidam
256 1690 481 1741 qualitatem
518 1696 633 1740 atque
677 1690 747 1728 hoc
786 1690 900 1728 modo
940 1703 1029 1729 eum
1060 1696 1165 1728 terra
1195 1692 1378 1743 perierat,

48 1750 160 1787 cuius
186 1754 314 1787 terrae
341 1750 476 1799 utique
503 1750 611 1799 prior
636 1749 754 1786 facies
781 1750 908 1787 fuerat
934 1749 1058 1787 deleta
1090 1749 1244 1787 diluvio.
1305 1750 1382 1795 Oui

47 1812 178 1846 autem
204 1819 311 1845 nunc
335 1813 437 1855 sunt,
470 1809 607 1857 inquit,
639 1809 745 1845 caeli
773 1812 811 1845 et
842 1812 965 1854 terra,
999 1810 1133 1845 eodem
1165 1808 1283 1845 verbo
1315 1819 1377 1845 re-

42 1867 166 1914 positi
187 1870 289 1913 sunt,
323 1867 409 1913 iqni
431 1867 671 1904 reservandi
700 1868 740 1903 in
767 1867 869 1903 diem
901 1868 1044 1904 iudicii
1075 1870 1113 1904 et
1138 1867 1378 1914 perditionis

47 1925 246 1962 hominum
279 1926 499 1972 impiorum.
560 1923 729 1961 Proinde
763 1925 828 1973 qui
861 1923 956 1961 caeli
990 1929 1027 1962 et
1060 1935 1157 1973 quae
1190 1929 1307 1975 terra,
1339 1923 1377 1962 id

49 1986 127 2033 est,
173 1983 239 2032 qui
276 1981 445 2020 mundus
484 1994 554 2032 pro
588 1994 633 2019 eo
666 1982 830 2033 mundo,
876 1983 943 2032 qui
975 1981 1118 2019 diluvio
1150 1983 1287 2033 periit,
1331 1994 1378 2020 ex

49 2039 184 2077 eadem
216 2051 313 2090 aqua
346 2041 542 2090 repositus
575 2045 655 2089 est,
686 2041 769 2091 ipse
802 2041 881 2090 igni
914 2042 1122 2078 novissimo
1154 2045 1378 2078 reservatur

48 2099 88 2135 in
120 2097 223 2135 diem
255 2097 388 2135 iudicii
427 2103 465 2136 et
502 2098 737 2149 pei-ditionis
768 2098 969 2136 hominum
1001 2099 1220 2148 impiorum.
1280 2098 1378 2136 Nam

47 2161 87 2194 et
111 2155 312 2194 hominum
337 2161 500 2206 propter
526 2168 703 2206 magnam
724 2155 916 2207 quandam
937 2158 1279 2194 commutationem
1299 2168 1377 2194 non

142 2247 200 2288 15)
227 2249 257 2279 2.
283 2244 379 2281 Petr.
407 2249 438 2288 3,
465 2249 484 2279 3
513 2257 588 2289 sqq.

1402 414 1421 444 5

1405 706 1446 735 10

1404 995 1446 1025 15

1404 1287 1447 1317 20

1404 1577 1448 1607 25

1404 1869 1448 1899 30

1404 2159 1448 2188 35
