1611 2465
145 367 164 397 5

124 661 165 690 10

123 952 164 983 15

123 1632 165 1662 25

192 25 274 65 180
726 31 752 57 s.
772 30 991 57 AUGUSTINI

190 130 319 163 autem
352 124 557 161 Abraham
589 133 738 159 omnem
770 132 931 159 censum
961 132 1075 158 suum
1108 121 1227 159 Isaac
1255 124 1340 167 filio
1371 133 1453 170 suo,
1487 128 1525 161 et

186 185 282 229 liliis
314 183 631 221 concubinarum
667 190 833 217 suarum
872 180 981 217 dedit
1024 180 1229 217 Abraham
1270 181 1449 219 dationes
1487 187 1525 220 et

190 243 338 280 dimisit
377 253 442 279 eos
481 241 529 277 ab
565 238 688 276 Isaae‘
718 240 802 284 filio
840 249 911 275 suo
944 239 1078 276 adlme
1117 250 1159 276 se
1190 240 1274 277 vivo
1307 240 1363 277 ad
1393 241 1522 278 orien-

191 306 282 347 lem,
322 302 362 338 in
400 305 551 337 terram
591 299 766 335 orientis.
830 295 982 334 Habent
1022 308 1113 346 ergo
1146 296 1330 334 nonnulla
1362 309 1523 336 munera

191 358 257 396 filii
300 356 629 407 concubinarum,
669 354 736 393 sed
773 367 848 392 non
889 355 1121 405 perveniunt
1159 354 1205 392 ad
1239 367 1402 405 regnum
1434 369 1522 407 pro-

193 419 371 467 missum,
413 427 483 453 nec
517 415 720 465 haeretici,
759 426 829 451 nec
861 413 992 451 Iudaei
1025 413 1214 464 carnales,
1248 415 1337 463 quia
1367 421 1524 465 praeter

192 476 295 513 Isaac
335 474 464 512 nullus
503 479 563 511 est
599 472 732 523 heres,
776 478 814 510 et
852 484 929 511 non
969 474 1039 519 que·
1070 474 1148 518 filie·
1178 474 1334 519 carnis,
1378 474 1422 511 hi
1447 476 1526 520 filie·

201 536 282 581 Dei7
315 535 387 571 sed
413 535 491 579 filii
517 533 790 581 promissionis
823 532 1067 579 deputantur
1099 533 1137 568 ’ἱη
1170 533 1333 578 semine,
1367 531 1413 569 de
1446 544 1522 582 quo

192 593 338 630 (lictum
370 597 445 630 est:
482 591 526 629 In
560 591 679 628 Isaac
710 591 919 628 vocabilur
951 590 1023 626 tihi
1051 600 1192 627 semen.
1254 589 1388 640 Neque
1421 592 1524 628 enim

193 651 320 702 video,
361 662 432 688 cur
465 650 580 687 etiam
613 648 771 687 Cettura
803 653 891 698 post
922 648 1055 685 uxoris
1089 653 1252 685 mortem
1285 648 1418 701 dueta,
1450 650 1525 687 nisi

191 715 352 760 propter
390 709 462 746 hoc
501 708 746 759 mysterium,
784 707 884 745 dicta
924 707 974 744 sit
1011 705 1238 743 concubina.
1302 706 1377 745 Sed
1420 709 1523 758 quis-

193 770 279 818 quis
312 767 405 805 haec
441 779 518 805 non
552 766 632 804 vult
656 767 695 803 in
728 767 812 804 istis
845 763 1193 815 significationibus
1225 767 1415 818 accipere,
1446 779 1524 804 non

193 826 452 865 calumnietur
478 824 664 863 Abrahae.
727 824 827 869 Quid
861 825 893 861 si
926 824 1029 861 enim
1062 828 1100 861 et
1132 822 1204 861 hoc
1236 825 1434 874 provisum
1467 832 1525 863 est

193 891 328 924 contra
359 884 578 923 haereticos
616 884 770 922 futuros
808 882 1067 920 secundarum
1101 881 1342 921 adversarios
1374 885 1524 934 nuptia·

192 956 297 995 rum,
342 949 385 981 ut
427 945 466 981 in
511 945 594 993 ipso
639 947 747 992 patre
793 941 1002 979 multarum
1041 942 1215 990 gentium
1252 947 1340 991 post
1377 941 1525 980 obitum

192 1004 367 1052 coniugis
406 1004 549 1040 iterum
588 1001 787 1050 coniugari
825 1000 1160 1038 demonstraretur
1198 1011 1275 1036 non
1313 1012 1397 1038 esse
1436 1013 1523 1051 pec-

192 1058 350 1100 catum?
406 1060 454 1098 Et
492 1066 670 1098 mortuus
710 1064 770 1096 est
813 1057 1022 1108 Abraham,
1067 1069 1155 1095 cum
1194 1063 1298 1096 esset
1335 1071 1525 1097 annorum

192 1126 348 1158 centum
394 1120 636 1169 septuaginta
681 1114 920 1167 (quinque)
990 1116 1190 1153 Annorum
1235 1128 1327 1167 ergo
1372 1123 1523 1168 septua-

191 1180 295 1229 ginta
327 1174 559 1229 <quinque>
586 1176 691 1214 Isaac
724 1175 844 1213 filium
877 1174 1096 1225 dereliquit,
1129 1185 1245 1224 quem
1277 1177 1524 1215 centenarius

192 1238 336 1288 genuit.

685 1336 838 1380 CAPUT
860 1336 1033 1378 XXXV.

233 1426 292 1464 De
320 1426 490 1472 {leminis
522 1424 656 1461 adhue
689 1425 729 1460 in
761 1428 874 1461 utero
907 1423 1117 1461 Rebeccae
1148 1425 1289 1462 matris
1320 1426 1484 1463 inclusis

470 1483 569 1530 quid
599 1483 841 1520 indicaverit
874 1483 1008 1519 divina
1040 1484 1254 1530 responsio.

309 1564 387 1602 Iam
420 1576 465 1601 ex
498 1563 591 1614 hoc,
624 1575 739 1613 quem
772 1563 817 1601 ad
850 1563 1007 1601 modum
1039 1575 1109 1614 per
1140 1570 1318 1614 posteros
1350 1563 1524 1602 Abrahae

193 1625 357 1662 civitatis
391 1622 459 1660 Dei
491 1628 725 1672 procurrant
757 1627 943 1673 tempora,
975 1621 1182 1660 videamus,
1238 1623 1268 1660 A
1299 1624 1424 1673 primo
1455 1624 1523 1674 igi-

192 1689 257 1721 tur
288 1693 387 1720 anno
415 1682 513 1718 vitae
542 1680 645 1718 Isaac
678 1692 802 1730 usque
835 1680 881 1718 ad
914 1682 1236 1733 sexagensimum,
1269 1693 1345 1731 quo
1379 1683 1414 1719 ei
1446 1683 1525 1720 nati

193 1746 284 1779 sunt
316 1740 393 1786 filii>
427 1738 519 1777 illud
553 1738 800 1776 memorabile
833 1744 911 1790 est,
950 1738 1070 1790 quod,
1103 1752 1189 1777 cum
1223 1739 1275 1777 illi
1309 1738 1431 1778 Deum
1464 1752 1522 1777 ro-

193 1800 297 1849 ganti
324 1804 367 1836 ut
392 1803 547 1848 pareret
574 1809 671 1834 uxor
704 1798 800 1847 eius,
833 1809 931 1847 quae
965 1797 1106 1835 sterilis
1140 1803 1232 1849 erat,
1265 1799 1525 1836 concessisset

193 1857 380 1895 Dominus
412 1855 515 1906 quod
547 1855 719 1906 petebat,
752 1860 866 1905 atque
899 1854 1060 1893 haberet
1091 1855 1153 1893 illa
1186 1861 1429 1907 conceptum,
1461 1868 1523 1907 ge-

194 2005 224 2039 G
287 1959 321 2000 4)
349 1959 437 1991 Gen.
464 1961 518 1999 25,
547 1961 582 1998 1;
609 1960 628 1990 5
656 1968 708 2000 sq.
758 1958 792 1999 8)
819 1956 921 1990 Rom.
949 1959 987 1999 9,
1014 1960 1045 1991 8.
1096 1958 1133 1998 9)
1159 1955 1247 1990 Gen.
1274 1960 1335 1999 21,
1365 1961 1416 1991 12.
1469 1958 1524 2000 18)

228 2016 282 2038 en.
309 2008 365 2047 25,
393 2008 422 2038 τ.

289 2159 308 2189 8
346 2154 384 2188 in
425 2154 562 2188 semine
593 2165 662 2189 mss
698 2165 739 2195 v;
776 2154 835 2189 sed
878 2155 923 2197 cf.
962 2158 1053 2197 176,
1090 2158 1135 2189 19
1166 2156 1177 2199 ΙΙ
1211 2159 1252 2189 18
1283 2165 1331 2199 sq.
1366 2154 1525 2199 quinque

194 2212 259 2237 om.
288 2212 354 2235 mss
