1495 2489
53 851 94 881 10

52 1143 92 1173 15

50 1434 94 1465 20

52 1726 94 1756 25

54 2019 97 2047 30

122 125 204 164 142
664 132 689 158 s.
710 132 928 159 Aueusnm

659 265 809 307 CAPUT
842 266 913 308 XI.

125 352 240 397 (mod
275 363 323 389 ea
357 353 543 399 primitus,-
581 353 719 398 linqua
757 353 796 388 e'n
836 363 909 389 usu
941 352 1138 389 hominum
1168 350 1312 403 suerit,
1350 363 1455 399 quae

167 414 307 458 postea
340 410 527 447 Hebraea
560 410 610 446 ab
644 409 776 447 Heber
807 411 964 447 nomine
995 416 1228 458 nuncupata
1260 416 1327 456 est,
1361 412 1399 448 in

266 469 381 505 cuius
409 466 568 514 familia
600 470 809 513 remansit,
842 479 931 505 cum
963 469 1174 506 diversitas
1207 474 1306 505 esse!

590 524 705 573 sacta
737 528 978 572 iniquarum.

239 607 360 651 Quam
400 606 448 644 ob
490 618 572 644 rem
606 608 708 645 sicut
740 606 869 656 lingua
903 619 977 645 una
1011 619 1099 644 cum
1132 613 1236 645 esset
1267 609 1453 660 omnium,

120 678 195 703 non
224 665 309 702 ideo
338 665 403 703 lilii
430 665 673 715 pestilentiae
701 665 911 703 defuerunt
937 662 1043 716 (nani
1077 671 1115 703 et
1146 671 1233 703 ante
1266 665 1452 704 diluvium

122 736 196 761 una
230 728 314 761 erat
346 723 487 774 lingna,
520 729 558 761 et
591 729 718 761 tamen
751 735 886 761 omnes
919 729 1073 774 praeter
1106 735 1220 761 unam
1247 723 1327 761 Noe
1360 726 1452 762 iusti

119 782 277 820 (1011111111
324 781 445 819 deleri
493 781 636 819 diluvio
678 777 946 834 meruerunt):
991 783 1063 834 ita,
1116 782 1268 832 quando
1314 784 1452 821 merito

122 841 293 878 elatioris
334 841 544 890 impietatis
586 847 722 890 gentes
770 840 989 890 linguarum
1031 839 1253 878 diversitate
1295 842 1451 891 punitae

121 905 235 949 atque
263 898 405 936 divisae
440 905 531 936 sunt
563 904 601 936 et
633 900 766 937 civitas
799 900 1007 949 impiorum
1040 899 1279 936 confusionis
1312 911 1452 937 nomen

121 959 286 1008 accepit,
320 957 391 995 lioe
424 963 496 1009 est,
528 956 714 1007 appellata
748 963 806 994 est
838 956 1019 1008 Babylon,
1053 969 1128 994 non
1161 956 1284 995 defuit
1315 957 1453 996 domus

121 1015 268 1067 lleber,
302 1015 366 1053 ubi
400 1027 442 1053 ea
477 1027 574 1065 quae
608 1021 720 1053 antea
753 1016 825 1053 suit
856 1017 1028 1053 omnium
1062 1015 1190 1065 lingua
1223 1022 1452 1054 remaneret.

121 1074 251 1125 Unde,
293 1075 394 1112 sicut
431 1086 548 1124 supra
589 1075 818 1125 memoravi,
859 1086 948 1111 cum
980 1075 1200 1124 coepissent
1232 1076 1453 1112 enumerari

121 1133 187 1170 lilii
221 1132 329 1184 Sem7
361 1134 428 1182 qui
460 1132 601 1181 singuli
633 1138 769 1182 gentes
802 1131 971 1182 singulas
1004 1138 1272 1184 procrearunt,
1303 1134 1453 1183 primus

121 1196 180 1229 est
212 1190 505 1229 commendatus
539 1190 685 1242 llelwr,
718 1203 807 1228 cum
840 1192 889 1228 sit
921 1190 1091 1240 abnepos
1123 1192 1256 1242 ipsius,
1289 1190 1361 1229 hoc
1394 1197 1453 1229 est

123 1249 168 1287 31)
211 1249 275 1287 illo
317 1250 477 1299 quintus
518 1250 738 1286 inveniatur
779 1255 947 1286 exortus.
1018 1248 1114 1293 Quia
1156 1261 1247 1298 ergo
1288 1250 1327 1287 in
1369 1251 1453 1288 eius

121 1307 260 1346 familia
288 1309 474 1345 remansit
500 1306 594 1344 liaeo
623 1307 764 1358 lingua,
796 1307 929 1345 divisis
956 1319 1025 1357 per
1051 1307 1142 1345 alias
1169 1307 1318 1357 linguas
1351 1314 1452 1346 cete-

120 1368 174 1404 ris
195 1366 388 1417 gentibus,
415 1377 512 1416 quae
534 1365 662 1415 lingua
684 1367 792 1415 prius
813 1365 981 1403 humano
1007 1367 1140 1414 generi
1169 1377 1244 1403 non
1271 1367 1453 1403 inmerito

121 1424 295 1462 ereditur
322 1425 440 1462 fuisse
468 1425 696 1475 communis,
730 1423 815 1461 ideo
848 1424 1032 1473 deinceps
1060 1423 1232 1461 Hebraea
1266 1431 1324 1462 est
1355 1435 1452 1462 nun-

121 1488 270 1533 cupata.
333 1482 443 1520 Tunc
476 1483 577 1519 enirn
611 1494 709 1532 opus
743 1488 825 1520 erat
857 1494 940 1520 eain
973 1482 1158 1531 distingui
1190 1481 1236 1519 ab
1269 1481 1352 1520 aliis
1383 1481 1452 1520 lin-

121 1543 207 1592 guis
251 1542 407 1579 nomine
452 1541 631 1590 proprio,
680 1542 781 1578 sicut
824 1540 918 1578 aliae
963 1552 1117 1590 quoque
1162 1546 1317 1578 vocatae.
1363 1546 1454 1578 sunt

122 1599 344 1638 nominibus
382 1600 560 1649 propriis.
624 1597 786 1643 Quando
819 1605 948 1636 autem
981 1605 1063 1636 erat
1096 1610 1192 1649 una,
1225 1598 1317 1636 nihil
1351 1597 1452 1636 aliud

122 1670 236 1708 quain
275 1657 441 1695 humana
480 1657 608 1707 lingua
647 1656 704 1694 vel
738 1656 901 1694 11111113113
934 1656 1077 1695 locutio
1111 1655 1338 1707 vocabatur,
1379 1669 1453 1707 qua

122 1717 200 1754 sola
235 1717 458 1754 universum
492 1727 614 1765 genus
647 1714 859 1753 humanum
891 1714 1131 1764 loquebatur.

241 1774 389 1811 Dixerit
428 1774 583 1823 aliquis:
627 1772 667 1810 Si
700 1775 738 1810 in
772 1773 909 1811 diebus
942 1772 1107 1810 phalech
1141 1772 1207 1810 filii
1238 1772 1368 1811 Heber
1399 1772 1453 1810 di-

123 1835 202 1871 visa
228 1838 288 1871 est
314 1838 416 1870 terra
443 1843 512 1882 per
544 1831 706 1882 linguas,
738 1831 775 1869 id
809 1837 868 1869 est
899 1831 1087 1882 homines,
1121 1833 1185 1880 qui
1218 1837 1311 1869 tunc
1344 1837 1454 1869 erant

122 1893 161 1929 in
200 1897 324 1942 terra,
369 1902 415 1928 ex
454 1890 538 1927 eius
577 1891 731 1926 nomine
771 1891 900 1939 potius
941 1888 1075 1926 debuit
1107 1888 1290 1939 appellari
1323 1889 1453 1939 lingua

124 1950 203 2001 illa,
243 1961 340 1999 quae
379 1949 452 1986 suit
489 1947 670 1985 omnibus
708 1954 795 1984 ante
829 1948 1056 1984 communis.
1120 1946 1194 1984 Sed
1228 1946 1453 1997 intellegen—

125 2008 217 2046 dum
243 2013 302 2045 est
329 2008 456 2057 ipsum
483 2005 611 2043 lleber
639 2011 845 2056 propterea
873 2005 945 2043 tale
974 2016 1113 2042 nomen
1135 2006 1352 2055 inposuisse
1375 2004 1452 2043 filio

124 2078 207 2117 suo,
234 2071 277 2103 ut
304 2071 508 2102 vocaretur
535 2063 713 2115 Plialeeli,
746 2063 848 2113 quod
876 2065 1156 2113 interpretatur
1183 2062 1332 2114 divisio,
1364 2065 1453 2113 quia

125 2130 218 2162 tuno
257 2125 291 2161 ei
332 2129 444 2161 natus
483 2129 558 2172 est,
600 2122 752 2172 1111311110
795 2134 863 2172 per
902 2121 1050 2169 linguas
1090 2127 1192 2159 terra
1231 2121 1351 2159 divisa
1383 2127 1452 2172 est,

125 2182 161 2220 id
196 2187 254 2220 est
281 2183 363 2232 ipso
392 2188 578 2232 tempore,
611 2186 653 2217 ut
685 2180 757 2217 hoc
789 2181 839 2217 sit
871 2179 972 2229 quod
1007 2179 1152 2216 dictum
1184 2185 1260 2217 est:
1293 2179 1341 2217 In
1374 2180 1453 2217 die-

218 2298 238 2327 3
266 2294 302 2327 in
330 2293 431 2327 cuius
456 2293 604 2335 scr2·psi,·
632 2294 669 2326 et
692 2292 730 2325 in
756 2303 785 2327 e.
812 2303 831 2325 v
851 2293 862 2334 ΙΙ
884 2296 926 2326 16
953 2291 1258 2326 commemoratus
1282 2301 1303 2323 v
