1548 2562
452 176 504 200 DE
524 175 713 201 CIVITATE
733 176 802 200 DEI
822 176 854 201 L.
874 159 986 201 XVfiI.
1006 175 1036 201 C.
1054 176 1098 201 41.
1353 166 1437 206 317

625 294 780 337 CAPUT
812 295 920 337 XLI.

107 382 165 420 De
196 381 562 430 philosophicarum
601 381 829 428 opinionum
861 381 1172 419 dissensionibus
1204 385 1243 418 et
1273 383 1436 419 canoni-

211 450 352 477 carum
383 439 494 487 apud
524 440 733 477 ecclesiam
765 441 985 477 concordia
1016 441 1324 487 scripturarum.

222 519 272 558 Ut
304 525 432 558 autem
464 520 540 556 iam
572 520 831 569 cognitionem
865 521 1088 558 omittamus
1119 520 1323 571 historiae,
1363 521 1439 570 ipsi

108 577 340 628 philosophi,
372 589 392 614 a
419 576 560 627 quibus
587 576 632 615 ad
664 578 736 615 ista
768 579 966 627 progressi
999 590 1145 629 sumus,
1177 579 1245 628 qui
1276 590 1353 616 non
1385 579 1437 616 vi-

108 636 249 674 dentur
288 635 482 673 laborasse
521 636 561 672 in
601 635 739 673 studiis
778 637 878 686 suis,
920 636 994 673 nisi
1032 641 1075 674 ut
1110 637 1330 674 invenirent
1361 647 1438 686 quo

106 694 220 732 modo
258 693 467 732 vivendum
505 698 608 731 esset
645 692 934 731 adcommodate
972 692 1018 731 ad
1057 693 1335 732 beatitudinem
1378 706 1438 732 ca-

106 751 358 803 pessendam,
396 763 466 790 cur
505 750 777 790 dissenserunt
815 756 853 789 et
885 763 905 789 a
936 753 1131 802 magistris
1170 752 1369 804 discipuli,
1401 758 1440 791 et

107 812 210 848 inter
235 822 276 848 se
304 808 571 860 condiscipuli,
603 810 678 847 nisi
704 811 793 859 quia
825 815 868 848 ut
899 809 1075 848 homines
1107 809 1286 848 humanis
1318 812 1438 849 sensi-

107 867 181 906 bus
219 873 258 906 et
294 867 473 906 humanis
512 867 873 906 ratiocinationibus
910 869 982 906 ista
1024 866 1306 918 quaesierunt?
1366 868 1439 906 Ubi

108 927 282 976 quamvis
321 938 405 963 esse
446 927 618 976 potuerit
648 931 687 963 et
718 926 888 964 studium
920 925 1127 978 gloriandi,
1165 938 1241 976 quo
1275 928 1439 976 quisque

109 984 181 1022 alio
215 985 427 1034 sapientior
457 989 495 1021 et
520 985 670 1021 acutior
701 983 823 1021 videri
855 985 962 1034 cupit
993 995 1066 1022 nec
1097 986 1313 1022 sententiae
1346 997 1439 1034 quo-

108 1042 195 1080 dam
227 1042 340 1080 modo
368 1041 544 1079 addictus
574 1041 731 1092 alienae,
763 1041 830 1079 sed
864 1043 924 1079 sui
956 1041 1145 1091 dogmatis
1178 1047 1216 1080 et
1248 1043 1440 1092 opinionis

107 1101 303 1147 inventor,
343 1104 471 1137 tamen
512 1103 556 1137 ut
596 1098 803 1137 nonnullos
844 1099 902 1137 vel
935 1101 1050 1137 etiam
1081 1100 1271 1150 plurimos
1305 1112 1440 1139 eorum

107 1159 227 1197 fuisse
261 1157 488 1209 concedam,
526 1169 624 1207 quos
656 1170 676 1195 a
707 1159 788 1195 suis
827 1157 1051 1196 doctoribus
1084 1157 1143 1196 vel
1174 1158 1349 1196 discendi
1382 1171 1440 1196 so-

107 1218 178 1254 ciis
210 1228 316 1254 amor
360 1216 533 1253 veritatis
565 1214 784 1266 abruperit,
822 1221 865 1253 ut
896 1228 966 1266 pro
999 1228 1043 1254 ea
1075 1221 1288 1267 certarent,
1327 1229 1441 1267 quam

107 1275 311 1313 veritatem
346 1278 547 1325 putarent,
585 1275 663 1311 sive
702 1273 765 1311 illa
807 1279 927 1325 esset,
967 1275 1045 1312 sive
1079 1286 1156 1312 non
1189 1279 1310 1313 esset:
1348 1274 1440 1324 quid

108 1334 185 1383 agit
229 1337 295 1370 aut
335 1343 411 1382 quo
450 1331 508 1369 vel
547 1343 639 1383 qua,
684 1337 726 1369 ut
767 1331 813 1369 ad
858 1331 1138 1370 beatitudinem
1181 1334 1441 1383 perveniatur,

108 1390 273 1454 humana
302 1402 342 1428 se
369 1391 534 1440 porrigit
559 1389 778 1440 infelicitas,
811 1391 843 1427 si
869 1389 995 1427 divina
1027 1402 1104 1428 non
1137 1390 1244 1428 ducit
1276 1392 1441 1428 auctori-

108 1446 195 1487 tas‘?
217 1459 229 1478 ι’
245 1447 419 1498 Denique
452 1453 631 1486 auctores
664 1449 806 1498 nostri,
845 1449 884 1485 in
922 1447 1063 1497 quibus
1096 1460 1173 1486 non
1207 1448 1352 1500 frustra
1384 1461 1440 1486 sa-

109 1518 263 1545 crarum
302 1506 520 1544 litterarum
557 1506 689 1555 figitur
727 1511 765 1544 et
802 1507 1034 1544 terminatur
1079 1518 1226 1558 canon,
1264 1506 1363 1545 absit
1400 1512 1444 1545 ut

108 1566 210 1603 inter
249 1576 289 1603 se
330 1563 455 1613 aliqua
493 1565 641 1602 ratione
681 1563 923 1602 dissentiant.
984 1563 1093 1602 Unde
1132 1576 1209 1602 non
1249 1566 1442 1612 inmerito,

69 1624 84 1642 ·‘
110 1634 197 1661 cum
237 1622 301 1661 illa
338 1621 573 1673 scriberent,
606 1623 662 1659 eis
694 1621 817 1659 Deum
849 1621 906 1659 vel
940 1633 1009 1671 per
1042 1633 1107 1660 eos
1139 1622 1333 1673 locutum,
1365 1634 1443 1660 non

61 1672 72 1699 ⁸·
109 1682 223 1732 pauci
253 1682 294 1718 in
333 1679 473 1718 scholis
512 1685 625 1730 atque
666 1681 874 1730 gymnasiis
905 1678 1084 1729 litigiosis
1116 1679 1443 1730 disputationibus

112 1738 274 1790 garruli,
314 1737 380 1776 sed
419 1739 459 1775 in
501 1739 601 1787 agris
635 1743 750 1787 atque
782 1739 821 1775 in
853 1736 1017 1775 urbibus
1046 1749 1138 1775 cum
1171 1737 1295 1776 doctis
1328 1743 1442 1788 atque

112 1797 278 1834 indoctis
310 1801 368 1834 tot
399 1797 573 1846 tantique
606 1795 739 1847 populi
772 1795 1048 1833 crediderunt..¹
1096 1795 1175 1846 Ipsi
1208 1808 1298 1834 sane
1331 1797 1444 1846 pauci

112 1867 197 1893 esse
230 1853 469 1906 debuerunt,
507 1866 554 1892 ne
588 1853 836 1892 multitudine
868 1853 1090 1905 vilesceret,
1122 1854 1224 1904 quod
1258 1854 1444 1904 religione

112 1924 245 1951 carum
272 1924 357 1950 esse
384 1917 600 1963 oporteret3
633 1923 705 1965 nec
732 1917 860 1950 tamen
886 1913 937 1949 ita
969 1913 1094 1963 pauci,
1126 1917 1169 1950 ut
1200 1924 1335 1950 eorum
1367 1924 1445 1951 non

111 1972 161 2009 sit
192 1970 366 2009 miranda
392 1971 608 2008 consensio.
647 1969 803 2020 'Neque
836 1971 939 2007 enim
971 1971 1010 2007 in
1043 1969 1290 2008 multitudine
1323 1970 1444 2020 philo-

113 2028 337 2080 sophorum,
371 2030 437 2079 qui
469 2028 599 2066 labore
633 2029 748 2066 etiam
780 2028 968 2066 litterario
1001 2034 1251 2066 monumenta
1284 2040 1445 2067 suorum

65 2087 73 2123 .¹
113 2086 334 2136 dogmatum
375 2086 639 2137 reliquerunt,
684 2086 793 2124 facile
837 2087 923 2136 quis
960 2087 1173 2137 invenerit,
1214 2087 1317 2124 inter
1348 2099 1446 2137 quos

55 2176 64 2185 ,
113 2149 253 2182 cuncta
281 2156 377 2194 quae
405 2156 563 2183 sensere
590 2145 844 2195 conveniant·⁷
864 2143 967 2194 quod
995 2143 1202 2182 ostendere
1228 2143 1302 2182 hoc
1327 2157 1446 2195 opere

111 2201 269 2252 longum
301 2206 369 2240 est.

232 2259 327 2304 Quis
366 2265 494 2298 autem
535 2265 662 2298 sectae
701 2260 909 2298 cuiuslibet
947 2264 1083 2297 auctor
1121 2261 1176 2297 sic
1214 2264 1274 2298 est
1304 2261 1343 2298 in
1375 2260 1446 2298 hac

113 2317 376 2356 daemonicola
414 2319 567 2356 civitate
606 2317 859 2370 adprobatus,
898 2322 942 2356 ut
980 2318 1101 2355 ceteri
1132 2317 1447 2371 inprobarentur,

1467 877 1509 908 10

1470 1166 1510 1197 15

1468 1456 1512 1487 20

1471 1745 1513 1777 25

1471 2036 1515 2067 30
