1548 2562
419 167 470 191 DE
491 166 678 192 CIVITATE
698 167 768 192 DEI
786 167 819 192 L.
839 168 919 192 XXI.
939 167 968 193 C.
989 169 1033 193 22.
1301 160 1384 201 527

47 254 148 303 fecit
186 256 515 293 misericordiam.
578 254 653 300 Qui
693 267 784 305 ergo
817 256 929 308 fecit,
968 257 1170 308 inquiunt,
1212 260 1385 307 quamvis

51 324 180 351 mores
210 314 248 350 in
282 311 420 350 melius
452 324 530 350 non
562 315 783 364 mutaverit,
816 313 883 352 sed
915 315 1017 352 inter
1050 316 1153 365 ipsas
1186 327 1275 354 suas
1309 316 1383 354 ele-

51 382 228 421 mosynas
272 370 417 408 nefarie
462 382 505 408 ac
546 372 727 421 nequiter
766 373 927 422 vixerit,
972 372 1159 411 iudicium
1199 373 1255 411 illi
1295 386 1383 412 cum

50 427 317 466 misericordia
350 429 525 466 futurum
558 434 628 480 est,
659 433 704 467 ut
734 434 800 467 aut
832 429 935 468 nulla
966 430 1210 469 damnatione
1241 431 1383 482 plecta-

50 492 114 524 tur
151 492 217 525 aut
253 491 341 537 post
377 486 530 536 aliquod
568 491 722 537 tempus
763 488 842 525 sive
885 499 1047 538 parvum
1079 491 1157 527 sive
1190 489 1384 540 prolixum

50 544 95 582 ab
135 544 199 583 illa
236 544 480 582 damnatione
518 543 718 583 liberetur.
780 544 870 586 Ideo
908 546 1076 585 iudicem
1114 548 1242 597 ipsum
1279 549 1382 586 vivo-

49 614 137 641 rum
176 608 290 653 atque
328 608 573 640 mortuorum
610 602 782 641 noluisse
821 605 1042 643 existimant
1081 605 1183 643 aliud
1216 618 1381 645 comme-

48 673 201 699 morare
240 673 281 699 se
320 673 404 699 esse
443 660 639 699 dicturum
677 662 756 699 sive
795 661 960 713 dextris,
1003 663 1144 713 quihus
1176 670 1236 702 est
1267 666 1382 703 vitam

49 718 211 757 daturus
255 723 468 770 aeternam,
513 720 591 757 sive
632 720 818 771 sinistris,
857 732 954 770 quos
993 726 1151 759 aeterno
1191 722 1381 773 supplicio

48 777 318 829 damnaturus,
356 778 431 815 nisi
468 776 708 828 elemosynas
746 779 825 816 sive
864 778 982 817 factas
1021 780 1100 817 sive
1140 792 1218 818 non
1251 781 1381 819 factas.

47 835 104 874 Ad
141 835 214 873 hoc
252 836 449 886 pertinere
489 837 598 874 aiunt
635 841 673 874 et
712 837 753 874 in
785 838 958 875 oratione
993 837 1192 876 Dominica
1224 839 1381 877 cotidia-

48 905 136 931 nam
167 893 485 944 postulationem:
518 894 823 933 Dz‘mz'tte‘nobis
856 896 1178 945 debitanostra,
1210 899 1315 935 sicut
1345 902 1383 936 et

46 963 118 990 nos
156 953 387 990 dimittimus
428 953 674 991 debitoribus
715 954 870 991 nostres.
944 953 1128 1004 Quisquis
1172 956 1274 992 enim
1316 955 1382 1006 illi,

48 1011 114 1060 qui
145 1011 185 1048 in
218 1021 306 1048 eum
343 1011 533 1061 peccavit,
573 1010 731 1049 dimittit
762 1011 999 1059 ignoscendo
1032 1018 1254 1064 peccatum,
1292 1026 1380 1063 pro-

48 1068 111 1106 cul
153 1067 270 1106 dubio
315 1068 572 1119 elemosynam
617 1069 718 1107 facit.
781 1068 904 1114 Quam
949 1082 1032 1107 rem
1072 1069 1258 1108 Dominus
1296 1073 1379 1122 ipse

48 1127 102 1164 sic
134 1126 429 1178 commendavit,
461 1132 503 1165 ut
535 1127 700 1165 diceret:
738 1127 785 1165 Sz'
815 1130 917 1166 em'm
950 1129 1181 1167 dimiseritis
1207 1135 1380 1178 peccata

46 1185 279 1231 hominibus,
313 1186 480 1223 dimittet
510 1186 617 1223 vobis
649 1190 687 1223 et
713 1190 833 1234 pater
867 1190 994 1224 vester
1020 1191 1193 1236 peccata
1228 1193 1382 1233 vestrm

46 1245 82 1281 sc‘
112 1247 243 1281 autem
275 1254 352 1282 non
391 1245 620 1282 dimiseritis
657 1244 898 1291 hominibus,
936 1256 1063 1292 neque
1090 1251 1210 1293 pater
1241 1252 1380 1294 vester,

47 1303 118 1350 qui
147 1303 186 1339 in
219 1303 341 1340 caelis
374 1307 450 1348 est,
492 1303 659 1340 dimittet
691 1303 806 1340 vobis.
869 1301 971 1353 Ergo
1005 1309 1043 1340 et
1075 1302 1121 1341 ad
1152 1303 1225 1341 hoc
1258 1316 1380 1354 genus

48 1359 356 1410 elemosynarum
382 1360 553 1410 pertinet
579 1359 682 1409 quod
709 1361 760 1398 ait
786 1360 983 1410 apostolus
1004 1360 1166 1399 Iacobus
1192 1361 1379 1400 iudicIum
1408 1374 1414 1384 ²

48 1419 224 1456 futurum
268 1419 350 1455 sine
395 1417 661 1455 misericordia
705 1419 761 1469 ei,
804 1419 871 1468 qui
910 1430 987 1456 non
1026 1419 1117 1457 fecit
1158 1421 1378 1458 misericor-

48 1476 159 1514 diam.
220 1475 300 1514 Nec
342 1476 437 1514 dixit
480 1475 686 1526 Dominus,
730 1477 933 1528 inquiunt,
977 1489 1113 1527 magna
1153 1477 1212 1515 vel
1252 1490 1378 1531 parva,

48 1534 132 1572 sed:
165 1535 343 1573 De‘mz'tlet
367 1535 474 1573 vobis
495 1538 615 1583 pater
646 1538 774 1573 vester
802 1539 973 1583 peccata
1006 1540 1148 1583 vestra,
1180 1538 1216 1574 εἱ
1245 1541 1283 1575 et
1313 1548 1380 1575 vos

48 1587 277 1631 dimiseritis
308 1593 540 1631 hominibus.
602 1592 655 1630 Ac
690 1604 760 1642 per
792 1592 863 1630 hoc
896 1598 1034 1643 putant
1066 1595 1181 1631 etiam
1213 1595 1280 1644 eis,
1313 1596 1379 1644 qui

46 1650 197 1702 perdite
236 1652 419 1698 vixerint,
458 1650 581 1688 donec
622 1650 802 1688 claudant
840 1650 941 1689 diem
973 1652 1071 1689 vitae
1105 1651 1220 1690 huius
1254 1658 1378 1690 extre-

48 1721 165 1760 mum,
196 1720 267 1760 per
292 1708 391 1747 hanc
417 1710 644 1760 orationem,
676 1708 969 1759 qualiacumque
997 1714 1036 1747 et
1068 1715 1378 1760 quantacumque

48 1767 216 1818 fuerint,
254 1768 381 1805 omnia
419 1767 560 1805 cotidie
597 1772 755 1817 peccata
793 1766 950 1818 dimitti,
991 1768 1091 1806 sicut
1122 1769 1205 1818 ipsa
1238 1768 1378 1807 cotidie

48 1826 319 1875 frequentatur
357 1827 501 1877 oratio,
543 1826 575 1863 si
612 1824 685 1863 hoc
717 1825 984 1863 tantummodo
1017 1826 1213 1864 custodire
1246 1828 1378 1865 memi-

48 1885 189 1934 nerint,
220 1888 276 1935 ut,
308 1883 459 1934 quando
493 1882 539 1921 ab
572 1884 628 1921 eis
659 1884 809 1921 veniam
841 1889 990 1935 petunt,
1023 1885 1090 1935 qui
1121 1896 1188 1922 eos
1219 1890 1378 1935 peccato

1412 790 1451 820 10

1410 1080 1449 1110 15

49 1941 320 1991 qualicumque
346 1942 554 1992 laeserunt,
586 1953 632 1979 ex
663 1941 779 1979 corde
812 1941 1016 1980 dimittant.
1079 1941 1175 1980 Cum
1208 1943 1253 1980 ad
1284 1942 1380 1981 haec
1405 1953 1448 1983 30

48 2000 175 2037 omnia
206 1998 285 2037 Deo
317 2000 482 2038 donante
515 1999 775 2051 respondere,
806 1999 904 2038 liber
935 2002 1008 2038 iste
1042 2000 1278 2039 claudendus
1310 2007 1379 2040 est.

49 2145 88 2179 lb
129 2102 176 2179 lq)
202 2100 272 2134 Iac.
303 2104 340 2143 2,
377 2104 429 2135 13.
481 2101 536 2144 10)
571 2100 635 2135 Mt.
668 2104 732 2143 25,
764 2104 808 2134 34
840 2112 916 2144 sqq.
969 2102 1025 2143 13)
1057 2100 1109 2134 ib.
1143 2105 1179 2144 e,
1217 2105 1270 2135 12.
1323 2103 1379 2145 19)

77 2158 98 2180 ⁷.
198 2157 249 2189 sq.

112 2277 161 2353 'tl
188 2272 279 2307 facit
307 2273 475 2318 RlAf¹9;
506 2274 566 2308 secl
591 2274 634 2317 cf.
661 2285 688 2309 c.
716 2278 766 2309 27
791 2275 842 2309 in.
868 2278 900 2309 et
924 2276 1011 2310 med.
1049 2277 1060 2319 Η
1096 2275 1186 2310 fecit
1209 2275 1302 2318 RA,-
1328 2276 1379 2310 fc-

49 2329 122 2353 cem
164 2330 183 2353 v
