1548 2562
458 159 510 184 DE
530 159 717 185 crva'rE
735 161 806 185 DEI
824 161 857 186 L.
876 162 957 186 xlx.
977 161 1007 186 o.
1027 163 1051 186 4.
1120 148 1124 151 ⁴
1337 151 1420 192 357

93 247 264 299 quando,
302 247 385 299 ubi,
424 259 500 298 quo
538 249 653 286 modo
685 255 762 288 tarn
794 249 892 288 bene
926 262 966 289 se
998 250 1141 288 habere
1173 251 1212 287 in
1245 250 1315 288 hac
1345 247 1422 288 ‘vita

91 312 287 357 possuntf
318 311 362 344 ut
405 318 482 344 non
526 306 598 345 sub
643 308 803 346 incertis
847 308 1001 347 casibus
1040 306 1266 347 fluctuent?
1327 308 1423 353 Quis

93 365 196 401 enim
222 363 331 401 dolor
357 366 604 403 contr-arius
594 365 806 418 voluptati,
838 379 934 417 quae
968 367 1195 417 inquietudo
1229 368 1423 405 contralia

93 413 214 472 quieti
239 423 278 460 in
305 434 447 473 corpus
474 424 612 461 cade1e
639 425 824 474 sapientis
850 437 927 463 non
960 423 1141 476 potest}>
1158 425 1354 463 Wlembioi
1357 437 1423 463 um

93 485 199 518 certe
232 482 442 530 amputatio
482 481 539 519 vel
578 481 754 520 debilitas
795 483 962 522 hominis
996 489 1190 534 expugnat
1220 483 1422 522 incolumi-

96 543 232 591 tatem,
275 539 499 577 deformitas
543 540 894 593 pulchritudinem,
939 542 1169 580 inbecillitas
1209 543 1424 592 sanitatem,

94 598 196 635 vires
234 597 439 649 lassitudo,
478 598 729 637 mobilitatem
768 605 903 650 torpor
940 606 1006 639 aut
1043 601 1224 652 tarditas3
1262 606 1300 638 et
1332 600 1424 651 quid

93 655 233 693 horum
271 661 349 707 est,
394 656 497 706 quod
535 663 704 707 nequeat
740 659 780 696 in
819 670 975 697 carnem
1014 661 1199 710 sapientis
1238 655 1426 697 inruere?

95 713 243 752 Status·
268 718 422 765 quoque
457 717 640 766 corporis
681 721 797 766 atque
843 723 990 768 motus,
1034 729 1123 755 cum
1164 717 1346 755 decentes
1387 722 1427 755 et

94 777 355 822 congruentes
397 778 508 824 sunt,
548 775 650 812 inter
689 780 848 813 naturae
890 777 1013 825 prima
1046 781 1318 826 numerantur3
1358 775 1425 813 se‘d

94 830 186 880 quid
221 832 252 868 si
291 830 416 881 aliqua
458 831 554 869 mala
587 832 763 871 valetudo
796 833 969 872 membra
1000 840 1169 872 tremore
1203 831 1427 872 concutiat?

95 889 188 938 quid
227 890 260 927 si
296 901 421 939 usque
460 890 505 927 ad
544 891 742 940 ponendas
780 893 819 929 in
858 898 962 930 terra
1000 904 1137 930 manus
1175 892 1280 930 dorsi
1318 893 1427 942 spina

95 952 281 985 curvetur
313 953 352 985 et
382 947 578 986 hominem
617 949 783 999 quodam
815 950 928 987 modo
961 950 1253 1000 quadrupedem
1286 947 1427 987 faciat?

95 1004 232 1043 Nonne
264 1017 420 1043 omnem
447 1007 641 1044 statuendi
673 1009 848 1058 corporis
881 1014 918 1046 et
949 1008 1128 1046 movendi
1161 1010 1331 1059 speciem
1363 1008 1426 1046 de-

97 1076 243 1114 cusque
293 1062 518 1114 pervertet?
580 1064 680 1110 Quid
730 1067 852 1116 ipsius
896 1068 1012 1104 animi
1056 1068 1285 1117 primigenia
1329 1078 1426 1116 quae

96 1121 338 1173 appellantur
369 1122 487 1173 hona,
528 1122 595 1161 ubi
627 1123 703 1161 duo
735 1126 858 1174 prima
890 1130 1042 1175 ponunt
1072 1131 1233 1176 propter
1266 1136 1427 1175 conpre-

96 1180 324 1218 hensionem
374 1183 744 1232 perceptionemque
794 1184 967 1221 veritatis
1023 1196 1179 1221 sensum
1231 1189 1270 1221 et
1318 1182 1428 1221 intel-

95 1236 268 1277 lectum?
330 1238 405 1277 Sed
443 1239 566 1289 qualis
605 1245 850 1291 quantusque
889 1247 1064 1279 remanet
1102 1246 1258 1293 sensus,
1295 1243 1344 1292 si,
1386 1246 1430 1279 ut

97 1297 168 1335 alia
200 1303 366 1349 taceam,
407 1298 471 1336 fiat
503 1297 617 1336 homo
650 1299 793 1337 surdus
826 1305 864 1338 et
895 1298 1062 1338 caecus?
1123 1300 1234 1338 Ratio
1266 1311 1357 1338 vero
1391 1304 1430 1337 et

96 1355 358 1405 intellegentia
396 1368 486 1406 quo-
510 1356 691 1407 recedet,
733 1357 799 1395 ubi
838 1360 1029 1409 sopietur,
1069 1360 1100 1396 si
1132 1358 1260 1408 aliquo
1293 1357 1428 1396 morbo

97 1415 288 1452 efficiatur
319 1411 506 1452 insanus?
572 1415 795 1454 Phrenetici
826 1417 945 1455 multa
977 1416 1143 1455 absurda
1176 1414 1265 1455 cnm
1297 1416 1431 1454 dicunt

98 1473 158 1511 vel
190 1473 353 1524 faciunt,
392 1473 623 1523 plerumque
655 1486 676 1511 a
707 1474 809 1512 bono
842 1487 911 1513 suo
951 1477 1151 1525 proposito
1184 1481 1224 1513 et
1254 1474 1430 1513 moribus

98 1531 238 1582 aliena,
276 1533 393 1569 immo
438 1543 508 1570 suo
551 1531 653 1570 bono
694 1535 893 1583 proposito
932 1533 1182 1583 moribusque
1225 1535 1429 1581 contraria,

98 1591 176 1628 sive
209 1590 271 1627 illa
304 1591 518 1640 cogitemus
551 1592 629 1628 sive
662 1590 877 1642 videamus,
915 1593 947 1629 si
979 1591 1092 1641 digne
1126 1591 1431 1643 consideremus,

97 1649 275 1686 lacrimas
324 1654 460 1686 tenere
496 1650 559 1686 vix
596 1661 804 1699 possumus
848 1655 913 1687 aut
962 1650 1062 1687 forte
1100 1662 1172 1687 nec
1210 1662 1429 1700 possumus.

100 1707 202 1752 Quid
241 1707 365 1744 dicam
406 1706 453 1745 de
494 1706 571 1757 his,
610 1708 676 1756 qui
715 1707 945 1745 daemonum
984 1709 1185 1758 patiuntur
1217 1706 1432 1747 incursus?

98 1764 173 1803 Ubi
204 1764 347 1803 habent
378 1764 643 1803 absconditam
674 1765 737 1803 vel-
765 1765 943 1804 obrutam
975 1766 1278 1816 intellegentiam
1311 1778 1432 1818 suam,

101 1823 254 1874 quando
296 1823 511 1861 secuudum
553 1835 661 1861 suam
702 1823 938 1862 voluntatem
977 1830 1015 1863 et
1053 1826 1179 1862 anima
1220 1836 1355 1862 eorum
1395 1831 1433 1863 et

101 1893 264 1932 corpore
304 1881 493 1931 malignus
532 1883 657 1920 utitur
700 1880 890 1932 spiritus?
950 1875 999 1921 Et
1036 1884 1123 1932 quis
1162 1883 1320 1921 confidit
1358 1882 1449 1921 hoc·

100 1940 242 1978 malum
280 1941 319 1978 in
357 1940 427 1978 hac
464 1942 539 1979 vita
578 1941 734 1978 evenire
775 1952 853 1979 non
883 1953 999 1992 posse
1032 1939 1225 1991 sapienti?
1285 1940 1431 1980 Deinde

101 2000 300 2049 perceptio
338 2000 510 2037 veritatis
550 2000 590 2036 in
631 1998 702 2036 hac
744 2011 860 2037 carne
902 1999 1026 2050 qualis
1071 2004 1137 2037 aut
1181 2005 1323 2049 quanta
1362 2006 1432 2051 est,

102 2058 274 2109 quando,
315 2058 416 2095 sicut
446 2057 609 2107 legimus
647 2058 686 2094 in
725 2059 852 2095 veraci
883 2057 982 2095 libro
1015 2059 1243 2109 sapientiae,
1287 2069 1433 2107 corpus

102 2116 363 2165 corruptibile
406 2117 607 2163 adqravat
644 2117 816 2159 animam
860 2121 900 2154 et
936 2117 1122 2164 deprimit
1163 2119 1328 2154 terrena
1373 2118 1431 2154 2⁶72-

128 2323 144 2357 ‘fi
198 2274 386 2355 7150quid
422 2285 442 2309 v
479 2276 491 2318 ΙΙ
529 2278 570 2309 12
607 2276 707 2310 terra
743 2275 898 2320 RLbfy,·
936 2276 1073 2309 terram
1104 2274 1160 2308 Av
1198 2275 1209 2318 ΙΙ
1247 2277 1289 2308 27
1328 2274 1433 2309 obru-

101 2334 126 2367 p
145 2333 205 2357 am

1454 783 1496 813 10

1455 1074 1497 1104 15

1457 1367 1499 1397 20

1457 1658 1500 1688 25

1458 1949 1503 1980 30
