<?xml version="1.0" encoding="UTF-8"?>
<!DOCTYPE html PUBLIC "-//W3C//DTD XHTML 1.0 Transitional//EN"
    "http://www.w3.org/TR/xhtml1/DTD/xhtml1-transitional.dtd">
<html xmlns="http://www.w3.org/1999/xhtml" xml:lang="en" lang="en">
 <head>
  <title>
</title>
<meta http-equiv="Content-Type" content="text/html;charset=utf-8" />
  <meta name='ocr-system' content='tesseract 3.04.00' />
  <meta name='ocr-capabilities' content='ocr_page ocr_carea ocr_par ocr_line ocrx_word'/>
</head>
<body>
  <div class='ocr_page' id='page_1' title='image "./sanctiaureliiaug02auguuoft_0491.png"; bbox 0 0 1548 2562; ppageno 0'>
   <div class='ocr_carea' id='block_1_1' title="bbox 479 153 1434 194">
    <p class='ocr_par' dir='ltr' id='par_1_1' title="bbox 479 153 1434 194">
     <span class='ocr_line' id='line_1_1' title="bbox 479 153 1434 194; baseline 0.007 -7"><span class='ocrx_word' id='word_1_1' title='bbox 479 162 532 187; x_wconf 88' lang='lat' dir='ltr'>DE</span> <span class='ocrx_word' id='word_1_2' title='bbox 552 161 741 188; x_wconf 83' lang='lat' dir='ltr'><strong>CIVITATE</strong></span> <span class='ocrx_word' id='word_1_3' title='bbox 760 163 831 190; x_wconf 89' lang='lat' dir='ltr'>DEI</span> <span class='ocrx_word' id='word_1_4' title='bbox 850 163 882 189; x_wconf 88' lang='lat' dir='ltr'>L.</span> <span class='ocrx_word' id='word_1_5' title='bbox 901 163 966 188; x_wconf 85' lang='lat' dir='ltr'>XX.</span> <span class='ocrx_word' id='word_1_6' title='bbox 986 162 1016 188; x_wconf 82' lang='lat' dir='ltr'>C.</span> <span class='ocrx_word' id='word_1_7' title='bbox 1034 164 1078 190; x_wconf 89' lang='lat'>30.</span> <span class='ocrx_word' id='word_1_8' title='bbox 1348 153 1434 194; x_wconf 73' lang='lat'>485</span> 
     </span>
    </p>
   </div>
   <div class='ocr_carea' id='block_1_2' title="bbox 96 250 1502 2104">
    <p class='ocr_par' dir='ltr' id='par_1_2' title="bbox 96 250 1502 2104">
     <span class='ocr_line' id='line_1_2' title="bbox 102 250 1432 303; baseline 0 -14"><span class='ocrx_word' id='word_1_9' title='bbox 102 251 209 302; x_wconf 90' lang='lat' dir='ltr'>tulit,</span> <span class='ocrx_word' id='word_1_10' title='bbox 243 251 332 301; x_wconf 88' lang='lat' dir='ltr'>quia</span> <span class='ocrx_word' id='word_1_11' title='bbox 362 252 650 301; x_wconf 83' lang='lat' dir='ltr'>praenuntiavit</span> <span class='ocrx_word' id='word_1_12' title='bbox 681 251 874 303; x_wconf 85' lang='lat' dir='ltr'>futurum,</span> <span class='ocrx_word' id='word_1_13' title='bbox 907 250 1010 302; x_wconf 89' lang='lat' dir='ltr'>quod</span> <span class='ocrx_word' id='word_1_14' title='bbox 1043 250 1223 302; x_wconf 89' lang='lat' dir='ltr'>gentibus</span> <span class='ocrx_word' id='word_1_15' title='bbox 1255 256 1338 289; x_wconf 86' lang='lat' dir='ltr'>erat</span> <span class='ocrx_word' id='word_1_16' title='bbox 1370 263 1432 289; x_wconf 92' lang='lat' dir='ltr'>oc-</span> 
     </span>
     <span class='ocr_line' id='line_1_3' title="bbox 104 308 1430 362; baseline 0 -15"><span class='ocrx_word' id='word_1_17' title='bbox 104 309 269 361; x_wconf 83' lang='lat' dir='ltr'>cultum3</span> <span class='ocrx_word' id='word_1_18' title='bbox 307 308 605 347; x_wconf 75' lang='lat' dir='ltr'>mansuetudine</span> <span class='ocrx_word' id='word_1_19' title='bbox 646 321 723 347; x_wconf 93' lang='lat' dir='ltr'>non</span> <span class='ocrx_word' id='word_1_20' title='bbox 756 309 949 362; x_wconf 87' lang='lat' dir='ltr'>clamavit,</span> <span class='ocrx_word' id='word_1_21' title='bbox 986 321 1058 348; x_wconf 84' lang='lat' dir='ltr'>nec</span> <span class='ocrx_word' id='word_1_22' title='bbox 1090 315 1219 348; x_wconf 89' lang='lat' dir='ltr'>tamen</span> <span class='ocrx_word' id='word_1_23' title='bbox 1250 310 1290 347; x_wconf 93' lang='lat' dir='ltr'>in</span> <span class='ocrx_word' id='word_1_24' title='bbox 1321 321 1430 360; x_wconf 90' lang='lat' dir='ltr'>prae-</span> 
     </span>
     <span class='ocr_line' id='line_1_4' title="bbox 100 367 1431 419; baseline 0 -14"><span class='ocrx_word' id='word_1_25' title='bbox 100 367 263 406; x_wconf 84' lang='lat' dir='ltr'>dicanda</span> <span class='ocrx_word' id='word_1_26' title='bbox 306 368 468 406; x_wconf 90' lang='lat' dir='ltr'>veritate</span> <span class='ocrx_word' id='word_1_27' title='bbox 512 368 694 419; x_wconf 78' lang='lat' dir='ltr'>cessavit3</span> <span class='ocrx_word' id='word_1_28' title='bbox 732 367 799 406; x_wconf 90' lang='lat' dir='ltr'>sed</span> <span class='ocrx_word' id='word_1_29' title='bbox 843 380 921 405; x_wconf 91' lang='lat' dir='ltr'>non</span> <span class='ocrx_word' id='word_1_30' title='bbox 962 373 1021 406; x_wconf 90' lang='lat' dir='ltr'>est</span> <span class='ocrx_word' id='word_1_31' title='bbox 1058 367 1186 406; x_wconf 89' lang='lat' dir='ltr'>audita</span> <span class='ocrx_word' id='word_1_32' title='bbox 1224 368 1319 405; x_wconf 85' lang='lat' dir='ltr'>foris</span> <span class='ocrx_word' id='word_1_33' title='bbox 1359 380 1431 406; x_wconf 84' lang='lat' dir='ltr'>vox</span> 
     </span>
     <span class='ocr_line' id='line_1_5' title="bbox 99 424 1430 477; baseline 0.001 -14"><span class='ocrx_word' id='word_1_34' title='bbox 99 427 183 464; x_wconf 87' lang='lat' dir='ltr'>eius</span> <span class='ocrx_word' id='word_1_35' title='bbox 226 437 298 463; x_wconf 92' lang='lat' dir='ltr'>nec</span> <span class='ocrx_word' id='word_1_36' title='bbox 343 425 517 477; x_wconf 78' lang='lat' dir='ltr'><strong>auditur,</strong></span> <span class='ocrx_word' id='word_1_37' title='bbox 561 425 714 476; x_wconf 89' lang='lat' dir='ltr'>quando</span> <span class='ocrx_word' id='word_1_38' title='bbox 753 424 909 476; x_wconf 89' lang='lat' dir='ltr'>quidem</span> <span class='ocrx_word' id='word_1_39' title='bbox 947 425 994 464; x_wconf 90' lang='lat' dir='ltr'>ab</span> <span class='ocrx_word' id='word_1_40' title='bbox 1033 427 1110 477; x_wconf 87' lang='lat' dir='ltr'>eis,</span> <span class='ocrx_word' id='word_1_41' title='bbox 1153 427 1220 476; x_wconf 89' lang='lat' dir='ltr'>qui</span> <span class='ocrx_word' id='word_1_42' title='bbox 1256 425 1352 464; x_wconf 89' lang='lat' dir='ltr'>foris</span> <span class='ocrx_word' id='word_1_43' title='bbox 1384 425 1430 464; x_wconf 88' lang='lat' dir='ltr'>ab</span> 
     </span>
     <span class='ocr_line' id='line_1_6' title="bbox 99 483 1478 536; baseline 0.001 -15"><span class='ocrx_word' id='word_1_44' title='bbox 99 485 182 522; x_wconf 89' lang='lat' dir='ltr'>eius</span> <span class='ocrx_word' id='word_1_45' title='bbox 222 495 386 534; x_wconf 89' lang='lat' dir='ltr'>corpore</span> <span class='ocrx_word' id='word_1_46' title='bbox 424 485 591 534; x_wconf 85' lang='lat' dir='ltr'>praecisi</span> <span class='ocrx_word' id='word_1_47' title='bbox 628 488 740 536; x_wconf 91' lang='lat' dir='ltr'>sunt,</span> <span class='ocrx_word' id='word_1_48' title='bbox 781 495 859 521; x_wconf 92' lang='lat' dir='ltr'>non</span> <span class='ocrx_word' id='word_1_49' title='bbox 896 483 950 521; x_wconf 90' lang='lat' dir='ltr'>illi</span> <span class='ocrx_word' id='word_1_50' title='bbox 987 483 1210 536; x_wconf 82' lang='lat' dir='ltr'>oboeditur3</span> <span class='ocrx_word' id='word_1_51' title='bbox 1247 485 1430 535; x_wconf 89' lang='lat' dir='ltr'>ipsosque</span> <span class='ocrx_word' id='word_1_52' title='bbox 1458 492 1478 523; x_wconf 90' lang='lat'>5</span> 
     </span>
     <span class='ocr_line' id='line_1_7' title="bbox 99 540 1432 593; baseline 0 -13"><span class='ocrx_word' id='word_1_53' title='bbox 99 553 191 580; x_wconf 89' lang='lat' dir='ltr'>suos</span> <span class='ocrx_word' id='word_1_54' title='bbox 232 547 507 592; x_wconf 82' lang='lat' dir='ltr'>persecutores</span> <span class='ocrx_word' id='word_1_55' title='bbox 547 540 731 593; x_wconf 86' lang='lat' dir='ltr'>Iudaeos,</span> <span class='ocrx_word' id='word_1_56' title='bbox 775 542 842 592; x_wconf 93' lang='lat' dir='ltr'>qui</span> <span class='ocrx_word' id='word_1_57' title='bbox 879 542 1023 580; x_wconf 91' lang='lat' dir='ltr'>calamo</span> <span class='ocrx_word' id='word_1_58' title='bbox 1062 547 1241 593; x_wconf 89' lang='lat' dir='ltr'>quassato</span> <span class='ocrx_word' id='word_1_59' title='bbox 1280 542 1432 593; x_wconf 91' lang='lat' dir='ltr'>perdita</span> 
     </span>
     <span class='ocr_line' id='line_1_8' title="bbox 97 600 1432 653; baseline 0.001 -15"><span class='ocrx_word' id='word_1_60' title='bbox 97 601 321 651; x_wconf 89' lang='lat' dir='ltr'>integritate</span> <span class='ocrx_word' id='word_1_61' title='bbox 354 605 393 638; x_wconf 91' lang='lat' dir='ltr'>et</span> <span class='ocrx_word' id='word_1_62' title='bbox 423 600 501 638; x_wconf 91' lang='lat' dir='ltr'>lino</span> <span class='ocrx_word' id='word_1_63' title='bbox 534 600 698 638; x_wconf 83' lang='lat' dir='ltr'><strong>fumanti</strong></span> <span class='ocrx_word' id='word_1_64' title='bbox 736 601 877 638; x_wconf 89' lang='lat' dir='ltr'>amisso</span> <span class='ocrx_word' id='word_1_65' title='bbox 909 600 1053 638; x_wconf 91' lang='lat' dir='ltr'>lumine</span> <span class='ocrx_word' id='word_1_66' title='bbox 1087 602 1299 651; x_wconf 89' lang='lat' dir='ltr'>comparati</span> <span class='ocrx_word' id='word_1_67' title='bbox 1330 607 1432 653; x_wconf 87' lang='lat' dir='ltr'>sunt,</span> 
     </span>
     <span class='ocr_line' id='line_1_9' title="bbox 98 658 1431 710; baseline 0.001 -14"><span class='ocrx_word' id='word_1_68' title='bbox 98 670 176 696; x_wconf 91' lang='lat' dir='ltr'>non</span> <span class='ocrx_word' id='word_1_69' title='bbox 209 659 391 697; x_wconf 86' lang='lat' dir='ltr'>contrivit</span> <span class='ocrx_word' id='word_1_70' title='bbox 422 670 494 696; x_wconf 89' lang='lat' dir='ltr'>nec</span> <span class='ocrx_word' id='word_1_71' title='bbox 527 659 701 710; x_wconf 75' lang='lat' dir='ltr'>extinxit,</span> <span class='ocrx_word' id='word_1_72' title='bbox 734 659 822 709; x_wconf 91' lang='lat' dir='ltr'>quia</span> <span class='ocrx_word' id='word_1_73' title='bbox 853 660 1029 709; x_wconf 84' lang='lat' dir='ltr'>pepercit</span> <span class='ocrx_word' id='word_1_74' title='bbox 1061 660 1128 710; x_wconf 90' lang='lat' dir='ltr'>eis,</span> <span class='ocrx_word' id='word_1_75' title='bbox 1161 660 1227 709; x_wconf 91' lang='lat' dir='ltr'>qui</span> <span class='ocrx_word' id='word_1_76' title='bbox 1259 658 1431 698; x_wconf 91' lang='lat' dir='ltr'>nondum</span> 
     </span>
     <span class='ocr_line' id='line_1_10' title="bbox 97 716 1431 768; baseline 0.001 -14"><span class='ocrx_word' id='word_1_77' title='bbox 97 722 256 755; x_wconf 88' lang='lat' dir='ltr'>venerat</span> <span class='ocrx_word' id='word_1_78' title='bbox 283 728 349 754; x_wconf 91' lang='lat' dir='ltr'>eos</span> <span class='ocrx_word' id='word_1_79' title='bbox 374 716 560 768; x_wconf 84' lang='lat' dir='ltr'>iudicare,</span> <span class='ocrx_word' id='word_1_80' title='bbox 592 716 659 755; x_wconf 89' lang='lat' dir='ltr'>sed</span> <span class='ocrx_word' id='word_1_81' title='bbox 685 716 849 754; x_wconf 87' lang='lat' dir='ltr'>iudicari</span> <span class='ocrx_word' id='word_1_82' title='bbox 875 716 921 754; x_wconf 88' lang='lat' dir='ltr'>ab</span> <span class='ocrx_word' id='word_1_83' title='bbox 948 718 1015 755; x_wconf 88' lang='lat' dir='ltr'>eis.</span> <span class='ocrx_word' id='word_1_84' title='bbox 1076 716 1120 754; x_wconf 90' lang='lat' dir='ltr'>In</span> <span class='ocrx_word' id='word_1_85' title='bbox 1145 718 1307 755; x_wconf 84' lang='lat' dir='ltr'>veritate</span> <span class='ocrx_word' id='word_1_86' title='bbox 1340 729 1431 756; x_wconf 84' lang='lat' dir='ltr'>sane</span> 
     </span>
     <span class='ocr_line' id='line_1_11' title="bbox 96 774 1501 827; baseline 0.002 -15"><span class='ocrx_word' id='word_1_87' title='bbox 96 774 260 826; x_wconf 89' lang='lat' dir='ltr'>protulit</span> <span class='ocrx_word' id='word_1_88' title='bbox 290 774 478 813; x_wconf 88' lang='lat' dir='ltr'>iudicium</span> <span class='ocrx_word' id='word_1_89' title='bbox 509 774 739 825; x_wconf 88' lang='lat' dir='ltr'>praedicens</span> <span class='ocrx_word' id='word_1_90' title='bbox 771 776 845 826; x_wconf 86' lang='lat' dir='ltr'>eis,</span> <span class='ocrx_word' id='word_1_91' title='bbox 884 775 1038 825; x_wconf 87' lang='lat' dir='ltr'>quando</span> <span class='ocrx_word' id='word_1_92' title='bbox 1070 775 1258 826; x_wconf 90' lang='lat' dir='ltr'>puniendi</span> <span class='ocrx_word' id='word_1_93' title='bbox 1290 781 1432 827; x_wconf 81' lang='lat' dir='ltr'>essent,</span> <span class='ocrx_word' id='word_1_94' title='bbox 1460 785 1501 816; x_wconf 94' lang='lat'>10</span> 
     </span>
     <span class='ocr_line' id='line_1_12' title="bbox 98 832 1431 883; baseline 0.001 -12"><span class='ocrx_word' id='word_1_95' title='bbox 98 834 131 871; x_wconf 89' lang='lat' dir='ltr'>si</span> <span class='ocrx_word' id='word_1_96' title='bbox 162 834 202 871; x_wconf 91' lang='lat' dir='ltr'>in</span> <span class='ocrx_word' id='word_1_97' title='bbox 235 844 304 871; x_wconf 89' lang='lat' dir='ltr'>sua</span> <span class='ocrx_word' id='word_1_98' title='bbox 342 833 578 883; x_wconf 82' lang='lat' dir='ltr'>malignitate</span> <span class='ocrx_word' id='word_1_99' title='bbox 616 835 884 883; x_wconf 84' lang='lat' dir='ltr'>persisterent.</span> <span class='ocrx_word' id='word_1_100' title='bbox 946 832 1113 871; x_wconf 85' lang='lat' dir='ltr'>Refulsit</span> <span class='ocrx_word' id='word_1_101' title='bbox 1143 834 1183 871; x_wconf 90' lang='lat' dir='ltr'>iu</span> <span class='ocrx_word' id='word_1_102' title='bbox 1216 839 1347 872; x_wconf 90' lang='lat' dir='ltr'>monte</span> <span class='ocrx_word' id='word_1_103' title='bbox 1380 834 1431 872; x_wconf 89' lang='lat' dir='ltr'>fa-</span> 
     </span>
     <span class='ocr_line' id='line_1_13' title="bbox 97 890 1432 943; baseline 0.001 -14"><span class='ocrx_word' id='word_1_104' title='bbox 97 891 177 929; x_wconf 85' lang='lat' dir='ltr'>cies</span> <span class='ocrx_word' id='word_1_105' title='bbox 211 892 317 943; x_wconf 90' lang='lat' dir='ltr'>eius,</span> <span class='ocrx_word' id='word_1_106' title='bbox 348 892 388 930; x_wconf 95' lang='lat' dir='ltr'>in</span> <span class='ocrx_word' id='word_1_107' title='bbox 421 890 514 929; x_wconf 88' lang='lat' dir='ltr'>orbe</span> <span class='ocrx_word' id='word_1_108' title='bbox 547 891 646 929; x_wconf 86' lang='lat' dir='ltr'>sama</span> <span class='ocrx_word' id='word_1_109' title='bbox 678 893 780 942; x_wconf 81' lang='lat' dir='ltr'>eius3</span> <span class='ocrx_word' id='word_1_110' title='bbox 819 903 891 929; x_wconf 88' lang='lat' dir='ltr'>nec</span> <span class='ocrx_word' id='word_1_111' title='bbox 923 891 1145 930; x_wconf 84' lang='lat' dir='ltr'>confractus</span> <span class='ocrx_word' id='word_1_112' title='bbox 1178 892 1257 929; x_wconf 89' lang='lat' dir='ltr'>sive</span> <span class='ocrx_word' id='word_1_113' title='bbox 1289 893 1432 930; x_wconf 88' lang='lat' dir='ltr'>contri-</span> 
     </span>
     <span class='ocr_line' id='line_1_14' title="bbox 96 949 1432 1001; baseline 0.001 -14"><span class='ocrx_word' id='word_1_114' title='bbox 96 954 160 988; x_wconf 89' lang='lat' dir='ltr'>tus</span> <span class='ocrx_word' id='word_1_115' title='bbox 194 954 272 1001; x_wconf 88' lang='lat' dir='ltr'>est,</span> <span class='ocrx_word' id='word_1_116' title='bbox 304 950 393 1000; x_wconf 90' lang='lat' dir='ltr'>quia</span> <span class='ocrx_word' id='word_1_117' title='bbox 424 961 552 999; x_wconf 87' lang='lat' dir='ltr'>neque</span> <span class='ocrx_word' id='word_1_118' title='bbox 583 950 623 987; x_wconf 91' lang='lat' dir='ltr'>in</span> <span class='ocrx_word' id='word_1_119' title='bbox 656 961 696 988; x_wconf 91' lang='lat' dir='ltr'>se</span> <span class='ocrx_word' id='word_1_120' title='bbox 729 961 856 999; x_wconf 85' lang='lat' dir='ltr'>neque</span> <span class='ocrx_word' id='word_1_121' title='bbox 887 950 927 987; x_wconf 90' lang='lat' dir='ltr'>in</span> <span class='ocrx_word' id='word_1_122' title='bbox 960 949 1123 987; x_wconf 85' lang='lat' dir='ltr'>ecclesia</span> <span class='ocrx_word' id='word_1_123' title='bbox 1155 961 1241 1001; x_wconf 87' lang='lat' dir='ltr'>sua,</span> <span class='ocrx_word' id='word_1_124' title='bbox 1273 955 1317 988; x_wconf 89' lang='lat' dir='ltr'>ut</span> <span class='ocrx_word' id='word_1_125' title='bbox 1348 962 1432 988; x_wconf 88' lang='lat' dir='ltr'>esse</span> 
     </span>
     <span class='ocr_line' id='line_1_15' title="bbox 97 1006 1433 1058; baseline 0 -13"><span class='ocrx_word' id='word_1_126' title='bbox 97 1007 328 1058; x_wconf 86' lang='lat' dir='ltr'>desisteret,</span> <span class='ocrx_word' id='word_1_127' title='bbox 366 1006 686 1058; x_wconf 88' lang='lat' dir='ltr'>persecutoribus</span> <span class='ocrx_word' id='word_1_128' title='bbox 719 1009 853 1058; x_wconf 82' lang='lat' dir='ltr'>cessit3</span> <span class='ocrx_word' id='word_1_129' title='bbox 893 1012 931 1045; x_wconf 89' lang='lat' dir='ltr'>et</span> <span class='ocrx_word' id='word_1_130' title='bbox 968 1006 1054 1045; x_wconf 91' lang='lat' dir='ltr'>ideo</span> <span class='ocrx_word' id='word_1_131' title='bbox 1088 1019 1165 1045; x_wconf 91' lang='lat' dir='ltr'>non</span> <span class='ocrx_word' id='word_1_132' title='bbox 1197 1012 1257 1045; x_wconf 88' lang='lat' dir='ltr'>est</span> <span class='ocrx_word' id='word_1_133' title='bbox 1288 1008 1433 1046; x_wconf 83' lang='lat' dir='ltr'>sactum</span> 
     </span>
     <span class='ocr_line' id='line_1_16' title="bbox 97 1064 1501 1116; baseline 0.001 -13"><span class='ocrx_word' id='word_1_134' title='bbox 97 1077 169 1103; x_wconf 93' lang='lat' dir='ltr'>nec</span> <span class='ocrx_word' id='word_1_135' title='bbox 203 1065 286 1113; x_wconf 84' lang='lat' dir='ltr'>fiet,</span> <span class='ocrx_word' id='word_1_136' title='bbox 328 1065 430 1116; x_wconf 91' lang='lat' dir='ltr'>quod</span> <span class='ocrx_word' id='word_1_137' title='bbox 467 1066 615 1103; x_wconf 86' lang='lat' dir='ltr'>inimici</span> <span class='ocrx_word' id='word_1_138' title='bbox 652 1066 736 1103; x_wconf 90' lang='lat' dir='ltr'>eius</span> <span class='ocrx_word' id='word_1_139' title='bbox 769 1064 952 1104; x_wconf 88' lang='lat' dir='ltr'>dixerunt</span> <span class='ocrx_word' id='word_1_140' title='bbox 983 1065 1042 1103; x_wconf 92' lang='lat' dir='ltr'>vel</span> <span class='ocrx_word' id='word_1_141' title='bbox 1074 1065 1226 1104; x_wconf 89' lang='lat' dir='ltr'>dicunt:</span> <span class='ocrx_word' id='word_1_142' title='bbox 1265 1067 1432 1112; x_wconf 76' lang='lat' dir='ltr'>Quando</span> <span class='ocrx_word' id='word_1_143' title='bbox 1461 1075 1501 1105; x_wconf 83' lang='lat'>15</span> 
     </span>
     <span class='ocr_line' id='line_1_17' title="bbox 96 1125 1434 1173; baseline 0.001 -11"><span class='ocrx_word' id='word_1_144' title='bbox 96 1125 291 1162; x_wconf 76' lang='lat' dir='ltr'>morietur</span> <span class='ocrx_word' id='word_1_145' title='bbox 327 1128 366 1163; x_wconf 82' lang='lat' dir='ltr'>et</span> <span class='ocrx_word' id='word_1_146' title='bbox 403 1125 554 1172; x_wconf 69' lang='lat' dir='ltr'>peribit</span> <span class='ocrx_word' id='word_1_147' title='bbox 590 1134 730 1162; x_wconf 77' lang='lat' dir='ltr'>nomen</span> <span class='ocrx_word' id='word_1_148' title='bbox 767 1125 880 1162; x_wconf 67' lang='lat' dir='ltr'>eius?</span> <span class='ocrx_word' id='word_1_149' title='bbox 925 1125 1051 1162; x_wconf 78' lang='lat' dir='ltr'>donec</span> <span class='ocrx_word' id='word_1_150' title='bbox 1078 1128 1204 1173; x_wconf 80' lang='lat' dir='ltr'>ponat</span> <span class='ocrx_word' id='word_1_151' title='bbox 1241 1126 1282 1163; x_wconf 75' lang='lat' dir='ltr'>in</span> <span class='ocrx_word' id='word_1_152' title='bbox 1321 1129 1434 1163; x_wconf 78' lang='lat' dir='ltr'>terra</span> 
     </span>
     <span class='ocr_line' id='line_1_18' title="bbox 98 1180 1432 1233; baseline 0 -13"><span class='ocrx_word' id='word_1_153' title='bbox 98 1183 302 1221; x_wconf 72' lang='lat' dir='ltr'>iudicium.</span> <span class='ocrx_word' id='word_1_154' title='bbox 364 1180 464 1220; x_wconf 87' lang='lat' dir='ltr'>Ecce</span> <span class='ocrx_word' id='word_1_155' title='bbox 492 1181 780 1220; x_wconf 86' lang='lat' dir='ltr'>manifestatum</span> <span class='ocrx_word' id='word_1_156' title='bbox 806 1187 866 1220; x_wconf 89' lang='lat' dir='ltr'>est</span> <span class='ocrx_word' id='word_1_157' title='bbox 892 1181 993 1232; x_wconf 88' lang='lat' dir='ltr'>quod</span> <span class='ocrx_word' id='word_1_158' title='bbox 1021 1181 1291 1220; x_wconf 87' lang='lat' dir='ltr'>absconditum</span> <span class='ocrx_word' id='word_1_159' title='bbox 1318 1194 1432 1233; x_wconf 87' lang='lat' dir='ltr'>quae-</span> 
     </span>
     <span class='ocr_line' id='line_1_19' title="bbox 99 1239 1434 1292; baseline 0.001 -14"><span class='ocrx_word' id='word_1_160' title='bbox 99 1239 300 1291; x_wconf 83' lang='lat' dir='ltr'>rebamus;</span> <span class='ocrx_word' id='word_1_161' title='bbox 332 1239 406 1278; x_wconf 91' lang='grc'>1100</span> <span class='ocrx_word' id='word_1_162' title='bbox 433 1241 536 1278; x_wconf 87' lang='lat' dir='ltr'>enim</span> <span class='ocrx_word' id='word_1_163' title='bbox 572 1245 631 1278; x_wconf 90' lang='lat' dir='ltr'>est</span> <span class='ocrx_word' id='word_1_164' title='bbox 662 1241 916 1278; x_wconf 90' lang='lat' dir='ltr'>novissimum</span> <span class='ocrx_word' id='word_1_165' title='bbox 948 1239 1148 1292; x_wconf 87' lang='lat' dir='ltr'>iudicium,</span> <span class='ocrx_word' id='word_1_166' title='bbox 1180 1240 1283 1290; x_wconf 84' lang='lat' dir='ltr'>quod</span> <span class='ocrx_word' id='word_1_167' title='bbox 1315 1246 1434 1291; x_wconf 88' lang='lat' dir='ltr'>ponet</span> 
     </span>
     <span class='ocr_line' id='line_1_20' title="bbox 96 1298 1434 1350; baseline 0.001 -15"><span class='ocrx_word' id='word_1_168' title='bbox 96 1299 136 1336; x_wconf 95' lang='lat' dir='ltr'>in</span> <span class='ocrx_word' id='word_1_169' title='bbox 168 1304 284 1346; x_wconf 87' lang='lat' dir='ltr'>terra,</span> <span class='ocrx_word' id='word_1_170' title='bbox 317 1309 407 1336; x_wconf 88' lang='lat' dir='ltr'>cum</span> <span class='ocrx_word' id='word_1_171' title='bbox 438 1299 589 1335; x_wconf 89' lang='lat' dir='ltr'>venerit</span> <span class='ocrx_word' id='word_1_172' title='bbox 619 1298 701 1348; x_wconf 89' lang='lat' dir='ltr'>ipse</span> <span class='ocrx_word' id='word_1_173' title='bbox 735 1298 781 1336; x_wconf 89' lang='lat' dir='ltr'>de</span> <span class='ocrx_word' id='word_1_174' title='bbox 814 1298 931 1350; x_wconf 79' lang='lat' dir='ltr'>caelo,</span> <span class='ocrx_word' id='word_1_175' title='bbox 963 1298 1008 1336; x_wconf 92' lang='lat' dir='ltr'>de</span> <span class='ocrx_word' id='word_1_176' title='bbox 1043 1310 1118 1348; x_wconf 91' lang='lat' dir='ltr'>quo</span> <span class='ocrx_word' id='word_1_177' title='bbox 1151 1299 1227 1336; x_wconf 90' lang='lat' dir='ltr'>iam</span> <span class='ocrx_word' id='word_1_178' title='bbox 1258 1298 1434 1337; x_wconf 87' lang='lat' dir='ltr'>videmus</span> 
     </span>
     <span class='ocr_line' id='line_1_21' title="bbox 96 1355 1502 1407; baseline 0.003 -14"><span class='ocrx_word' id='word_1_179' title='bbox 96 1355 320 1407; x_wconf 88' lang='lat' dir='ltr'>impletum,</span> <span class='ocrx_word' id='word_1_180' title='bbox 359 1355 462 1406; x_wconf 86' lang='lat' dir='ltr'>quod</span> <span class='ocrx_word' id='word_1_181' title='bbox 494 1355 556 1393; x_wconf 91' lang='lat' dir='ltr'>hic</span> <span class='ocrx_word' id='word_1_182' title='bbox 595 1356 775 1394; x_wconf 90' lang='lat' dir='ltr'>ultimum</span> <span class='ocrx_word' id='word_1_183' title='bbox 808 1357 977 1406; x_wconf 90' lang='lat' dir='ltr'>positum</span> <span class='ocrx_word' id='word_1_184' title='bbox 1010 1362 1085 1395; x_wconf 90' lang='lat' dir='ltr'>est:</span> <span class='ocrx_word' id='word_1_185' title='bbox 1123 1357 1175 1394; x_wconf 80' lang='lat' dir='ltr'>Et</span> <span class='ocrx_word' id='word_1_186' title='bbox 1205 1359 1246 1395; x_wconf 75' lang='lat' dir='ltr'>in</span> <span class='ocrx_word' id='word_1_187' title='bbox 1277 1359 1434 1396; x_wconf 77' lang='lat' dir='ltr'>nomine</span> <span class='ocrx_word' id='word_1_188' title='bbox 1461 1367 1502 1397; x_wconf 74' lang='lat'>20</span> 
     </span>
     <span class='ocr_line' id='line_1_22' title="bbox 97 1413 1433 1465; baseline 0.001 -13"><span class='ocrx_word' id='word_1_189' title='bbox 97 1416 182 1452; x_wconf 75' lang='lat' dir='ltr'>eius</span> <span class='ocrx_word' id='word_1_190' title='bbox 217 1418 356 1462; x_wconf 69' lang='lat' dir='ltr'>qentes</span> <span class='ocrx_word' id='word_1_191' title='bbox 393 1415 623 1462; x_wconf 76' lang='lat' dir='ltr'>sperabunt.</span> <span class='ocrx_word' id='word_1_192' title='bbox 685 1413 760 1452; x_wconf 89' lang='lat' dir='ltr'>Per</span> <span class='ocrx_word' id='word_1_193' title='bbox 797 1414 871 1453; x_wconf 90' lang='lat' dir='ltr'>hoc</span> <span class='ocrx_word' id='word_1_194' title='bbox 910 1420 1016 1453; x_wconf 85' lang='lat' dir='ltr'>certe</span> <span class='ocrx_word' id='word_1_195' title='bbox 1056 1414 1157 1465; x_wconf 86' lang='lat' dir='ltr'>quod</span> <span class='ocrx_word' id='word_1_196' title='bbox 1190 1416 1323 1465; x_wconf 90' lang='lat' dir='ltr'>negari</span> <span class='ocrx_word' id='word_1_197' title='bbox 1355 1427 1433 1454; x_wconf 91' lang='lat' dir='ltr'>non</span> 
     </span>
     <span class='ocr_line' id='line_1_23' title="bbox 96 1471 1433 1523; baseline 0.001 -13"><span class='ocrx_word' id='word_1_198' title='bbox 96 1476 227 1523; x_wconf 88' lang='lat' dir='ltr'>potest</span> <span class='ocrx_word' id='word_1_199' title='bbox 254 1473 369 1510; x_wconf 88' lang='lat' dir='ltr'>etiam</span> <span class='ocrx_word' id='word_1_200' title='bbox 395 1471 490 1510; x_wconf 90' lang='lat' dir='ltr'>illud</span> <span class='ocrx_word' id='word_1_201' title='bbox 517 1471 699 1510; x_wconf 84' lang='lat' dir='ltr'>credatur</span> <span class='ocrx_word' id='word_1_202' title='bbox 725 1472 828 1523; x_wconf 92' lang='lat' dir='ltr'>quod</span> <span class='ocrx_word' id='word_1_203' title='bbox 854 1472 1091 1523; x_wconf 88' lang='lat' dir='ltr'>inpudenter</span> <span class='ocrx_word' id='word_1_204' title='bbox 1116 1478 1291 1523; x_wconf 88' lang='lat' dir='ltr'>negatur.</span> <span class='ocrx_word' id='word_1_205' title='bbox 1338 1473 1433 1518; x_wconf 87' lang='lat' dir='ltr'>Quis</span> 
     </span>
     <span class='ocr_line' id='line_1_24' title="bbox 98 1529 1433 1582; baseline 0.001 -14"><span class='ocrx_word' id='word_1_206' title='bbox 98 1531 201 1568; x_wconf 90' lang='lat' dir='ltr'>enim</span> <span class='ocrx_word' id='word_1_207' title='bbox 235 1535 427 1582; x_wconf 85' lang='lat' dir='ltr'>speraret,</span> <span class='ocrx_word' id='word_1_208' title='bbox 470 1529 572 1580; x_wconf 91' lang='lat' dir='ltr'>quod</span> <span class='ocrx_word' id='word_1_209' title='bbox 606 1531 721 1568; x_wconf 84' lang='lat' dir='ltr'>etiam</span> <span class='ocrx_word' id='word_1_210' title='bbox 752 1530 808 1582; x_wconf 88' lang='lat' dir='ltr'>hi,</span> <span class='ocrx_word' id='word_1_211' title='bbox 847 1532 914 1581; x_wconf 86' lang='lat' dir='ltr'>qui</span> <span class='ocrx_word' id='word_1_212' title='bbox 945 1531 1082 1569; x_wconf 89' lang='lat' dir='ltr'>nolunt</span> <span class='ocrx_word' id='word_1_213' title='bbox 1114 1531 1238 1570; x_wconf 86' lang='lat' dir='ltr'>adhuc</span> <span class='ocrx_word' id='word_1_214' title='bbox 1271 1532 1433 1571; x_wconf 89' lang='lat' dir='ltr'>credere</span> 
     </span>
     <span class='ocr_line' id='line_1_25' title="bbox 98 1587 1431 1641; baseline 0.002 -15"><span class='ocrx_word' id='word_1_215' title='bbox 98 1590 138 1626; x_wconf 91' lang='lat' dir='ltr'>in</span> <span class='ocrx_word' id='word_1_216' title='bbox 177 1587 394 1640; x_wconf 89' lang='lat' dir='ltr'>Christum,</span> <span class='ocrx_word' id='word_1_217' title='bbox 437 1589 512 1626; x_wconf 89' lang='lat' dir='ltr'>iam</span> <span class='ocrx_word' id='word_1_218' title='bbox 551 1588 757 1626; x_wconf 86' lang='lat' dir='ltr'>nobiscum</span> <span class='ocrx_word' id='word_1_219' title='bbox 794 1588 926 1627; x_wconf 88' lang='lat' dir='ltr'>vident</span> <span class='ocrx_word' id='word_1_220' title='bbox 963 1594 1018 1641; x_wconf 88' lang='lat' dir='ltr'>et,</span> <span class='ocrx_word' id='word_1_221' title='bbox 1064 1590 1244 1639; x_wconf 85' lang='lat' dir='ltr'>quoniam</span> <span class='ocrx_word' id='word_1_222' title='bbox 1289 1602 1431 1640; x_wconf 89' lang='lat' dir='ltr'>negare</span> 
     </span>
     <span class='ocr_line' id='line_1_26' title="bbox 98 1645 1502 1699; baseline 0.002 -15"><span class='ocrx_word' id='word_1_223' title='bbox 98 1658 178 1684; x_wconf 91' lang='lat' dir='ltr'>non</span> <span class='ocrx_word' id='word_1_224' title='bbox 209 1651 387 1697; x_wconf 88' lang='lat' dir='ltr'>possunt,</span> <span class='ocrx_word' id='word_1_225' title='bbox 419 1646 601 1685; x_wconf 88' lang='lat' dir='ltr'>dentibus</span> <span class='ocrx_word' id='word_1_226' title='bbox 634 1648 715 1685; x_wconf 88' lang='lat' dir='ltr'>suis</span> <span class='ocrx_word' id='word_1_227' title='bbox 748 1647 929 1685; x_wconf 88' lang='lat' dir='ltr'>frendent</span> <span class='ocrx_word' id='word_1_228' title='bbox 960 1652 999 1685; x_wconf 87' lang='lat' dir='ltr'>et</span> <span class='ocrx_word' id='word_1_229' title='bbox 1029 1645 1263 1686; x_wconf 76' lang='lat' dir='ltr'>tabescunt?</span> <span class='ocrx_word' id='word_1_230' title='bbox 1326 1647 1433 1699; x_wconf 87' lang='lat' dir='ltr'>Quis,</span> <span class='ocrx_word' id='word_1_231' title='bbox 1459 1657 1502 1688; x_wconf 78' lang='lat'>25</span> 
     </span>
     <span class='ocr_line' id='line_1_27' title="bbox 98 1704 1432 1760; baseline 0.002 -18"><span class='ocrx_word' id='word_1_232' title='bbox 98 1706 281 1756; x_wconf 86' lang='lat' dir='ltr'>inquam,</span> <span class='ocrx_word' id='word_1_233' title='bbox 326 1710 502 1755; x_wconf 90' lang='lat' dir='ltr'>speraret</span> <span class='ocrx_word' id='word_1_234' title='bbox 544 1709 680 1755; x_wconf 83' lang='lat' dir='ltr'>gentes</span> <span class='ocrx_word' id='word_1_235' title='bbox 723 1706 763 1743; x_wconf 93' lang='lat' dir='ltr'>in</span> <span class='ocrx_word' id='word_1_236' title='bbox 808 1704 952 1743; x_wconf 85' lang='lat' dir='ltr'>Christi</span> <span class='ocrx_word' id='word_1_237' title='bbox 995 1707 1151 1743; x_wconf 89' lang='lat' dir='ltr'>nomine</span> <span class='ocrx_word' id='word_1_238' title='bbox 1197 1712 1432 1760; x_wconf 85' lang='lat' dir='ltr'>speraturas,</span> 
     </span>
     <span class='ocr_line' id='line_1_28' title="bbox 99 1762 1433 1817; baseline 0.002 -17"><span class='ocrx_word' id='word_1_239' title='bbox 99 1762 253 1813; x_wconf 89' lang='lat' dir='ltr'>quando</span> <span class='ocrx_word' id='word_1_240' title='bbox 285 1762 492 1801; x_wconf 89' lang='lat' dir='ltr'>tenebatur</span> <span class='ocrx_word' id='word_1_241' title='bbox 517 1762 719 1815; x_wconf 84' lang='lat' dir='ltr'>ligabatur,</span> <span class='ocrx_word' id='word_1_242' title='bbox 752 1763 985 1802; x_wconf 87' lang='lat' dir='ltr'>caedebatur</span> <span class='ocrx_word' id='word_1_243' title='bbox 1015 1763 1275 1817; x_wconf 87' lang='lat' dir='ltr'>inludebatur,</span> <span class='ocrx_word' id='word_1_244' title='bbox 1308 1766 1433 1803; x_wconf 85' lang='lat' dir='ltr'>cruci-</span> 
     </span>
     <span class='ocr_line' id='line_1_29' title="bbox 98 1820 1433 1875; baseline 0.002 -17"><span class='ocrx_word' id='word_1_245' title='bbox 98 1820 302 1872; x_wconf 85' lang='lat' dir='ltr'>figebatur,</span> <span class='ocrx_word' id='word_1_246' title='bbox 334 1820 487 1871; x_wconf 86' lang='lat' dir='ltr'>quando</span> <span class='ocrx_word' id='word_1_247' title='bbox 515 1826 554 1859; x_wconf 91' lang='lat' dir='ltr'>et</span> <span class='ocrx_word' id='word_1_248' title='bbox 578 1822 653 1872; x_wconf 91' lang='lat' dir='ltr'>ipsi</span> <span class='ocrx_word' id='word_1_249' title='bbox 679 1821 858 1872; x_wconf 85' lang='lat' dir='ltr'>discipuli</span> <span class='ocrx_word' id='word_1_250' title='bbox 884 1833 992 1872; x_wconf 88' lang='lat' dir='ltr'>spem</span> <span class='ocrx_word' id='word_1_251' title='bbox 1024 1822 1286 1875; x_wconf 89' lang='lat' dir='ltr'>perdiderant,</span> <span class='ocrx_word' id='word_1_252' title='bbox 1318 1835 1433 1874; x_wconf 84' lang='lat' dir='ltr'>quam</span> 
     </span>
     <span class='ocr_line' id='line_1_30' title="bbox 98 1878 1432 1930; baseline 0.003 -14"><span class='ocrx_word' id='word_1_253' title='bbox 98 1880 138 1916; x_wconf 92' lang='lat' dir='ltr'>in</span> <span class='ocrx_word' id='word_1_254' title='bbox 169 1878 234 1917; x_wconf 94' lang='lat' dir='ltr'>illo</span> <span class='ocrx_word' id='word_1_255' title='bbox 266 1878 410 1917; x_wconf 86' lang='lat' dir='ltr'>habere</span> <span class='ocrx_word' id='word_1_256' title='bbox 442 1880 517 1917; x_wconf 90' lang='lat' dir='ltr'>iam</span> <span class='ocrx_word' id='word_1_257' title='bbox 549 1878 787 1930; x_wconf 78' lang='lat' dir='ltr'>coeperant?</span> <span class='ocrx_word' id='word_1_258' title='bbox 837 1879 948 1925; x_wconf 88' lang='lat' dir='ltr'>Quod</span> <span class='ocrx_word' id='word_1_259' title='bbox 981 1886 1074 1919; x_wconf 93' lang='lat' dir='ltr'>tunc</span> <span class='ocrx_word' id='word_1_260' title='bbox 1105 1882 1168 1919; x_wconf 85' lang='lat' dir='ltr'>vix</span> <span class='ocrx_word' id='word_1_261' title='bbox 1200 1893 1303 1920; x_wconf 87' lang='lat' dir='ltr'>unus</span> <span class='ocrx_word' id='word_1_262' title='bbox 1334 1881 1432 1920; x_wconf 91' lang='lat' dir='ltr'>latro</span> 
     </span>
     <span class='ocr_line' id='line_1_31' title="bbox 100 1938 1502 1990; baseline 0.004 -16"><span class='ocrx_word' id='word_1_263' title='bbox 100 1938 268 1987; x_wconf 86' lang='lat' dir='ltr'>speravit</span> <span class='ocrx_word' id='word_1_264' title='bbox 298 1938 338 1975; x_wconf 90' lang='lat' dir='ltr'>in</span> <span class='ocrx_word' id='word_1_265' title='bbox 371 1949 506 1988; x_wconf 86' lang='lat' dir='ltr'>cruce,</span> <span class='ocrx_word' id='word_1_266' title='bbox 538 1949 643 1976; x_wconf 90' lang='lat' dir='ltr'>nunc</span> <span class='ocrx_word' id='word_1_267' title='bbox 675 1943 833 1989; x_wconf 87' lang='lat' dir='ltr'>sperant</span> <span class='ocrx_word' id='word_1_268' title='bbox 864 1943 1000 1988; x_wconf 86' lang='lat' dir='ltr'>gentes</span> <span class='ocrx_word' id='word_1_269' title='bbox 1032 1938 1144 1989; x_wconf 88' lang='lat' dir='ltr'>longe</span> <span class='ocrx_word' id='word_1_270' title='bbox 1176 1938 1329 1990; x_wconf 85' lang='lat' dir='ltr'>lateque</span> <span class='ocrx_word' id='word_1_271' title='bbox 1362 1940 1431 1978; x_wconf 87' lang='lat' dir='ltr'>dif-</span> <span class='ocrx_word' id='word_1_272' title='bbox 1459 1948 1502 1980; x_wconf 88' lang='lat'>30</span> 
     </span>
     <span class='ocr_line' id='line_1_32' title="bbox 99 1994 1433 2049; baseline 0.004 -17"><span class='ocrx_word' id='word_1_273' title='bbox 99 1994 220 2046; x_wconf 88' lang='lat' dir='ltr'>fusae,</span> <span class='ocrx_word' id='word_1_274' title='bbox 252 2000 291 2033; x_wconf 92' lang='lat' dir='ltr'>et</span> <span class='ocrx_word' id='word_1_275' title='bbox 315 2007 363 2033; x_wconf 90' lang='lat' dir='ltr'>ne</span> <span class='ocrx_word' id='word_1_276' title='bbox 389 1996 429 2033; x_wconf 93' lang='lat' dir='ltr'>in</span> <span class='ocrx_word' id='word_1_277' title='bbox 456 2001 658 2033; x_wconf 87' lang='lat' dir='ltr'>aeternum</span> <span class='ocrx_word' id='word_1_278' title='bbox 685 1997 913 2049; x_wconf 85' lang='lat' dir='ltr'>moriantur,</span> <span class='ocrx_word' id='word_1_279' title='bbox 943 1998 1027 2048; x_wconf 85' lang='lat' dir='ltr'>ipsa</span> <span class='ocrx_word' id='word_1_280' title='bbox 1057 1998 1096 2035; x_wconf 90' lang='lat' dir='ltr'>in</span> <span class='ocrx_word' id='word_1_281' title='bbox 1129 2009 1205 2048; x_wconf 89' lang='lat' dir='ltr'>qua</span> <span class='ocrx_word' id='word_1_282' title='bbox 1234 1997 1298 2036; x_wconf 90' lang='lat' dir='ltr'>ille</span> <span class='ocrx_word' id='word_1_283' title='bbox 1331 2009 1433 2037; x_wconf 88' lang='lat' dir='ltr'>mor-</span> 
     </span>
     <span class='ocr_line' id='line_1_33' title="bbox 97 2055 675 2104; baseline 0.003 -14"><span class='ocrx_word' id='word_1_284' title='bbox 97 2057 189 2091; x_wconf 88' lang='lat' dir='ltr'>tuus</span> <span class='ocrx_word' id='word_1_285' title='bbox 221 2058 281 2091; x_wconf 89' lang='lat' dir='ltr'>est</span> <span class='ocrx_word' id='word_1_286' title='bbox 311 2065 429 2091; x_wconf 85' lang='lat' dir='ltr'>cruce</span> <span class='ocrx_word' id='word_1_287' title='bbox 462 2055 675 2104; x_wconf 88' lang='lat' dir='ltr'>signantur.</span> 
     </span>
    </p>
   </div>
   <div class='ocr_carea' id='block_1_3' title="bbox 194 2164 879 2209">
    <p class='ocr_par' dir='ltr' id='par_1_3' title="bbox 194 2164 879 2209">
     <span class='ocr_line' id='line_1_34' title="bbox 194 2164 879 2209; baseline 0.009 -12"><span class='ocrx_word' id='word_1_288' title='bbox 194 2165 248 2206; x_wconf 82' lang='lat'>12)</span> <span class='ocrx_word' id='word_1_289' title='bbox 274 2164 338 2199; x_wconf 73' lang='lat' dir='ltr'>Mt.</span> <span class='ocrx_word' id='word_1_290' title='bbox 367 2168 421 2208; x_wconf 84' lang='lat'>17,</span> <span class='ocrx_word' id='word_1_291' title='bbox 449 2168 466 2198; x_wconf 92' lang='lat'>1</span> <span class='ocrx_word' id='word_1_292' title='bbox 494 2175 547 2209; x_wconf 78' lang='lat' dir='ltr'>sq.</span> <span class='ocrx_word' id='word_1_293' title='bbox 598 2168 656 2209; x_wconf 71' lang='lat'>17)</span> <span class='ocrx_word' id='word_1_294' title='bbox 681 2166 737 2200; x_wconf 67' lang='grc' dir='ltr'>ΡΞ.</span> <span class='ocrx_word' id='word_1_295' title='bbox 763 2169 821 2209; x_wconf 78' lang='grc'>40,</span> <span class='ocrx_word' id='word_1_296' title='bbox 846 2169 879 2203; x_wconf 87' lang='grc'>6.</span> 
     </span>
    </p>
   </div>
   <div class='ocr_carea' id='block_1_4' title="bbox 192 2314 465 2350">
    <p class='ocr_par' dir='ltr' id='par_1_4' title="bbox 192 2314 465 2350">
     <span class='ocr_line' id='line_1_35' title="bbox 192 2314 465 2350; baseline -0.004 0"><span class='ocrx_word' id='word_1_297' title='bbox 192 2319 211 2350; x_wconf 90' lang='grc'>8</span> <span class='ocrx_word' id='word_1_298' title='bbox 237 2325 310 2349; x_wconf 91' lang='lat' dir='ltr'>non</span> <span class='ocrx_word' id='word_1_299' title='bbox 334 2316 403 2350; x_wconf 79' lang='lat' dir='ltr'>ext.</span> <span class='ocrx_word' id='word_1_300' title='bbox 430 2314 465 2349; x_wconf 78' lang='lat' dir='ltr'><em>R</em></span> 
     </span>
    </p>
   </div>
  </div>
 </body>
</html>
