1548 2562
390 188 443 214 DE
463 187 652 214 CIVITATE
673 188 742 213 DEI
761 188 794 213 L.
813 188 928 213 xvm.
948 187 977 213 c.
997 188 1038 213 35.
1304 177 1388 218 309

60 279 284 317 custodient
324 279 531 316 scientiam
575 281 614 316 et
654 279 777 325 legem
820 278 1024 324 inquirent
1071 287 1123 314 ex
1171 287 1242 314 ore
1284 278 1369 314 eius
1377 289 1391 321 ;

61 338 249 384 quoniam
287 337 452 384 anbelus
490 335 652 374 Domini
686 337 959 383 omnipotentis
996 339 1062 373 est.
1130 333 1209 372 Neo
1249 335 1389 372 miran-

61 387 153 433 dum
198 399 275 445 est,
318 395 408 444 quia
445 392 597 431 Domini
643 394 919 444 omnipotentis
965 392 1123 443 angelus
1163 391 1290 431 dictus
1332 397 1392 430 est

63 451 243 490 Christus
270 451 389 490 Iesus.
453 451 562 490 Sicut
587 452 690 489 enim
723 463 858 489 servus
889 456 1051 501 propter
1082 450 1244 489 sormam
1278 451 1392 502 servi,

60 512 99 548 in
132 521 206 560 qua
237 511 343 548 venit
374 509 419 548 ad
451 509 640 561 homines,
670 510 726 547 sio
758 509 917 559 angelus
947 514 1108 560 propter
1140 508 1392 559 evangelium,
1418 516 1439 548 5

60 567 162 619 quod
205 569 396 606 nuntiavit
432 567 665 606 hominibus.
728 567 823 605 Nam
856 569 888 606 si
920 566 1064 605 Graeca
1096 568 1169 605 ista
1200 569 1392 618 interpre-

59 632 208 678 temur,
248 632 287 665 et
318 626 557 677 evangelium
589 625 689 664 hona
722 627 911 664 nuntiatio
944 631 1003 663 est
1035 631 1072 663 et
1104 625 1263 675 angelus
1295 637 1391 663 nun-

60 685 149 723 tius.
211 683 264 722 De
290 686 375 735 ipso
403 686 545 735 quippe
577 685 720 722 iterum
746 683 856 722 dicit:
889 684 996 722 Eece
1027 686 1176 721 mittam
1210 686 1393 731 anyelum

58 754 201 789 meum,
241 746 281 781 et
313 745 534 792 prospiciet
570 745 673 781 viam
711 747 804 780 ante
831 741 980 790 faciem
1011 754 1159 787 meam,·
1197 747 1236 780 et
1264 743 1393 781 subito

59 803 189 839 veniet
220 802 261 839 in
287 803 470 850 templum
501 812 615 839 suum
642 802 843 847 Dominus,
876 812 989 847 quem
1021 812 1087 838 vos
1119 802 1324 848 quaeritis,
1357 805 1394 839 et
1420 809 1462 840 10

59 861 225 907 anqelus
263 860 502 906 testamenti,
541 870 654 907 quem
692 870 757 897 vos
795 861 920 896 vultis.
989 858 1096 897 Eece
1133 861 1253 905 venit,
1296 860 1395 897 dicit

60 918 252 956 Dominus
297 920 562 966 omnipotens;
611 922 651 956 et
692 919 779 965 quis
822 918 1030 955 sustinebit
1067 918 1170 954 diem
1208 919 1393 955 introitus

62 977 172 1014 eius?
216 979 288 1014 aut
325 978 413 1023 quis
453 977 611 1014 resistet
647 977 687 1013 in
729 979 892 1023 aspectu
934 976 1045 1012 eius?
1106 974 1189 1012 Hoc
1229 974 1314 1012 loco
1356 980 1395 1012 et

59 1035 228 1085 primum
257 1038 296 1071 et
321 1033 537 1072 secundum
566 1032 709 1071 Christi
740 1034 1027 1083 praenuntiavit
1059 1032 1284 1083 adventum3
1316 1034 1393 1082 pri-

60 1103 166 1130 mum
204 1091 370 1142 scilicet,
414 1091 460 1129 de
500 1103 576 1141 quo
617 1092 686 1129 ait:
736 1092 788 1129 Et
817 1092 946 1130 subito
978 1093 1108 1129 veniet
1138 1093 1179 1129 in
1211 1094 1394 1139 templum
1422 1099 1463 1130 15

59 1161 184 1197 suum,
216 1149 253 1187 id
287 1155 346 1188 est
377 1151 417 1187 in
450 1161 606 1187 carnem
640 1162 760 1201 suam,
792 1149 838 1187 de
872 1161 945 1199 qua
978 1149 1074 1187 dixit
1105 1150 1144 1187 in
1178 1148 1393 1199 evangelio:

60 1209 206 1247 Solvite
243 1210 425 1257 templum
463 1209 556 1258 boe,
596 1213 633 1246 et
665 1210 705 1246 in
739 1209 872 1246 triduo
904 1208 1151 1246 resuscitabo
1184 1210 1304 1253 illucl;
1336 1219 1392 1245 se-

60 1265 231 1304 cundum
263 1278 372 1317 vero,
410 1265 488 1304 ubi.
515 1267 584 1304 ait:
623 1266 730 1305 Eece
761 1268 881 1312 venit,
921 1268 1019 1304 de'cit
1050 1267 1241 1304 Dominus
1273 1267 1393 1304 omni-

55 1328 212 1373 potens,
251 1328 289 1362 et
325 1326 413 1372 quis
450 1325 659 1363 sustinebit
695 1326 797 1362 diem
836 1326 1021 1362 introitus
1054 1326 1164 1362 eius?
1205 1329 1276 1362 aut
1307 1326 1394 1372 quis

60 1384 219 1421 resistet
255 1384 296 1420 in
335 1387 498 1431 aspectu
537 1384 649 1421 eius?
719 1382 830 1427 Quod
869 1387 996 1420 autem
1036 1382 1146 1420 dicit:
1191 1383 1393 1429 Dominus,
1420 1390 1464 1422 20

60 1452 174 1489 quem
204 1451 272 1479 vos
302 1442 508 1492 quaeritis,
540 1445 579 1479 et
604 1444 771 1488 anyelus
803 1442 1036 1488 testamenti,
1069 1452 1182 1488 quem
1215 1452 1282 1479 vos
1313 1443 1393 1479 vul-

61 1501 122 1545 tis,
155 1499 384 1549 significavit
409 1500 544 1549 utique
577 1500 691 1537 etiam
723 1499 886 1537 Iudaeos
919 1498 1134 1537 seeundum
1167 1500 1394 1550 scripturas,

61 1568 157 1607 quas
177 1556 322 1608 legunt,
349 1556 545 1595 Christum
573 1569 762 1607 quaerere
789 1563 827 1595 et
852 1556 960 1595 velle.
1007 1556 1081 1595 Sed
1109 1557 1220 1595 multi
1247 1569 1394 1609 eorum,

61 1627 177 1666 quem
215 1616 467 1665 quaesierunt
506 1620 544 1653 et
582 1615 807 1666 voluerunt,
850 1616 999 1652 venisse
1032 1626 1110 1652 non
1143 1620 1395 1667 agnoverunt,

62 1674 256 1711 excaecati
299 1675 338 1711 in
384 1672 566 1711 cordibus
611 1674 691 1711 suis
735 1672 1062 1723 praecedentibus
1106 1674 1257 1711 meritis
1302 1674 1393 1711 suis.
1422 1681 1465 1712 25

63 1731 175 1776 Quod
215 1742 307 1769 sane
339 1730 401 1769 hic
434 1733 607 1769 nominat
639 1735 933 1782 testamentum,
965 1731 1025 1768 vel
1058 1743 1196 1782 supra,
1227 1730 1295 1769 uhi
1326 1732 1395 1770 ait:

66 1788 353 1828 Testamentum
384 1799 511 1827 meum
543 1794 633 1827 erat
664 1801 752 1827 eum
784 1801 844 1837 eo,
877 1788 936 1827 vel
967 1788 1048 1840 hic,
1080 1787 1147 1827 ubi
1180 1800 1268 1827 eum
1301 1789 1397 1827 dixit

62 1847 239 1897 angelum
261 1849 494 1899 testamenti,
520 1859 660 1885 novum
682 1846 819 1898 procul
839 1846 956 1885 dubio
983 1852 1259 1885 testamentum
1280 1842 1394 1885 debe-

62 1917 148 1944 mus
180 1906 375 1957 accipere,
407 1904 473 1943 ubi
506 1907 761 1957 sempiterna,
794 1917 869 1943 non
904 1911 1033 1957 vetus,
1071 1905 1138 1943 uhi
1170 1905 1395 1955 temporalia

62 1969 152 2002 sunt
170 1964 378 2014 promissa3
399 1975 497 2014 quae
522 1976 593 2014 pro
616 1975 753 2014 magno
774 1962 961 2001 hahentes
993 1963 1150 2014 plurimi
1182 1964 1325 2001 infirmi
1358 1969 1396 2002 et
1421 1972 1466 2003 30

62 2020 141 2060 Deo
167 2033 259 2059 vero
286 2021 420 2060 talium
446 2034 579 2060 rerum
614 2021 794 2060 mercede
822 2023 1047 2073 servientes,
1080 2021 1233 2071 quando
1265 2021 1397 2060 vident

64 2081 120 2117 eis
151 2081 291 2130 impios
317 2079 528 2131 abundare,
560 2079 781 2118 turbantur.
840 2079 1007 2130 Propter
1039 2079 1141 2129 quod
1174 2079 1275 2117 idem
1307 2091 1395 2130 pro-

155 2170 191 2211 2)
217 2167 301 2202 Mal.
329 2171 361 2211 2,
388 2171 408 2202 5
435 2179 502 2211 sqq
564 2169 620 2212 13)
647 2168 697 2203 lb.
726 2173 757 2212 3,
786 2173 803 2202 1
833 2180 885 2212 sq.
935 2170 992 2211 17)
1018 2169 1067 2203 Io.
1095 2172 1127 2210 2,
1154 2171 1207 2202 19.

102 2300 175 2377 'bt2
203 2296 338 2340 omnip.
365 2294 433 2329 Dei
457 2306 477 2329 v
514 2296 526 2339 ΙΙ
564 2299 584 2330 5
610 2296 662 2331 sic
687 2296 780 2339 RA,·
812 2295 862 2330 sie
888 2297 925 2330 et
951 2307 970 2330 v
1002 2297 1013 2339 Η
1044 2297 1064 2329 8
1090 2295 1235 2329 mittam
1262 2295 1394 2341 RAey;

63 2354 112 2377 mi
148 2354 168 2378 0
194 2353 213 2378 v
