1548 2562
452 181 504 205 DE
525 180 713 205 CIVITATE
733 180 802 205 DEI
822 180 854 205 L.
874 180 954 205 XXI.
975 179 1004 205 c.
1024 181 1065 205 27.
1334 171 1417 212 551

90 270 360 320 frequentatur
405 280 471 306 ore
517 268 753 320 Christiano,
798 280 886 310 cum
926 280 967 306 se
1009 270 1149 319 cuique
1195 274 1418 307 sanctorum

89 327 245 365 humilis
278 328 441 377 quisque
481 326 724 365 commendat
762 332 800 364 et
831 326 940 365 dicit:
976 326 1155 379 „Memor
1187 328 1262 365 mei
1295 323 1419 378 esto“‚

90 391 204 436 atque
248 384 286 423 id
330 391 373 423 ut
413 397 498 423 esse
540 386 663 436 possit
702 384 961 435 promerendo
1004 381 1154 437 efficit.)
1217 384 1294 423 Sed
1332 386 1418 436 quis

89 445 162 482 iste
195 444 244 481 sit
275 443 434 495 modus,
466 448 504 481 et
536 455 633 493 quae
665 444 744 481 sint
773 444 856 494 ipsa
886 448 1055 494 peccata,
1088 455 1184 494 quae
1217 445 1269 482 ita
1300 444 1418 494 impe·

89 501 201 540 diunt
231 502 525 552 perventionem
563 501 609 539 ad
641 513 806 551 regnum
837 500 924 552 Dei,
960 506 1004 540 ut
1035 507 1164 539 tamen
1197 507 1420 540 sanctorum

89 561 303 598 amicorum
335 561 483 598 meritis
510 561 708 610 inpetrent
739 559 1030 611 indulgentiam,
1061 559 1330 598 difficillimum
1363 567 1422 599 est

89 619 281 669 invenire,
319 617 694 668 periculosissimum
732 617 905 656 definire.
966 616 1047 668 Ego
1080 623 1185 656 certe
1218 630 1342 669 usque
1375 618 1421 657 ad

88 676 161 714 hoc
206 681 359 726 tempus
403 687 492 714 cum
535 675 623 714 inde
669 682 883 726 satagerem
933 676 979 714 ad
1023 688 1159 715 eorum
1202 676 1422 727 indaginem

89 735 293 785 pervenire
339 746 417 772 non
460 735 581 785 potui.
642 733 691 772 Et
732 735 908 773 fortassis
949 739 1157 785 propterea
1197 734 1333 786 latent,
1373 747 1420 774 ne

90 792 263 831 studium
300 792 528 843 proficiendi
566 792 613 830 ad
654 794 782 830 omnia
820 792 987 831 cavenda
1025 798 1183 843 peccata
1214 795 1419 844 pigrescat.

90 850 281 895 Quoniam
325 852 357 888 si
396 852 591 889 scirentur
629 863 726 901 quae
767 850 826 889 vel
867 851 992 902 qualia
1032 853 1110 890 sint
1150 851 1309 903 delicta,
1350 863 1420 902 pro

91 908 232 959 quibus
271 910 386 946 etiam
424 909 743 959 permanentibus
782 921 854 947 nec
892 915 1079 960 provectu
1118 911 1216 948 vitae
1250 909 1421 948 melioris

89 966 305 1017 absumptis
330 968 560 1005 intercessio
587 968 636 1005 sit
662 967 892 1017 inquirenda
926 973 963 1005 et
995 967 1184 1018 speranda
1216 969 1421 1019 iustorum,

91 1027 146 1063 eis
179 1036 316 1063 secura
349 1037 389 1063 se
422 1024 644 1063 obvolveret
676 1025 842 1063 humana
874 1027 1049 1077 segnitia,
1081 1038 1152 1064 nec
1186 1025 1307 1064 evolvi
1340 1026 1421 1064 tali-

89 1082 163 1121 bus
195 1082 491 1133 implicamentis
524 1083 639 1121 ullius
679 1084 833 1121 virtutis
865 1083 1110 1134 expeditione
1143 1089 1316 1136 curaret,
1355 1084 1422 1123 sed

90 1141 356 1179 tantummodo
415 1146 624 1191 quaereret
672 1141 835 1180 aliorum
891 1143 1040 1181 meritis
1090 1142 1268 1194 liberari,
1326 1155 1423 1193 quos

91 1200 234 1237 amicos
273 1198 345 1237 sibi
382 1199 428 1237 de
468 1211 682 1237 mammona
721 1201 936 1250 iniquitatis
970 1200 1279 1251 elemosynarum
1310 1200 1422 1251 largi-

96 1263 172 1295 tate
212 1257 378 1295 fecisset.
440 1256 551 1295 Nunc
583 1269 673 1295 vero
712 1258 804 1296 dum
836 1258 994 1296 venialis
1025 1260 1259 1310 iniquitatis,
1292 1260 1422 1297 etiam-

92 1316 124 1353 si
167 1320 409 1367 perseveret,
446 1317 648 1365 ignoratur
686 1316 842 1367 modus,
885 1317 1060 1367 profecto
1098 1322 1137 1354 et
1174 1317 1346 1355 studium
1384 1319 1423 1355 in

90 1372 250 1411 meliora
281 1373 509 1423 proficiendi
546 1373 692 1411 orando
732 1379 769 1412 et
801 1374 980 1413 instando
1013 1374 1232 1425 vigilantIus
1266 1374 1420 1412 adhibe·
1449 1391 1456 1397 ·

91 1437 155 1469 tur
197 1437 235 1469 et
272 1431 437 1469 faciendi
483 1431 529 1469 de
568 1443 784 1470 mammona
824 1433 1040 1482 iniquitatis
1079 1438 1234 1471 sanctos
1280 1434 1423 1471 amicos

91 1501 185 1527 cura
216 1501 293 1527 non
326 1491 533 1539 spernitur.

209 1546 351 1585 Verum
395 1549 467 1585 ista
505 1547 701 1600 liberatio,
745 1560 842 1598 quae
882 1549 923 1586 fit
960 1550 1040 1586 sive
1079 1550 1159 1587 suis
1200 1548 1422 1600 quibusque

92 1605 332 1643 orationihus
376 1606 455 1643 sive
500 1605 834 1645 intercedentibus
878 1608 1046 1658 sanctis,
1095 1606 1133 1644 id
1178 1608 1254 1656 agit
1299 1614 1340 1645 ut
1384 1609 1423 1645 in

91 1665 219 1714 ignem
248 1665 412 1714 quisque
439 1675 513 1701 non
542 1665 718 1702 mittatur
744 1670 957 1716 aeternum,
990 1676 1068 1703 non
1099 1670 1155 1716 ut,
1187 1677 1275 1702 cum
1308 1665 1424 1703 suerit
1451 1680 1458 1687 .

90 1723 246 1769 missus,
271 1727 359 1772 post
385 1728 741 1773 quantumcumque
769 1722 857 1761 inde
879 1728 1032 1773 tempus
1054 1728 1224 1761 eruatur.
1264 1722 1359 1761 Nam
1387 1729 1424 1762 et

91 1779 157 1831 illi,
190 1781 256 1830 qui
288 1785 426 1830 putant
457 1781 512 1818 sic
543 1780 846 1831 intellegendum
879 1792 964 1819 esse
997 1780 1100 1831 quod
1133 1782 1321 1831 scriptum
1355 1787 1424 1833 est,

92 1837 245 1875 adferre
283 1842 427 1876 terram
465 1837 605 1876 honam
642 1838 803 1877 uberem
842 1840 1031 1891 fructum,
1069 1839 1179 1877 aliam
1218 1841 1423 1891 tricenum,

92 1895 203 1934 aliam
237 1907 488 1947 sexagenum,
521 1896 632 1935 aliam
664 1903 890 1950 centenum,
930 1903 974 1936 ut
1006 1899 1128 1935 sancti
1158 1909 1229 1948 pro
1262 1909 1423 1935 suorum

92 1953 313 1992 diversitate
354 1955 583 1993 meritorum
624 1954 686 1993 alii
725 1956 896 1994 tricenos
927 1955 1104 1994 homines
1136 1955 1322 2007 liberent,
1361 1955 1423 1993 alii

92 2023 321 2064 sexagenos,
360 2012 422 2050 alii
461 2018 664 2064 centenos,
705 2013 777 2052 hoc
815 2015 854 2052 in
893 2014 953 2052 die
986 2014 1119 2051 iudicii
1152 2014 1328 2052 futurum
1361 2025 1422 2052 su-

186 2114 242 2155 29)
269 2113 332 2146 Mt.
365 2117 415 2152 13,
443 2117 472 2147 8.

187 2246 228 2275 12
254 2244 431 2285 prouectu
456 2240 529 2275 RA
553 2242 634 2283 (vol.
663 2242 700 2283 I,
725 2245 808 2283 479,
833 2245 890 2285 9),·
916 2241 1084 2286 profectu
1108 2253 1128 2276 v
1147 2243 1158 2285 Ι]
1181 2246 1223 2275 14
1249 2241 1422 2286 segnities

91 2297 111 2321 v
131 2288 142 2331 ΙΙ
160 2287 263 2321 uolui
276 2287 365 2322 R¹A
384 2289 395 2331 ΙΙ
417 2291 459 2322 17
480 2288 651 2332 largitate
671 2298 740 2323 mss
758 2290 857 2330 (550,
872 2292 953 2332 15),·
972 2288 1168 2333 largitione
1188 2299 1207 2322 v
1227 2289 1238 2332 ΙΙ
1258 2292 1302 2323 20
1317 2299 1421 2323 oran-

91 2333 137 2368 do
164 2335 201 2368 et
224 2333 307 2368 inst.
334 2344 425 2375 mss,·
452 2334 610 2369 orationi
634 2334 717 2369 inst.
744 2345 763 2368 v

1447 510 1466 539 251

1448 801 1490 832 10

1452 1093 1492 1122 15

1450 1964 1493 1994 30
