1611 2465
168 48 253 90 254
703 57 729 83 s.
750 57 966 83 Atssccs'nm

169 159 348 186 eversum
388 147 533 198 fuerat,
572 147 818 195 instauravit3
858 152 896 184 et
934 147 1107 197 quamvis
1145 146 1303 197 plurimi
1342 147 1426 186 eius
1464 149 1503 186 in

168 205 471 256 alienigenarum
504 205 691 255 degerent
723 206 850 255 terris,
883 216 959 242 non
992 203 1126 243 habuit
1158 211 1285 244 tamen
1320 205 1505 257 deinceps

168 264 263 303 duas
302 265 413 314 regni
451 269 582 314 partes
623 269 662 301 et
700 262 797 301 duos
836 263 1010 301 diversos
1048 265 1087 302 in
1126 263 1288 314 singulis
1326 263 1504 315 partibus

169 335 298 374 reges3
331 322 397 360 sed
425 324 464 360 in
492 321 734 360 Hierusalem
761 322 944 373 princeps
971 333 1107 361 eorum
1133 328 1217 361 erat
1242 334 1356 374 unus,
1388 328 1503 374 atque

122 390 140 417 3
169 381 213 419 ad
247 381 315 419 Dei
348 380 555 431 templum,
589 380 691 430 quod
725 379 778 418 ibi
810 386 903 431 erat,
936 392 1070 419 omnes
1104 380 1295 432 undique,
1328 381 1503 420 ubicum-

170 451 243 489 que
286 445 417 477 essent
458 445 497 477 et
539 438 810 489 undecumque
853 444 1032 491 possent,
1076 451 1146 490 per
1185 445 1290 477 certa
1331 446 1504 491 tempora

169 497 383 535 veniebant.
456 496 531 535 Sed
577 509 648 536 nec
693 503 785 535 tunc
831 498 886 535 eis
931 497 1062 536 hostes
1107 510 1152 536 ex
1198 497 1280 535 aliis
1324 497 1505 549 gentibus

169 561 533 606 expugnatoresque
578 555 805 605 desum-unu
850 567 938 594 nam
976 558 1091 594 etiam
1129 555 1392 596 Romanorum
1430 558 1505 595 iam

171 613 394 652 tributarios
428 626 494 653 eos
527 613 705 653 Christus
739 615 894 653 invenit.

101 787 142 817 10
662 773 818 818 CAPUT
842 773 996 817 XXIV.

1590 376 1608 447 ,ξ

1590 472 1607 787 ἰ

170 861 228 900 De
249 862 465 910 prophetes,
498 862 568 909 qui
599 862 660 900 vel
688 861 800 910 apud
824 860 995 899 Iudaeos
1015 862 1210 909 postremi
1236 860 1415 908 fuerunt,
1447 863 1509 899 vel
1596 831 1607 915 ἒ

275 931 371 968 quos
403 922 519 958 circa
551 924 701 969 tempus
732 921 952 957 maluimus
989 919 1138 958 Christi
1167 921 1400 968 evangelica
1596 918 1606 939 ⁸

658 979 797 1026 prodit
826 979 1006 1016 historia.

288 1059 385 1098 Toto
412 1065 542 1098 autem
573 1058 638 1097 illo
671 1064 858 1111 tempore,
890 1071 936 1098 ex
967 1071 1044 1110 quo
1078 1058 1280 1098 redierunt
1311 1060 1358 1098 de
1385 1059 1504 1111 Baby-

102 1126 143 1156 15
170 1118 290 1169 lonia,
330 1124 418 1169 post
449 1116 697 1169 Malachiam,
737 1118 932 1168 Aggaeum
965 1123 1004 1156 et
1036 1116 1280 1170 Zachariam,
1313 1119 1379 1168 qui
1411 1124 1504 1157 tune

170 1176 520 1228 prophetaverunt,
559 1181 597 1213 et
628 1175 792 1214 Esdram
824 1187 900 1214 non
939 1175 1162 1214 habuerunt
1198 1176 1408 1227 prophetas
1440 1188 1503 1215 us-

171 1247 246 1286 que
281 1234 325 1273 ad
355 1234 564 1273 Salvatoris
596 1233 816 1286 adventum,
848 1235 922 1272 nisi
954 1233 1072 1273 alium
1097 1233 1321 1273 Zachariam
1351 1241 1504 1285 patrem

170 1293 351 1332 Iohannis
384 1299 422 1332 et
453 1291 651 1331 Elisabeth
689 1293 773 1331 eius
805 1304 984 1345 uxorem,
1023 1291 1168 1331 Christi
1199 1294 1397 1332 nativitate
1429 1295 1504 1332 iam

170 1354 362 1403 proxima,
403 1357 442 1390 et
473 1363 519 1389 eo
551 1352 626 1390 iam
658 1356 748 1389 nato
782 1350 1002 1390 Simeonem
1036 1362 1169 1390 senem
1203 1357 1241 1390 et
1272 1352 1420 1390 Annam
1451 1353 1503 1390 vi·

101 1419 144 1450 20
170 1411 286 1449 (luam
311 1412 464 1461 iamque
491 1408 745 1460 grandaevam
773 1416 810 1448 et
836 1411 964 1460 ipsum
990 1409 1200 1448 Iohannem
1232 1411 1503 1462 novissimum3

171 1471 236 1521 qui
274 1470 424 1507 iuvenis
462 1470 537 1507 iam
574 1469 753 1506 iuvenem
786 1467 982 1507 Christum
1022 1480 1099 1506 non
1139 1468 1294 1519 quidem
1328 1469 1504 1508 futurum

170 1527 381 1579 praedixit,
431 1526 498 1565 sed
549 1532 677 1565 tamen
727 1528 968 1577 incognitum
1013 1526 1240 1578 prophetica
1283 1528 1503 1578 cognitione

170 1587 417 1638 monstravit3
456 1591 616 1637 propter
649 1584 752 1635 quod
785 1586 867 1636 ipse
900 1584 1087 1624 Dominus
1119 1586 1188 1624 ait:
1227 1585 1314 1625 Lex
1345 1591 1382 1625 et
1408 1597 1502 1635 pro—

165 1647 312 1694 phetae
348 1656 472 1692 usque
510 1645 566 1683 ad
603 1644 830 1683 Iohannem.
894 1643 969 1682 Sed
1008 1645 1172 1683 istorum
1211 1645 1382 1695 quinque
1414 1655 1503 1695 pro·

101 1712 143 1742 25
170 1703 340 1755 phetatio
385 1715 431 1741 ex
476 1701 672 1753 evangelio
711 1701 822 1740 nohis
861 1709 950 1741 nota
989 1708 1065 1754 est,
1103 1701 1170 1741 ubi
1208 1708 1246 1741 et
1282 1704 1364 1753 ipsa
1396 1703 1505 1753 virgo

171 1767 293 1800 mater
325 1760 479 1799 Domini
510 1767 597 1799 ante
630 1759 839 1799 Iohannem
872 1760 1125 1812 prophetasse
1156 1762 1363 1800 invenitur.
1427 1759 1503 1799 Sed

169 1819 268 1858 hanc
305 1821 472 1858 istorum
509 1818 752 1870 prophetiam
797 1818 926 1858 ludaei
965 1815 1131 1872 lreprohi
1170 1830 1247 1857 non
1290 1820 1503 1870 accipiunt3

170 1884 408 1929 acceperunt
450 1883 600 1930 autem,
650 1878 716 1927 qui
765 1889 811 1915 ex
856 1879 912 1916 eis
955 1875 1259 1916 innumerabiles
1304 1876 1502 1928 evangelio

171 1936 433 1975 crediderunt.
496 1935 606 1974 Tunc
644 1936 747 1973 enim
788 1947 874 1974 vere
914 1934 1033 1974 Israel
1071 1935 1217 1973 divisus
1257 1941 1317 1973 est
1354 1936 1394 1974 in
1426 1934 1502 1974 duo

100 2004 144 2033 30
172 1994 359 2033 divisione
397 1993 477 2046 illa,
516 2005 614 2045 quae
652 2005 722 2045 per
756 1993 973 2033 Samuelem
1010 1992 1239 2045 prophetam
1279 1991 1384 2033 Sauli
1421 1994 1505 2045 regi

265 2097 322 2139 24)
349 2094 413 2129 Mt:
443 2099 496 2137 11,
524 2097 577 2130 13.

265 2227 307 2256 25
335 2222 412 2267 ubi]
441 2223 481 2256 ut
504 2220 540 2255 R
