1495 2489
43 87 94 126 12
193 99 218 127 ·.
594 94 622 121 s.
643 95 832 122 Acesnm

38 185 185 235 adpetit
221 190 260 222 et
304 196 459 222 carnem
503 183 708 222 carnaliter
752 184 866 236 sugit,
910 186 1091 235 quoniam
1128 185 1165 223 id
1203 186 1368 224 vanitate

38 245 156 281 sentit
181 242 359 290 humana,
392 254 469 281 non
495 244 657 280 veritate
683 242 821 281 divina.
882 242 967 281 Non
1000 243 1155 294 quidem
1180 243 1369 282 Platonici

38 303 139 340 sicut
170 301 384 339 Manichaei
415 300 629 351 desipiunt,
663 306 705 339 ut
736 306 930 352 tamquam
963 302 1051 340 mali
1083 308 1259 340 naturam
1290 308 1367 341 ter·

38 372 130 398 rena
167 372 331 410 corpora
374 359 635 411 detestentur,
676 371 764 398 cum
808 362 935 398 omnia
974 360 1182 412 elementa,
1226 360 1368 412 quibus

0 429 11 457 5
38 421 111 457 iste
139 418 306 457 mundus
332 418 492 456 visibilis
519 417 884 469 contrectabilisque
918 425 1142 470 compactus
1174 425 1244 470 est,
1277 431 1367 470 qua-

37 477 242 528 litatesque
281 489 416 515 eorum
455 476 534 514 Deo
574 477 712 515 artifici
750 477 938 529 tribuant3
984 490 1119 516 verum
1155 483 1284 516 tamen
1323 490 1369 516 ex

38 537 205 574 terrenis
238 535 400 574 artubus
432 534 751 586 moribundisque
784 536 970 575 membris
1002 538 1057 574 sic
1090 536 1190 574 affici
1221 538 1368 574 animas

38 596 258 646 opinantur,
289 600 334 633 ut
358 594 448 632 hinc
475 595 530 632 eis
563 595 640 632 sint
672 593 796 632 morbi
828 595 1083 645 cupiditatum
1115 600 1154 633 et
1184 597 1369 633 timorum

38 659 77 692 et
114 653 280 691 laetitiae
321 654 400 691 sive
440 654 637 703 tristitiae3
676 652 817 703 quibus
859 659 1042 703 quattuor
1073 653 1132 691 vel
1162 653 1366 704 perturba-

0 721 10 750 )
38 711 227 764 tionibus,
269 717 312 750 ut
343 710 479 750 Cicero
512 710 694 763 appellat,
734 711 791 749 vel
822 711 1086 763 passionibus,
1118 717 1161 750 ut
1192 711 1368 762 plerique

37 770 198 809 verbum
239 782 258 808 e
302 770 420 808 verbo
465 769 611 807 Graeco
656 771 898 822 exprimunt,
942 772 1066 808 omnis
1110 770 1369 808 humanorum

39 841 192 867 morum
229 830 417 867 vitiositas
456 829 689 866 continetur.
752 828 862 874 Quod
903 830 936 867 si
973 830 1024 867 ita
1060 834 1136 881 est,
1177 828 1270 879 quid
1311 834 1371 867 est

39 887 141 938 quod
173 888 322 925 Aeneas
354 886 454 938 apud
487 886 717 938 Vergilium,
750 899 838 925 cum
871 887 1042 926 audisset
1073 899 1093 925 a
1125 892 1235 938 patre
1267 887 1369 938 apud

38 947 185 984 inferos
218 947 364 984 animas
396 957 534 983 rursus
566 945 612 983 ad
645 957 808 996 corpora
840 945 1052 998 redituras,
1089 945 1188 984 hanc
1220 947 1368 997 opinio—

0 1012 10 1043 ¹)
37 1017 125 1043 nem
158 1006 321 1042 miratur
354 1004 589 1042 exclamans:

155 1086 186 1125 O
218 1089 344 1136 pater,
375 1099 476 1124 anne
508 1087 660 1135 aliquas
692 1087 741 1124 ad
773 1088 923 1124 caelum
956 1087 1045 1125 hinc
1075 1088 1132 1125 ire
1162 1089 1304 1135 putan-

1067 1146 1160 1183 dum
1191 1147 1253 1183 est

155 1203 350 1242 Sublimes
383 1204 532 1241 animas
564 1204 786 1252 iterumque
817 1205 865 1242 ad
896 1204 1011 1241 tarda
1041 1204 1188 1242 reverti

155 1262 354 1311 Corpora?
388 1261 495 1306 Quae
526 1262 624 1300 lucis
657 1263 809 1300 miseris
844 1266 925 1300 tam
956 1264 1041 1301 dira
1072 1262 1238 1311 cupido?

0 1343 325 1394 >Numquidnam
362 1343 456 1381 haec
495 1348 573 1381 tam
613 1343 695 1381 dira
737 1343 876 1394 cupido
915 1356 962 1382 ex
999 1345 1167 1382 terrenis
1206 1343 1368 1382 artubus

36 1402 358 1452 moribundisque
396 1400 582 1439 membris
621 1401 745 1440 adhuc
783 1403 884 1440 inest
921 1403 1136 1440 animarum
1174 1399 1228 1440 illi
1258 1413 1368 1453 prae-

37 1461 294 1499 dicatissimae
327 1458 515 1511 puritati?
553 1459 688 1498 Nonne
721 1459 767 1498 ab
800 1460 915 1498 huius
947 1460 1050 1499 modi
1082 1462 1294 1513 corporeis,
1326 1466 1371 1499 ut

37 1519 147 1571 dicit,
184 1518 361 1570 pestibus
401 1517 581 1556 omnibus
620 1530 683 1556 eas
721 1520 861 1557 asserit
906 1531 991 1557 esse
1029 1525 1232 1569 purgatas,
1276 1530 1366 1557 cum

37 1589 175 1616 rursus
206 1578 398 1628 incipiunt
424 1578 463 1614 in
496 1589 658 1627 corpora
690 1577 785 1615 velle
818 1574 990 1615 reverti?
1022 1576 1130 1615 Unde
1164 1577 1370 1629 colligitur,

0 1644 11 1674 3
39 1638 190 1674 etiamsi
220 1637 273 1674 ita
305 1647 346 1673 se
378 1634 557 1686 haberet,
596 1635 699 1685 quod
731 1641 791 1674 est
822 1637 978 1673 omnino
1011 1637 1278 1687 vanissimum,
1316 1637 1368 1673 vi-

37 1696 168 1733 cissim
207 1694 402 1732 alternans
440 1693 724 1732 incessabiliter
763 1696 939 1732 euntium
972 1699 1087 1744 atque
1119 1693 1369 1732 redeuntium

37 1755 252 1791 animarum
284 1751 484 1790 mundatio
523 1758 561 1790 et
592 1753 825 1803 inquinatio,
863 1764 941 1790 non
972 1754 1146 1803 potuisse
1178 1753 1369 1790 veraciter

37 1811 113 1849 dici
145 1822 279 1849 omnes
318 1809 528 1860 culpabiles
569 1815 682 1860 atque
715 1812 874 1848 vitiosos
905 1816 1034 1848 motus
1066 1811 1281 1852 animarum
1313 1811 1369 1848 eis

38 1881 84 1907 ex
125 1870 293 1907 terrenis
335 1867 565 1919 corporibus
606 1868 843 1919 inolescere,
883 1870 916 1906 si
957 1868 1112 1918 quidem
1153 1868 1369 1907 secundum

0 1936 12 1967 J
38 1929 143 1978 ipsos
176 1927 257 1979 illa,
294 1932 338 1965 ut
368 1926 520 1964 locutor
552 1925 691 1964 nobilis
723 1928 791 1977 ait,
829 1926 912 1964 dira
944 1926 1084 1977 cupIdo
1116 1938 1240 1976 usque
1273 1925 1368 1964 adeo

37 1998 115 2024 non
147 1991 206 2023 est
237 1997 283 2023 ex
311 1997 486 2036 corpore,
519 1989 562 2022 ut
593 1983 639 2021 ab
672 1986 776 2022 omni
808 1996 995 2035 corporea
1027 1990 1135 2035 peste
1167 1990 1368 2035 purgatam

38 2050 77 2083 et
120 2050 228 2082 extra
270 2055 383 2081 omne
426 2054 568 2093 corpus
615 2044 780 2080 animam
823 2045 1073 2081 constitutam
1116 2044 1239 2094 ipsam
1282 2054 1367 2081 esse

134 2135 190 2176 10>
218 2132 323 2166 Tuse.
350 2135 384 2175 4,
411 2136 442 2166 6.
495 2133 552 2175 19)
577 2132 665 2166 Aen.
695 2136 729 2174 6,
755 2134 820 2166 719
847 2142 923 2176 sqq.

92 2270 104 2281 ·
131 2264 174 2295 32
201 2261 238 2294 el:
260 2270 324 2295 om.
360 2259 393 2293 V
