1548 2562
423 185 475 210 DE
492 184 681 210 CIVITATE
701 186 769 210 DEI
788 186 821 210 L.
840 186 954 210 xvm.
975 186 1004 211 c.
1024 187 1066 211 28.
1339 176 1424 217 293

89 273 139 311 Et
175 275 264 324 quia
303 275 385 323 ipse
427 285 581 323 quoque
623 273 790 323 populus
823 275 997 324 gentium
1033 274 1260 324 spiritaliter
1293 280 1352 313 est
1383 277 1422 312 in

90 331 177 369 filiis
208 331 381 369 Abrahae
419 343 462 369 ac
499 343 571 381 per
609 331 682 368 hoc
726 337 832 369 recte
865 332 1007 370 dicitur
1040 331 1177 383 Israel,
1215 338 1423 383 propterea

90 391 267 439 sequitur
303 394 343 427 et
380 389 490 427 dicit:
534 389 585 427 Et
624 392 981 437 eonyreqabuntur
1015 392 1096 437 filii
1133 391 1237 429 Iuda
1276 396 1314 429 et
1346 393 1426 438 filii

91 448 223 486 Israel
251 449 291 485 in
325 449 368 485 id
397 450 542 496 ipsum,
576 452 615 485 et
641 453 791 496 ponent
820 450 900 486 sibi
924 451 1200 497 principatum
1232 461 1354 487 unum
1386 455 1424 488 et

89 507 308 544 ascendent
332 518 356 543 a
389 510 513 543 terra.
575 504 657 543 Hoc
689 507 721 543 si
753 506 878 544 adhuc
910 506 1075 544 velimus
1108 519 1315 558 exponere,
1347 508 1423 546 elo·
1450 516 1469 545 5

89 564 170 613 quii
201 563 419 613 prophetici
457 562 697 601 obtundetur
738 575 862 614 sapor.
925 564 1135 603 Recolatur
1166 570 1295 603 tamen
1327 565 1422 616 lapis

88 621 151 659 ille
183 621 376 671 angularis
413 626 452 659 et
491 621 567 659 duo
598 623 787 674 parietes,
826 634 928 660 unus
961 635 1005 660 ex
1040 622 1209 675 ludaeis,
1249 623 1346 661 alter
1377 636 1423 662 ex

88 679 287 731 gentibus,
327 679 390 717 ille
423 681 577 717 nomine
611 679 778 718 filiorum
809 679 920 732 Iuda,
961 682 1034 719 iste
1068 683 1223 719 nomine
1255 681 1424 720 filiorum

88 737 224 789 Israel,
261 738 386 776 eidem
424 739 493 776 uni
529 739 765 789 principatui
806 750 876 776 suo
908 740 947 776 in
979 739 1017 777 id
1050 741 1179 790 ipsum
1211 741 1423 778 innitentes

88 801 126 834 et
163 796 418 834 ascendentes
455 801 715 846 agnoscantur
754 809 774 834 a
811 802 927 835 terra.
990 797 1089 835 Istos
1129 803 1256 836 autem
1290 810 1420 836 carna·
1451 807 1493 837 10

87 853 175 892 liter
218 853 435 905 1sraelitas,
479 856 545 904 qui
594 866 698 892 nunc
743 854 880 893 nolunt
924 855 1083 893 credere
1128 857 1167 893 in
1213 855 1423 908 Christum,

87 917 221 963 postea
254 912 485 963 credituros,
518 912 556 950 id
590 918 649 950 est
681 912 780 950 filios
812 925 947 951 eorum
980 909 1088 965 (nam
1121 915 1256 963 utique
1288 915 1352 952 isti
1384 916 1423 952 in

88 982 203 1008 suum
242 970 369 1008 locum
407 970 610 1008 moriendo
652 967 913 1023 transibunt),
950 971 1053 1008 idem
1086 971 1274 1021 propheta
1307 978 1422 1010 testa-

88 1034 153 1066 tur
184 1028 334 1067 dicens:
378 1029 573 1074 Quoniam
611 1030 748 1067 diebus
786 1031 917 1067 multis
948 1031 1140 1067 sedebunt
1181 1032 1260 1076 filii
1294 1031 1427 1069 Israel

87 1088 173 1124 sine
204 1098 309 1134 reqe,
340 1089 427 1124 sine
452 1088 658 1135 principe,
690 1089 775 1124 sine
806 1089 1022 1134 sacrificio,
1054 1090 1140 1126 sine
1171 1090 1305 1139 altari,
1337 1091 1423 1127 sine
1450 1096 1492 1126 15

87 1146 326 1190 sacerdotio,
357 1147 443 1182 sine
469 1144 866 1192 manifestationibus.
930 1145 1025 1190 Quis
1051 1157 1129 1183 non
1163 1146 1288 1184 videat
1319 1159 1423 1185 nuno

88 1203 144 1239 sic
195 1214 281 1240 esse
332 1199 524 1240 Iudaeos?
575 1202 649 1239 Sed
701 1203 793 1252 quid
844 1203 1048 1255 adiungat,
1098 1204 1310 1243 audiamus.
1373 1206 1425 1243 Et

83 1264 234 1308 postea,
266 1261 403 1311 inquit,
435 1265 689 1298 revertentur
717 1263 795 1306 lilii
825 1262 958 1299 Israel
987 1267 1025 1299 et
1056 1264 1260 1310 inquirent
1290 1264 1421 1302 Domi-

88 1329 182 1355 num
207 1319 333 1356 Deum
363 1329 478 1356 suum
509 1322 548 1356 et
572 1319 707 1356 David
736 1331 871 1367 reqem
901 1331 1025 1366 suum,
1058 1325 1096 1358 et
1125 1325 1350 1369 stupescent
1382 1324 1421 1360 in

88 1376 255 1414 Domino
295 1381 334 1414 et
374 1378 413 1413 in
451 1377 561 1414 bonis
601 1378 724 1425 ipsius
763 1379 803 1415 in
841 1380 1060 1415 nmissimis
1101 1380 1250 1417 diebus.
1319 1379 1421 1417 Nihil
1449 1389 1491 1419 20

89 1439 148 1471 est
188 1435 260 1471 ista
302 1433 506 1484 prophetia
546 1435 810 1486 manifestius,
852 1447 940 1473 cum
973 1435 1090 1474 David
1130 1438 1233 1487 legis
1266 1439 1421 1475 nomine

89 1492 328 1542 significatus
360 1491 598 1542 intellegitur
626 1492 816 1544 Christus,
849 1495 936 1543 quia
966 1493 1102 1542 faetus
1134 1500 1202 1543 est,
1236 1497 1337 1534 sicut
1368 1496 1421 1534 di—

89 1551 142 1587 cit
173 1549 382 1602 apostolus,
415 1562 467 1588 ex
497 1553 644 1588 semine
670 1552 804 1589 David
833 1554 1050 1589 secundum
1083 1564 1257 1591 earnem.
1308 1553 1422 1592 Prae-

90 1609 281 1646 nuntiavit
307 1609 380 1646 iste
406 1608 595 1658 propheta
623 1610 737 1648 etiam
764 1611 880 1647 tertio
906 1609 967 1647 die
996 1610 1140 1648 Christi
1165 1610 1421 1650 resurrectio-

89 1677 179 1703 nem
204 1666 388 1717 futuram,
420 1668 522 1704 sicut
548 1678 631 1704 eam
663 1667 890 1717 prophetica
922 1667 1124 1705 altitudine
1156 1671 1423 1719 praenuntiari
1449 1679 1491 1709 25

89 1724 304 1775 oportebat,
336 1723 402 1761 uhi
428 1725 496 1762 ait:
529 1725 701 1762 Sanabit
725 1737 794 1763 nos
814 1730 905 1774 post
936 1727 1109 1777 biduum,
1142 1729 1182 1764 in
1209 1729 1274 1765 die
1306 1730 1423 1766 tertio

88 1793 353 1829 resumemus.
418 1781 641 1820 Secundum
680 1783 752 1821 hoc
793 1785 895 1821 enim
937 1783 1049 1821 nobis
1081 1784 1173 1823 dicit
1205 1785 1423 1835 apostolus:

89 1840 135 1878 Si
159 1841 443 1878 resurrexistis
469 1852 558 1878 eum
590 1841 756 1888 Christo,
790 1854 893 1889 quae
916 1854 1074 1880 sursum
1105 1848 1197 1881 sunt
1228 1846 1421 1891 quaerite.

88 1897 203 1936 Amos
242 1910 397 1948 quoque
435 1898 481 1936 de
520 1898 638 1936 rebus
680 1899 820 1938 talibus
853 1901 908 1937 sic
940 1900 1164 1950 prophetat:
1198 1897 1451 1951 Praepara,'

88 1957 236 2008 inquit,
268 1961 321 2004 te,
353 1960 397 1994 ut
428 1958 584 1996 invoces
616 1958 741 1995 Deum
774 1963 882 1996 tuum
915 1959 1068 2003 Israel,·
1099 1961 1194 2006 quia
1227 1971 1320 1998 eece
1351 1972 1422 2008 eqo
1449 1970 1492 2000 30

85 2015 254 2059 firmans
299 2016 489 2052 tonitrum
533 2020 571 2053 et
614 2027 760 2054 ereans
798 2018 981 2065 spiritum
1022 2022 1061 2055 et
1099 2019 1344 2056 adnuntians
1382 2021 1422 2057 in

183 2092 219 2135 5)
241 2091 330 2125 Osee
352 2094 383 2133 1,
405 2095 459 2124 11.
498 2093 532 2133 8)
553 2091 645 2135 Eph.
667 2097 699 2135 2,
722 2097 774 2128 14.
826 2094 885 2136 20)
907 2093 998 2127 Osee
1024 2098 1057 2137 3,
1084 2097 1105 2127 4
1125 2105 1178 2137 sq.
1229 2094 1294 2137 23)
1318 2095 1421 2132 Rom.

92 2141 121 2179 1,
150 2142 181 2171 3.
232 2139 290 2181 27)
318 2137 410 2171 Osee
436 2141 468 2180 6,
494 2141 524 2171 2.
576 2138 797 2182 28)(101038.
825 2143 914 2182 3,1.

183 2241 301 2276 4sibi
326 2241 418 2282 RA,-
457 2242 604 2277 sibimet
628 2243 687 2277 Fv
712 2245 724 2287 Η
751 2248 769 2278 7
797 2243 867 2279 duo
893 2244 949 2278 illi
974 2256 1049 2288 par
1075 2256 1095 2279 v
1121 2246 1132 2289 ΙΙ
1160 2248 1200 2279 10
1228 2246 1422 2280 carnaliter

89 2286 293 2330 RAParr.
290 2301 296 2308 ·
321 2288 484 2323 carnales
510 2288 568 2324 Fv
588 2291 599 2333 ΙΙ
619 2293 662 2323 22
687 2290 925 2334 intellegatur
949 2302 968 2324 v
988 2293 999 2335 ΙΙ
1018 2291 1081 2334 qui
1105 2303 1125 2325 v
1144 2293 1156 2335 n
1175 2296 1216 2326 31
1245 2292 1421 2327 tonitrum

88 2333 124 2368 R
149 2334 266 2377 (Neue
291 2335 319 2368 Ι
335 2345 375 2378 p.
403 2337 476 2370 360
500 2336 624 2379 med)
648 2336 850 2371 tonitruum
875 2337 970 2371 AFv
