1611 2465
186 821 228 852 10

186 1114 225 1144 15

185 1406 227 1436 20

255 57 336 97 188
793 66 819 91 s.
839 66 1054 92 AUGUSTINI

253 156 358 207 ficio,
397 156 589 205 coniugali
628 157 712 193 iure
751 161 920 207 servato,
959 161 1001 194 ut
1033 168 1159 206 neque
1197 156 1270 195 hoc
1310 158 1471 209 faceret,
1509 159 1584 196 nisi

253 227 395 252 uxores
434 216 517 252 eius
557 214 594 251 id
633 214 716 251 fieri
754 213 1009 266 flagitassent,
1054 226 1149 264 quae
1195 218 1371 265 eorporis
1416 217 1486 253 viri
1523 218 1584 255 sui

252 273 446 311 habebant
489 272 699 321 legitimam
743 278 986 323 potestatem.
1059 272 1201 312 Genuit
1245 286 1336 324 ergo
1381 274 1584 313 duodecim

254 331 352 369 filios
386 337 424 369 et
456 343 572 369 unam
605 331 721 368 filiam
754 343 800 369 ex
833 336 1017 381 quattuor
1049 331 1287 370 mulieribus.
1350 332 1496 371 Deinde
1527 334 1583 371 in-

255 402 414 440 gressus
456 395 515 427 est
555 391 593 427 in
633 391 847 440 Aegyptum
888 402 959 440 per
1001 390 1119 428 filium
1161 403 1275 428 suum
1318 390 1474 443 loseph,
1518 393 1585 442 qui

253 448 432 486 venditus
465 447 512 485 ab
545 448 808 487 invidentibus
841 448 1027 487 fratribus
1060 461 1104 486 eo
1130 449 1345 500 perductus
1372 450 1443 488 suit
1469 455 1584 500 atque

251 506 396 545 ibidem
429 506 669 545 sublimatus.

734 643 888 686 CAPUT
919 644 1112 687 XXXIX.

261 732 372 777 Quae
404 733 510 768 ratio
533 729 693 778 feeerit,
724 735 769 767 ut
789 730 910 768 Iacob
932 732 1050 768 eciam
1073 731 1204 768 Israel
1222 734 1585 778 coynominaretur.

374 811 488 850 Iacob
515 817 645 849 autem
672 813 787 849 etiam
806 811 937 858 Israel,
970 813 1071 849 sicut
1095 811 1208 862 paulo
1236 818 1323 850 ante
1356 813 1446 864 dixi,
1479 826 1584 852 voca-

253 871 380 922 batur,
413 870 515 921 quod
550 882 690 908 nomen
728 871 848 919 magis
885 870 1053 920 populus
1086 882 1132 907 ex
1163 870 1228 908 illo
1260 879 1488 921 procreatus
1520 872 1585 910 ob-

253 931 380 968 tinuit.
451 928 532 966 Hoc
571 934 701 966 autem
739 941 880 966 nomen
919 928 972 966 illi
1010 928 1055 966 ab
1094 929 1229 979 angelo
1266 931 1479 980 inpositum
1517 937 1587 983 est,

254 990 320 1039 qui
358 1000 447 1026 curn
486 987 550 1025 illo
590 987 716 1024 suerat
754 989 793 1024 in
832 988 970 1025 itinere
1011 987 1056 1025 de
1089 987 1363 1038 Mesopotamia
1397 990 1584 1027 redeunte

254 1047 440 1097 luctatus,
478 1052 612 1096 typum
646 1045 789 1083 Christi
821 1046 1108 1083 evidentissime
1140 1059 1291 1096 gerens.
1353 1047 1448 1085 Nam
1482 1048 1584 1097 quod

254 1107 288 1143 ei
314 1104 528 1156 praevaluit
548 1104 673 1155 Iacob,
706 1105 841 1154 utique
869 1104 1022 1155 volenti,
1054 1110 1097 1142 ut
1129 1107 1356 1155 mysterium
1389 1108 1586 1158 figuraret,

254 1164 444 1214 signifieat
482 1164 701 1213 passionem
741 1162 901 1213 Christi,
947 1162 1013 1200 ubi
1052 1164 1121 1200 visi
1161 1169 1252 1201 sunt
1291 1165 1325 1201 ei
1363 1164 1584 1214 praevalere

253 1222 394 1260 Iudaei.
457 1221 505 1259 Et
536 1228 664 1259 tamen
699 1220 1008 1259 benedictionem
1041 1221 1086 1259 ab
1120 1222 1255 1259 eodem
1289 1223 1436 1274 angelo,
1468 1235 1584 1273 quem

255 1286 521 1331 superaverat,
567 1281 802 1330 impetravit,
846 1292 888 1317 ac
933 1281 988 1317 sic
1032 1280 1149 1318 huius
1193 1282 1360 1319 nominis
1402 1283 1584 1331 inpositio

254 1339 474 1377 benedictio
508 1339 590 1377 fuit.
636 1338 922 1388 Interpretatur
953 1345 1081 1376 autem
1109 1338 1227 1377 lsrael
1246 1339 1404 1391 „videns
1426 1337 1584 1392 Deum“,

255 1398 358 1448 quod
397 1399 472 1435 erit
509 1399 548 1435 in
587 1398 661 1434 tine
694 1398 909 1447 praemium
942 1403 1165 1435 sanctorum
1197 1399 1380 1436 omnium.
1442 1397 1585 1449 Tetigit

255 1468 372 1507 porro
410 1456 463 1493 illi
502 1456 604 1493 idem
642 1455 802 1505 angelus
841 1455 944 1493 velut
982 1455 1216 1506 praevalenti
1256 1456 1498 1494 latitudinem
1531 1457 1583 1495 se-

256 1517 373 1552 moris
411 1526 578 1564 eumque
618 1515 692 1551 isto
726 1514 838 1552 modo
872 1514 1049 1552 claudum
1088 1513 1267 1553 reddidit.
1329 1514 1423 1553 Erat
1454 1517 1584 1565 itaque

255 1586 356 1611 unus
396 1579 511 1623 atque
550 1572 650 1610 idem
690 1572 803 1610 Iacob
840 1579 878 1613 et
915 1572 1144 1611 benedictus
1177 1579 1214 1611 et
1246 1573 1423 1624 claudus;
1469 1573 1583 1611 bene-

255 1632 382 1670 dictus
413 1634 452 1669 in
486 1633 558 1681 eis,
591 1633 656 1681 qui
690 1633 728 1668 in
761 1630 956 1669 Christum
990 1644 1034 1669 ex
1069 1631 1205 1669 eodem
1236 1631 1378 1682 populo
1411 1632 1584 1670 eredide-

256 1696 366 1741 runt,
398 1697 511 1740 atque
545 1691 584 1727 in
617 1689 837 1727 infidelibus
869 1690 1041 1728 claudus.
1104 1690 1199 1728 Nam
1233 1690 1390 1728 semoris
1422 1690 1585 1729 latitudo

254 1750 409 1799 generis
446 1748 653 1786 multitudo
693 1754 761 1786 est.
824 1748 962 1786 Plures
1000 1750 1143 1799 quippe
1183 1755 1273 1786 sunt
1305 1750 1343 1786 in
1377 1761 1418 1786 ea
1452 1751 1585 1800 stirpe,

254 1808 300 1845 de
335 1806 476 1857 quibus
509 1806 736 1857 prophetice
768 1806 1011 1857 praedictum
1044 1814 1121 1845 est:
1165 1807 1217 1844 Et
1253 1809 1587 1845 claudicaverunt

254 1879 278 1904 a
310 1868 456 1904 semitis
487 1867 579 1903 suis.

348 1969 405 2010 22)
433 1966 520 2000 Gen.
549 1970 603 2008 32,
631 1969 684 1999 25,
737 1967 794 2008 28)
820 1965 876 1998 Ps.
906 1969 959 2008 17,
986 1969 1040 2000 46.

349 2123 368 2153 9
395 2118 525 2152 feeerit
551 2117 604 2159 F,·
632 2117 743 2151 fuerit
768 2128 786 2150 v
807 2119 818 2161 ΙΙ
840 2120 880 2151 18
907 2117 1014 2152 huius
1038 2127 1102 2151 om.
1130 2116 1165 2150 R,
