1495 2489
42 723 84 754 10

41 1015 82 1044 15

37 1981 81 2010 30

115 93 206 134 120
645 102 671 128 s.
691 102 910 130 Aucus'rnu

110 194 279 230 moniam
322 194 566 244 praeparavit
607 198 646 230 et
684 190 884 230 condidit?
935 192 1035 237 Quid
1073 199 1133 231 est
1170 199 1320 243 autem,
1365 204 1440 242 quo

110 252 214 289 vesci
246 263 322 289 non
356 257 514 301 cogeret
545 247 695 288 fames?
727 257 793 288 aut
825 250 916 300 quid
949 263 1026 288 non
1059 263 1173 289 suave
1206 262 1249 288 ac
1287 249 1440 288 salubre

110 310 237 348 faeere
270 315 402 359 posset
434 309 554 359 Deus,
587 310 653 358 qui
685 310 817 359 etiam,
855 314 899 346 ut
930 310 1012 347 sine
1045 308 1130 347 cibo
1163 310 1354 359 viverent,
1386 308 1440 346 di-

111 369 196 405 vina
229 367 410 405 facilitate
443 367 622 417 donaret,
666 368 740 404 nisi
773 372 815 404 ut
846 373 1101 417 pascerentur
1133 368 1248 405 etiam
1280 366 1353 404 hoc
1385 367 1441 403 in-

109 425 272 476 plendae
306 426 450 475 figurae
483 426 582 463 tanti
613 426 788 475 mysterii
820 422 1074 463 conveniret?
1117 424 1202 462 Non
1234 430 1365 462 autem
1396 424 1442 462 ad

109 483 444 534 praefigurandam
478 482 681 521 ecclesiam
714 484 911 533 pertinere
944 488 1020 520 tam
1052 482 1279 533 multiplicia
1310 494 1444 520 rerum

110 543 218 592 signa
250 547 459 592 gestarum,
490 542 566 578 nisi
597 541 715 579 suerit
746 542 1025 592 contentiosus,
1057 553 1171 579 nemo
1203 541 1444 591 permittitur

110 601 270 650 opinari.
350 598 430 637 Iam
479 600 582 637 enim
638 604 774 649 gentes
828 600 881 637 ita
930 598 1133 637 ecclesiam
1182 598 1445 650 repleverunt,

110 657 322 708 mundique
363 663 401 696 et
438 657 632 707 inmundi,
671 657 795 695 donec
833 663 985 695 certum
1024 658 1200 694 veniatur
1237 656 1283 694 ad
1315 657 1444 708 finem,

110 717 161 754 ita
199 717 283 754 eius
327 717 488 754 unitatis
533 715 697 766 quadam
735 716 960 765 compagine
1001 717 1273 765 continentur,
1319 720 1360 753 ut
1398 727 1444 752 ex

110 774 183 812 hoc
215 786 292 812 uno
327 774 641 812 manifestissimo
680 775 797 811 etiam
829 773 876 811 de
910 775 1069 824 ceteris,
1108 785 1205 823 quae
1238 772 1445 811 obscurius

109 832 306 883 aliquanto
340 832 439 870 dicta
467 838 559 870 sunt
590 838 628 870 et
659 831 854 869 difficilius
886 833 1043 881 agnosci
1075 837 1235 882 queunt,
1266 831 1444 870 dubitare

111 892 166 929 fas
204 903 283 928 non
321 892 382 928 sit.
444 890 549 935 Quae
590 902 679 928 cum
717 891 770 927 ita
809 891 903 940 sint,
943 888 1011 938 [si]
1055 901 1126 927 nec
1165 891 1334 928 inaniter
1371 891 1444 928 ista

110 961 196 987 esse
236 950 456 999 conscripta
500 955 638 999 putare
671 949 877 998 quisquam
909 947 968 985 vel
1000 947 1123 986 durus
1155 947 1332 999 audebit,
1372 960 1444 986 nec

111 1007 206 1045 nihil
232 1008 449 1057 significare
477 1019 566 1045 cum
598 1013 705 1057 gesta
738 1008 827 1057 sint,
860 1018 932 1044 nec
965 1005 1044 1044 sola
1077 1006 1177 1044 dicta
1209 1018 1296 1044 esse
1328 1007 1444 1056 signi—

109 1066 258 1103 ficativa
291 1077 367 1102 non
401 1066 512 1116 facta,
544 1077 615 1102 nec
647 1064 770 1102 aliena
802 1076 887 1102 esse
920 1063 966 1102 ab
1000 1064 1163 1102 ecclesia
1195 1064 1445 1114 significanda

110 1123 363 1174 probabiliter
395 1123 471 1161 dici
512 1128 657 1174 potest3
701 1123 769 1160 sed
802 1123 922 1173 magis
955 1122 1194 1160 credendum
1226 1127 1286 1160 est
1317 1128 1356 1161 et
1387 1134 1444 1160 sa-

108 1183 261 1232 pienter
293 1193 378 1219 esse
411 1182 619 1219 memoriae
651 1180 870 1230 litterisque
903 1181 1097 1227 mandata,
1137 1186 1176 1218 et
1207 1186 1315 1230 gesta
1347 1193 1445 1227 esse,

111 1246 149 1278 et
180 1240 398 1290 significare
431 1239 596 1290 aliquid,
628 1245 667 1277 et
697 1240 825 1289 ipsum
857 1239 1000 1288 aliquid
1032 1239 1078 1277 ad
1110 1239 1445 1289 praefigurandam

109 1297 313 1336 ecclesiam
354 1299 563 1348 pertinere.
625 1296 704 1335 Iam
744 1309 867 1347 usque
906 1297 951 1335 ad
984 1296 1087 1335 huuc
1120 1296 1325 1335 articulum
1356 1310 1441 1348 per-

109 1356 251 1394 ductus
289 1355 386 1393 liber
424 1357 496 1394 iste
538 1355 776 1393 claudendus
819 1361 899 1406 est,
937 1363 980 1394 ut
1013 1355 1213 1393 ambarum
1246 1356 1443 1394 civitatum

109 1426 270 1465 cursus,
309 1420 487 1452 terrenae
528 1414 676 1451 scilicet
714 1413 929 1451 secundum
970 1413 1166 1451 hominem
1206 1414 1368 1451 viventis
1407 1419 1446 1452 et

109 1472 287 1510 caelestis
329 1472 544 1509 secundum
579 1471 721 1522 Deum,
764 1477 852 1522 post
894 1471 1079 1510 diluvium
1118 1477 1157 1510 et
1188 1471 1373 1523 deinceps
1404 1473 1444 1510 in

108 1530 227 1568 rebus
259 1529 592 1580 consequentibns
625 1531 858 1579 requiratur.

579 1724 801 1766 LIBER
837 1724 972 1766 XVI.

667 1840 820 1882 CAPUT
853 1840 885 1881 Ι.

157 1915 217 1952 An
242 1919 335 1963 post
367 1915 556 1952 diluvium
589 1926 614 1951 α
647 1914 729 1952 Noe
761 1926 884 1961 usque
916 1915 971 1951 ad
1001 1915 1205 1952 Abraham
1237 1918 1398 1963 αῐὶᾳηαε

217 1972 400 2020 familiae
424 1973 643 2010 secundum
670 1972 796 2010 Deum
822 1974 1033 2010 viventium
1058 1975 1328 2021 repertantur.

228 2041 321 2079 Post
359 2041 546 2079 diluvium
585 2042 856 2091 procurrentis
894 2047 1048 2079 sanctae
1088 2043 1246 2092 vestigia
1278 2044 1444 2082 civitatis

109 2106 241 2138 utrum
274 2100 499 2138 continuata
542 2100 619 2137 sint
656 2111 703 2137 an
741 2099 1096 2138 intercurrentibus
1135 2101 1343 2150 impietatis
1386 2102 1442 2139 in-

206 2217 220 2245 1
249 2210 456 2245 recondidit
482 2222 499 2244 z>
519 2212 531 2254 n
551 2221 622 2253 quo
657 2210 728 2250 Vv,·
760 2210 858 2254 quod
884 2210 998 2245 RAF
1022 2212 1060 2253 (l.
1088 2215 1141 2246 22
1168 2223 1194 2246 c.
1222 2216 1270 2247 12
1297 2224 1442 2248 vescen-

107 2259 154 2293 tis
180 2258 341 2292 humana.
365 2257 520 2300 viscera)
539 2259 550 2300 ΙΙ
573 2261 613 2290 12
641 2257 801 2291 dubitari
829 2269 846 2291 υ
866 2258 877 2301 ΙΙ
898 2262 939 2292 13
967 2257 997 2292 si
1022 2259 1087 2293 del.
1115 2259 1165 2293 ed.
1195 2259 1282 2294 Par.
