1611 2465
110 878 147 907 10

109 1171 148 1200 15

106 1463 148 1493 20

107 2046 148 2075 30

175 104 259 145 5152
695 113 722 138 s.
742 113 960 139 Auousmm

174 215 267 254 pora
306 215 394 241 cum
436 201 658 253 spiritibus,
697 201 905 240 daemones
943 207 1072 240 autem
1110 204 1271 254 spiritus
1309 205 1393 242 sine
1427 215 1510 242 cor-

173 261 335 313 poribus
373 261 579 299 haerentes
619 260 807 299 sumendo
845 272 1028 311 poenam,
1070 273 1147 299 non
1181 261 1426 312 inpertiendo
1459 263 1511 300 vi·

173 326 251 358 tam
300 319 568 370 corporalibus
616 318 781 369 ignibus.
849 318 957 357 Unus
1003 321 1144 370 qnippe
1189 321 1367 371 utrisque
1412 322 1512 371 ignis

174 381 259 430 erit,
292 380 393 416 sicut
427 377 575 416 Veritas
608 377 712 415 dixit.

719 526 870 569 CAPUT
903 527 974 568 XI.

214 615 274 652 An
305 615 381 652 hoc
412 615 517 651 ratio
551 614 726 651 iustitiae
756 613 915 659 habeat,
951 618 993 650 zet
1023 624 1099 651 non
1133 615 1213 651 sint
1243 614 1474 651 extensiora

299 683 522 721 poenarum
556 676 747 720 tempora,
779 682 896 718 quam
926 670 1085 719 suerint
1109 676 1382 720 peccatorum.

293 753 356 792 Sic
390 759 519 791 autem
559 752 715 802 quidam
753 764 911 804 eorum,
955 758 1091 790 contra
1131 764 1229 803 quos
1268 752 1514 790 defendimus

175 814 370 851 civitatem
403 812 483 862 Dei,
518 813 707 849 iniustum
738 816 888 862 putant,
921 816 963 849 ut
995 822 1065 861 pro
1099 812 1269 861 peccatis
1303 810 1515 861 quamlibet

174 873 334 922 magnis,
366 882 484 921 parvo
519 869 667 908 scilicet
700 875 874 920 tempore
907 871 1161 920 perpetratis,
1191 881 1316 920 poena
1349 871 1514 919 quisque

175 930 381 967 damnetur
420 934 595 979 aeterna,
635 929 745 977 quasi
782 927 898 966 ullius
936 927 975 966 id
1016 939 1200 978 umquam
1238 929 1386 966 iustitia
1419 927 1514 978 legis

175 988 368 1037 adtendat,
400 992 444 1025 ut
470 992 576 1025 tanta
601 998 708 1033 mora
735 986 922 1037 temporis
950 987 1115 1036 quisque
1143 987 1339 1037 puniatur,
1372 991 1515 1036 quanta

175 1058 282 1084 mora
308 1047 498 1096 temporis
525 1044 627 1083 unde
660 1046 869 1095 puniretur
901 1044 1066 1083 admisit.
1118 1044 1215 1083 Octo
1248 1056 1392 1095 genera
1423 1056 1514 1095 poe-

175 1117 312 1143 narum
358 1106 397 1142 in
436 1102 587 1154 legibus
627 1115 711 1141 esse
751 1102 887 1141 scribit
919 1102 1088 1152 Tullius,
1133 1103 1334 1155 damnum,
1378 1103 1514 1155 vincla,

175 1162 355 1212 verbera,
387 1161 588 1212 talionem,
621 1162 890 1213 ignominiam,
923 1161 1100 1213 exilium,
1132 1168 1316 1213 mortem,
1349 1162 1513 1200 servitu-

175 1228 264 1260 tem.
328 1220 428 1265 Quid
461 1220 602 1258 horum
645 1225 703 1258 est
736 1219 839 1270 quod
871 1221 910 1257 in
943 1219 1060 1258 breve
1093 1224 1248 1270 tempus
1280 1232 1350 1271 pro
1384 1221 1513 1258 cuius-

175 1292 249 1330 que
276 1281 428 1330 peccati
449 1278 647 1316 celeritate
676 1283 885 1329 coartetur,
913 1284 956 1316 ut
981 1283 1085 1316 tanta
1107 1278 1326 1317 vindicetur
1352 1278 1514 1330 morula,

176 1343 318 1388 quanta
357 1336 663 1388 deprehenditur
703 1342 994 1387 perpetratum,
1038 1337 1113 1374 nisi
1151 1336 1251 1375 forte
1290 1334 1411 1381 talio?
1472 1336 1514 1375 Id

176 1398 279 1435 enim
306 1397 394 1447 agit,
427 1401 470 1434 ut
496 1395 567 1433 hoc
594 1396 763 1445 patiatur
795 1396 960 1445 quisque
994 1394 1096 1445 quod
1130 1395 1233 1433 fecit.
1277 1394 1388 1433 Unde
1419 1394 1514 1433 illud

175 1460 235 1493 est
273 1454 386 1505 legis:
437 1454 603 1493 Oculum
635 1465 714 1502 pro
752 1456 885 1501 oculo,
925 1455 1079 1492 dentem
1111 1465 1189 1502 pro
1222 1455 1348 1492 dente.
1410 1452 1515 1492 Fieri

175 1515 278 1551 enim
310 1518 458 1563 potest,
497 1518 539 1550 ut
578 1517 655 1550 tam
693 1511 802 1549 brevi
834 1517 1009 1562 tempore
1044 1513 1208 1562 quisque
1242 1513 1391 1551 amittat
1423 1523 1513 1550 ocu-

175 1572 255 1610 lum
281 1572 489 1609 severitate
515 1570 720 1621 vindictae,
753 1582 868 1620 quam
901 1570 989 1608 tulit
1021 1571 1103 1621 ipse
1136 1570 1247 1608 alteri
1278 1569 1513 1621 inprobitate

174 1631 336 1681 peccati.
399 1629 522 1667 Porro
550 1633 679 1667 autem
707 1629 739 1666 si
766 1628 911 1667 alienae
945 1629 1110 1667 feminae
1143 1628 1321 1667 osculum
1352 1629 1513 1667 infixum

176 1689 336 1727 rationis
364 1689 414 1725 sit
438 1686 601 1725 verbere
629 1686 838 1737 vindicare,
870 1699 999 1725 nonne
1027 1689 1093 1737 qui
1119 1687 1212 1726 illud
1239 1692 1385 1738 puncto
1417 1692 1513 1726 tem-

131 1753 144 1781 .·
174 1748 281 1798 poris
323 1746 476 1796 fecerit,
510 1744 802 1796 incomparabili
841 1744 1027 1783 horarum
1060 1747 1183 1796 spatio
1215 1744 1445 1784 verberatur
1477 1751 1516 1784 et

175 1806 343 1843 suavitas
370 1803 580 1854 voluptatis
605 1805 765 1854 exiguae
792 1803 978 1842 diuturno
1005 1803 1137 1842 dolore
1164 1801 1356 1854 punitur?
1400 1802 1514 1855 Quid,

175 1865 214 1902 in
250 1862 416 1901 vinculis
455 1862 643 1912 numquid
684 1862 828 1900 tamdiu
868 1863 1033 1912 quisque
1073 1861 1303 1900 iudicandus
1336 1867 1396 1900 est
1427 1873 1514 1900 esse

175 1921 337 1971 debere,
379 1920 563 1971 quamdiu
602 1920 693 1958 fecit
731 1920 833 1958 unde
872 1922 1015 1958 meruit
1052 1920 1216 1971 alligari3
1254 1931 1343 1958 cum
1383 1921 1512 1958 iustis-

176 1982 271 2018 sime
311 1991 476 2017 annosas
515 1990 658 2029 poenas
697 1990 834 2017 servus
872 1980 912 2016 in
953 1978 1205 2029 compedibus
1244 1978 1407 2028 pendat,
1447 1979 1514 2029 qui

174 2037 291 2076 verbo
319 2042 385 2076 aut
411 2039 491 2075 ictu
518 2036 721 2075 celerrime
749 2042 975 2075 transeunte
1003 2036 1060 2074 vel
1086 2036 1280 2075 lacessivit
1311 2036 1513 2075 dominum

269 2152 302 2183 4⁸»
329 2151 393 2183 Mt.
422 2153 477 2191 ²25,
504 2152 559 2184 41.
610 2150 668 2192 20)
695 2148 807 2182 Exod.
834 2151 889 2190 21,
916 2152 971 2183 24.
