1548 2562
442 133 494 158 DE
515 132 702 158 CIVITATE
721 134 791 158 DEI
811 133 843 158 L.
863 133 961 158 xvn.
981 133 1011 158 c.
1032 134 1056 158 3.
1327 124 1409 165 201

85 227 357 261 testamentum
400 234 557 268 novum,
601 233 679 260 non
723 224 940 260 secundum
978 227 1266 273 testamentum,
1308 225 1416 270 quod

84 283 262 330 disposui
285 281 473 329 patribus
505 291 642 319 eorum
675 282 714 318 in
747 282 830 327 die,
862 293 942 328 qua
974 282 1224 329 adprehendi
1253 292 1412 319 manum

83 350 246 387 eorunm
269 343 314 377 ut
344 340 554 378 educerem
587 350 651 376 eos
684 340 733 376 de
765 343 877 377 terra
901 340 1089 388 Aeyypte}
1121 342 1306 387 quoniam
1340 341 1416 388 ipsi

82 410 159 436 non
181 402 494 446 permanserunt
520 399 557 435 in
586 401 816 435 testamento
848 409 943 443 meo,
976 404 1014 435 et
1044 409 1115 445 eqo
1147 400 1308 446 meylem
1336 410 1412 446 eos,

83 459 183 495 dicit
213 457 413 494 Dominus.
482 456 584 502 Quia
622 457 696 493 hoc
728 460 786 493 est
817 460 1100 503 testamentum,
1133 458 1239 504 quod
1269 459 1410 495 consti-
1438 463 1459 493 5

83 520 191 553 tuam
223 516 357 553 domui
387 514 520 552 Israel
543 519 634 562 post
665 515 749 552 dies
782 516 882 560 illos,
916 516 1014 552 (licit
1044 515 1246 562 Dominus,
1278 517 1412 554 dando

82 576 187 621 leqes
213 585 320 611 meas
346 575 386 611 in
412 577 577 610 mentem
604 583 740 610 eorum
767 576 806 610 et
834 584 955 620 super
987 575 1113 611 corda
1145 585 1281 612 eorum
1312 576 1411 612 scri-

82 633 171 670 bam
209 644 293 679 eas,
338 636 376 670 et
411 632 549 669 videbo
590 642 672 678 eos,
716 635 754 669 et
791 642 860 669 ero
900 633 975 669 illis
1008 633 1047 669 in
1080 633 1225 679 Deum,
1269 638 1308 670 et
1339 635 1415 681 ipsi

82 695 201 729 erunt
242 691 340 728 mim·
375 685 422 728 *in
452 691 634 739 plebem:
675 688 918 727 Hierusalem
962 691 1044 727 sine
1084 689 1201 727 dubio
1244 703 1412 741 superna

80 749 354 800 prophetatur,
393 749 504 786 euius
536 747 639 786 Deus
672 749 753 797 ipse
785 748 1001 798 praemium
1034 754 1315 799 est„e11mque
1347 749 1411 787 ha—
1441 756 1482 788 10

81 807 174 845 bere
207 812 321 857 atque
354 807 476 857 ipsius
515 818 600 844 esse
640 818 834 844 summum
866 805 918 844 ibi
951 812 1010 844 est
1041 812 1155 856 atque
1188 812 1312 846 totum
1345 808 1409 845 bo-

81 878 185 904 num.
212 882 216 886 -
247 865 303 903 Ad
336 866 541 915 utramque
573 876 665 902 vero
696 866 868 914 pertinet
899 864 971 902 hoc
1005 866 1150 916 ipsum,
1190 866 1291 915 quod
1324 866 1411 904 Hie-

81 924 250 963 rusalem
288 923 430 962 dicitur
468 922 536 961 Dei
559 924 726 973 civitas,
764 928 802 961 et
838 924 877 960 in
917 935 960 961 ea
992 923 1248 973 prophetatur
1282 925 1412 962 sutura

82 983 219 1021 domus
257 982 342 1033 Dei,
374 994 494 1032 eaque
533 981 736 1032 prophetia
774 981 926 1019 videtur
967 982 1140 1033 impleri,
1185 995 1272 1020 cum
1307 982 1410 1021 Salo-

82 1053 171 1079 mon
198 1053 265 1079 rex
291 1040 466 1078 aedificat
490 1039 584 1077 illud
612 1039 896 1077 nobilissimum
921 1040 1120 1090 templum.
1170 1040 1273 1078 Haec
1306 1043 1408 1079 enim
1440 1050 1481 1079 15

81 1105 120 1138 et
150 1101 190 1137 in
222 1105 378 1137 ter-rena
403 1098 644 1136 Hierusalem
671 1098 884 1136 secundum
918 1098 1118 1137 historiam
1152 1101 1412 1152 contigerunt,

81 1164 120 1196 et
146 1157 322 1196 caelestis
348 1156 590 1195 Hierusalem
617 1157 762 1207 figurae
789 1157 958 1195 fuerunt.
1023 1157 1133 1202 Quod
1166 1170 1288 1208 genus
1320 1171 1408 1209 pro-

80 1217 232 1267 phetiae
272 1228 319 1254 ex
357 1221 524 1265 utroque
566 1215 684 1253 veluti
726 1221 968 1266 compactum
1007 1222 1121 1265 atque
1161 1218 1413 1255 commixtum

80 1277 120 1313 in
152 1274 260 1312 libris
291 1273 489 1312 veteribus
520 1275 727 1326 canonicis,
759 1273 900 1324 quibus
932 1286 1065 1312 rerum
1097 1281 1294 1324 gestarum
1327 1288 1411 1314 nar-

82 1335 252 1372 rationes
280 1334 555 1384 'continentur‚
586 1332 686 1370 valet
717 1332 927 1383 plurimum
960 1332 1201 1383 multumque
1237 1336 1411 1372 exercuit
1439 1342 1482 1373 20

83 1398 120 1430 et
158 1398 314 1430 exercet
353 1393 505 1441 ingenia
545 1392 802 1429 scrutantium
841 1391 989 1429 litteras
1022 1403 1170 1443 sacras,
1210 1397 1270 1442 ut,
1308 1393 1412 1443 quod

82 1451 266 1488 historice
324 1449 565 1501 praedictum
622 1449 934 1500 completumque
984 1449 1126 1500 legitur
1175 1452 1215 1488 in
1266 1453 1412 1489 semiue

81 1508 255 1547 Abrahae
288 1508 502 1546 secundum
535 1520 709 1560 carnem,
749 1510 862 1546 etiam
895 1510 934 1546 in
967 1510 1113 1546 semine
1147 1508 1319 1547 Abrahae
1353 1522 1410 1548 se-

82 1568 253 1606 cundum
285 1565 399 1605 fidem
432 1566 523 1617 quid
556 1561 794 1616 implendum
827 1563 1030 1616 allegorice
1064 1568 1255 1616 significet
1285 1569 1410 1618 inqui-

81 1632 208 1677 ratur3
247 1627 287 1663 in
324 1630 474 1663 tantum
511 1630 554 1662 ut
592 1624 823 1674 quibusdam
861 1626 985 1662 visum
1026 1626 1075 1662 sit
1119 1625 1213 1663 nihil
1251 1638 1336 1663 esse
1374 1628 1413 1664 in
1440 1635 1484 1665 25

83 1684 229 1723 eisdem
259 1683 368 1721 libris
399 1683 457 1721 vel
485 1685 800 1733 praenuntiatum
832 1689 870 1721 et
902 1684 1095 1735 effectum,
1128 1684 1185 1721 vel
1218 1685 1411 1737 effectum,

82 1743 256 1793 quamvis
282 1754 359 1779 non
385 1743 711 1792 praenuntiatum,
743 1741 845 1792 quod
879 1754 955 1779 non
987 1743 1159 1780 insinuet
1191 1742 1333 1793 aliquid
1367 1744 1413 1782 ad

83 1813 292 1852 supernam
331 1802 524 1838 civitatem
562 1799 631 1837 Dei
671 1802 831 1850 eiusque
872 1800 969 1838 filios
1009 1802 1047 1838 in
1085 1800 1156 1839 hac
1194 1803 1269 1839 vita
1301 1814 1410 1852 pere-

82 1861 214 1910 grinos
252 1859 414 1909 figurata
451 1859 729 1908 significatione
770 1858 1031 1897 referendum.
1093 1858 1141 1897 Et
1179 1861 1211 1898 si
1251 1860 1323 1898 hoc
1362 1862 1413 1898 ita

83 1924 159 1969 est,
199 1919 273 1956 iam
305 1916 504 1968 bipertita,
543 1929 617 1954 non
651 1918 846 1968 tripertita
878 1923 994 1955 erunt
1026 1917 1176 1968 eloquia
1209 1918 1413 1969 propheta·
1440 1928 1483 1959 30
1509 1936 1511 1938 ·

82 1988 182 2027 rum,
213 1976 272 2014 vel
303 1976 432 2026 potius
463 1975 616 2013 illarum
648 1977 931 2026 scripturarum
965 1978 1150 2027 omnium,
1182 1988 1279 2026 quae
1313 1983 1412 2016 vete—

82 2036 137 2072 ris
175 2035 425 2073 instrumenti
466 2033 720 2084 appellatione
763 2039 984 2072 censentur.
1052 2034 1155 2072 Nihil
1194 2037 1296 2074 euim
1341 2038 1416 2074 erit

178 2126 211 2165 9)
237 2105 399 2157 Hiereml
422 2126 477 2165 31,
504 2126 546 2156 31
575 2134 670 2166 sqq.;
697 2122 806 2157 Hebr.
834 2126 866 2166 8,
893 2127 913 2157 8
940 2135 1019 2168 sqq.

83 2297 106 2332 S
132 2298 155 2332 d
177 2252 348 2333 {idando
379 2263 467 2294 mss;
507 2252 602 2286 dabo
636 2263 654 2285 v
691 2253 703 2295 ΙΙ
742 2256 782 2285 15
816 2252 1025 2286 aedificetuit
1056 2252 1090 2286 R
1128 2255 1139 2297 ΙΙ
1176 2257 1218 2288 29
1252 2256 1289 2289 et
1320 2254 1415 2296 AL,-

111 2309 128 2332 e
215 2310 235 2333 v
380 2313 386 2320 ·
