1548 2562
445 134 496 158 DE
517 134 704 159 cwrrATE
725 134 793 158 Dm
813 134 844 158 L.
866 135 946 159 XVI.
965 134 993 160 c.
1015 136 1055 161 28.
1330 127 1407 166 171

83 233 170 260 rum
200 224 375 270 yentz'um
404 223 523 270 posui
553 226 611 266 te,·
643 227 681 259 et
712 234 881 270 auqeam
913 228 950 261 te
982 225 1097 262 valde
1130 226 1244 262 valde
1276 230 1314 263 et
1338 237 1409 273 po-

82 291 173 318 nam
206 284 243 318 te
275 281 314 318 in
344 284 493 327 gentes,
527 284 565 317 et
595 291 710 327 reyes
742 292 793 318 ex
825 286 862 319 te
893 282 1069 319 exibunt.
1121 282 1173 319 Et
1204 283 1306 320 dabo
1340 284 1413 321 tz'bz·

83 350 133 376 ex
162 338 292 376 Sarra
320 340 458 384 filium,
493 342 531 376 et
561 339 791 376 benedicam
824 341 942 386 illum,
976 344 1015 377 et
1047 341 1126 378 erit
1150 342 1191 378 in
1217 342 1408 387 nationes,

81 401 119 434 et
149 407 263 444 reyes
291 398 469 443 qemium
501 407 552 434 ex
584 407 628 434 eo
661 402 780 434 erunt
808 392 944 448 (quam
975 398 1274 448 promissionem
1305 410 1409 436 nunc

81 455 120 492 in
154 453 307 492 Christo
340 455 536 492 cernimus
569 450 716 505 reddi),
749 466 795 492 ex
826 454 891 492 illo
924 455 1107 506 deinceps
1139 455 1193 494 illi
1224 458 1409 506 coniuges

82 524 159 550 non
191 517 380 550 vocantur
410 513 451 550 in
477 513 695 563 scripturis,
727 513 828 550 sieut
854 518 964 551 antea
990 513 1238 566 vocabantur,
1268 514 1410 553 Abram

81 575 119 608 et
152 569 262 622 Sara,
301 569 368 608 sed
401 571 502 609 sicut
534 582 600 608 eos
633 581 703 607 nos
736 569 782 608 ab
814 571 924 608 initio
957 573 1196 623 vocavimus,
1228 574 1410 623 quoniam

80 629 135 666 sic
173 629 247 666 iam
289 633 476 667 vocantur
514 627 560 666 ah
599 627 797 679 omnihus,
837 628 1029 667 Abraham
1067 635 1105 668 et
1144 629 1269 669 Sarra.
1332 630 1411 670 Cur

79 691 209 725 autem
252 691 443 725 mutatum
488 687 538 725 sit
581 697 723 724 nomen
767 685 958 738 Abrahae,
984 687 1153 741 [reddita
1194 694 1253 727 est
1293 690 1409 727 ratio:

85 746 187 792 Quia
215 749 389 793 patrem,
433 745 578 795 inquit,
623 747 838 783 multarum
866 748 1043 794 §entium
1071 748 1191 795 posui
1220 752 1266 785 te.
1328 746 1410 785 Hoc

79 815 171 853 ergo
204 803 421 853 significare
454 802 757 853 intellegendum
790 808 849 841 est
880 802 1087 855 Abraham3
1132 803 1273 842 Abram
1306 817 1410 857 vero,

79 860 181 912 quod
228 866 315 899 ante
355 860 582 912 vocabatur,
626 863 907 912 interpretatur
949 868 1060 912 pater
1104 862 1293 901 excelsus.
1354 863 1408 901 De

78 920 234 958 nomine
273 924 402 957 autem
439 924 586 958 mutato
621 918 757 957 Sarrae
798 932 875 957 non
908 926 967 958 est
998 920 1148 958 reddita
1181 922 1297 971 ratio3
1330 922 1410 971 sed,

79 979 180 1016 siout
211 978 330 1028 aiunt,
363 978 429 1027 qui
460 979 704 1028 scripserunt
734 979 1077 1028 interpretationes
1109 980 1309 1016 nominum
1336 978 1408 1017 He-

78 1035 297 1087 braeorum,
330 1047 427 1086 quae
460 1035 520 1073 his
553 1037 672 1073 sacris
704 1035 844 1074 litteris
872 1038 1134 1087 continentur,
1168 1036 1261 1074 Sara
1289 1038 1408 1075 inter—

78 1098 255 1145 pretatur
281 1095 464 1145 princeps
491 1105 588 1145 mea,
621 1093 735 1132 Sarra
762 1100 891 1132 autem
916 1095 1051 1132 virtus.
1084 1094 1192 1133 Unde
1220 1096 1409 1145 scriptum

79 1157 138 1191 est
169 1153 209 1191 in
236 1151 401 1203 epistula
427 1152 472 1190 ad
493 1151 708 1190 Hebraeos:
740 1154 839 1190 Fide
872 1158 909 1191 ec
941 1155 1026 1201 ipsa
1059 1153 1192 1191 Sarra
1224 1155 1409 1192 virtulem

79 1212 236 1260 accepit
262 1211 317 1249 ad
342 1212 585 1249 emissionem
611 1212 780 1249 seminis.
820 1210 941 1249 Ambo
969 1212 1072 1249 enim
1093 1212 1268 1249 seniores
1288 1218 1410 1262 erant,

81 1270 183 1307 siout
214 1269 408 1320 scriptura
439 1273 623 1319 testatur3
668 1268 735 1306 sed
773 1268 835 1307 illa
874 1270 989 1307 etiam
1023 1268 1166 1307 sterilis
1198 1275 1238 1307 et
1269 1281 1409 1308 eruore

81 1331 282 1365 menstruo
326 1328 401 1365 iam
445 1327 647 1377 destituta,
691 1332 853 1378 propter
898 1327 1000 1377 quod
1044 1328 1119 1365 iam
1156 1339 1294 1378 parere
1332 1339 1410 1366 non

80 1390 225 1436 posset,
258 1386 373 1423 etiam
406 1386 438 1422 si
470 1385 613 1423 sterilis
646 1397 723 1423 non
756 1385 905 1423 fuisset.
967 1385 1089 1423 Porro
1122 1387 1154 1423 si
1186 1386 1328 1424 femina
1359 1387 1411 1424 ita

79 1444 130 1482 sit
160 1445 417 1494 provectioris
444 1444 592 1494 aetatis,
624 1449 667 1481 ut
693 1444 729 1481 ei
755 1443 866 1482 solita
892 1443 1100 1482 mulierum
1128 1443 1252 1482 adhuc
1279 1444 1412 1495 fluant,

78 1500 126 1539 de
158 1503 297 1540 iuvene
328 1513 466 1552 parere
498 1507 643 1552 potest,
677 1501 723 1539 de
756 1503 910 1540 seniore
942 1513 1019 1539 non
1051 1507 1198 1553 potest3
1237 1503 1410 1552 quamvis

79 1559 205 1598 adhuc
249 1561 372 1610 possit
415 1559 477 1597 ille
523 1561 671 1611 senior,
715 1559 783 1598 sed
827 1559 873 1598 de
913 1559 1202 1598 adulescentula
1239 1561 1411 1611 gignere,

80 1619 181 1656 sicut
201 1616 392 1656 Abraham
426 1623 513 1668 post
544 1623 710 1656 mortem
732 1617 870 1655 Sarrae
898 1617 944 1655 de
966 1617 1124 1656 Cettura
1150 1619 1288 1669 potuit,
1321 1619 1410 1668 quia

79 1675 243 1714 vividam
276 1677 359 1714 eius
391 1677 539 1714 invenit
571 1681 745 1714 aetatem.
795 1675 877 1714 Hoc
910 1687 1002 1726 ergo
1030 1681 1100 1726 est,
1132 1676 1235 1726 quod
1270 1677 1411 1714 mirum

81 1733 326 1772 commendat
358 1733 567 1785 apostolus,
600 1739 637 1772 et
669 1733 715 1772 ad
747 1733 821 1772 hoc
853 1733 946 1772 dicit
976 1733 1150 1771 Abrahae
1182 1735 1258 1772 iam
1291 1734 1410 1772 fuisse

80 1804 225 1843 corpus
259 1797 493 1843 emortuum,
525 1793 707 1842 quoniam
739 1804 817 1830 non
850 1804 897 1830 ex
929 1793 1034 1830 omni
1067 1792 1220 1843 semina,
1253 1793 1316 1830 cui
1348 1792 1411 1830 ad-

80 1849 156 1888 huc
197 1855 301 1888 esset
339 1849 491 1900 aliquod
531 1849 708 1900 pariendi
746 1855 900 1901 tempus
944 1855 1178 1901 extremum,
1222 1861 1410 1900 generare

80 1909 162 1958 ipse
194 1909 234 1946 in
265 1907 326 1947 illa
360 1914 483 1947 aetate
516 1907 641 1946 adhuc
674 1914 815 1959 posset.
878 1908 934 1946 Ad
973 1907 1116 1958 aliquid
1150 1909 1253 1946 enim
1286 1919 1409 1946 emor-

82 1970 192 2005 tuum
224 1977 366 2017 corpus
398 1965 624 2016 intellegere
657 1965 856 2017 debemus,
888 1978 966 2004 non
999 1966 1044 2004 ad
1078 1967 1215 2003 omnia.
1257 1965 1351 2003 Nam
1379 1967 1411 2004 si

177 2068 234 2109 18)
260 2065 369 2101 Hebr,
399 2070 452 2109 11,
481 2070 533 2100 11.
585 2069 642 2109 28)
668 2066 771 2101 Rom.
798 2070 830 2109 4,
859 2070 910 2100 19.

177 2197 193 2227 1
222 2203 374 2238 augeam
395 2204 484 2235 mss;
508 2194 650 2238 augebo
677 2204 696 2227 v
715 2195 727 2237 ΙΙ
746 2194 854 2228 ualde
880 2194 988 2228 ualde
1011 2194 1057 2228 V¹
1075 2196 1175 2235 (166,
1196 2197 1259 2235 18)
1268 2207 1278 2234 ,·
1303 2194 1411 2228 valde

80 2239 132 2319 1275„
153 2239 421 2321 ἒθῖἓῗιῗέίῖιυε]
450 2240 687 2285 cognouimus
713 2239 748 2274 R
777 2241 790 2284 ΙΙ
822 2243 864 2276 18
892 2240 987 2275 enim
1014 2240 1069 2282 F,·
1095 2242 1218 2275 autem
1251 2240 1375 2275 VRAv
1400 2241 1412 2286 Η

1437 466 1455 495 απ

1439 756 1479 786 10

1439 1048 1479 1076 15

1437 1337 1480 1368 20

1438 1628 1480 1658 25

1437 1917 1479 1949 30
