1611 2465
121 386 142 417 5

100 679 142 709 10

169 45 255 87 240
707 54 733 79 s.
755 53 973 80 Acecsmm

169 157 319 197 regem,
363 144 401 182 id
447 150 505 181 est
546 155 565 180 a
611 141 761 180 diabolo
804 143 943 180 transit
984 142 1029 180 ad
1068 142 1279 182 Christum.
1341 143 1507 195 Propter

169 203 272 254 quod
317 204 352 241 ei
397 202 557 240 dicitur:
609 202 851 239 Obltzviseere
890 204 1082 250 populum
1125 207 1233 240 tecum
1271 207 1309 241 et
1351 205 1507 242 domum

164 264 296 312 patris
323 264 390 299 tui,
450 260 570 298 Cuius
597 260 762 297 civitatis
788 260 927 309 impiae
960 261 1088 310 portio
1121 266 1213 299 sunt
1244 266 1283 299 et
1308 260 1505 300 israelitae

169 321 248 359 sola
276 332 404 367 carne,
437 331 514 356 non
541 317 633 368 fide3
665 318 813 355 inimici
839 319 954 356 etiam
986 319 1062 368 ipsi
1092 321 1219 369 magni
1252 319 1370 358 huius
1402 322 1506 371 regis

169 381 330 429 eiusque
357 378 526 428 reginae.
570 376 626 414 Ad
652 378 757 427 ipsos
785 377 887 414 enim
913 377 1072 415 veniens
1094 382 1132 415 et
1163 377 1209 415 ab
1242 379 1298 415 eis
1326 378 1506 417 Christus

168 439 321 476 occisus
347 437 469 486 magis
495 435 659 473 aliorum
685 436 810 473 sactus
836 441 906 487 est,
939 447 1037 485 quos
1069 447 1146 473 non
1180 435 1273 474 vidit
1304 438 1343 474 in
1377 449 1505 476 carne.

167 496 276 534 Unde
298 506 369 546 per
389 493 592 533 cuiusdam
612 493 747 544 psalmi
768 493 1012 544 prophetiam
1034 493 1127 532 dicit
1147 495 1230 544 ipse
1258 506 1327 532 rex
1354 501 1506 534 noster:

168 556 298 592 Erues
329 565 391 592 me
428 555 477 591 de
515 553 902 591 contradictionibus
930 555 1085 601 populi,
1127 555 1342 591 constitues
1374 565 1434 592 me
1466 556 1507 592 in

169 617 291 661 eaput
335 614 525 660 qenttum.
589 611 779 660 Populus,
830 622 944 658 quem
987 622 1066 649 non
1111 614 1293 659 coqnovt,
1344 615 1507 651 servivit

168 673 285 716 milet,·
325 673 365 709 tn
404 671 595 708 obauditu
635 671 749 707 auris
787 670 993 707 obaudivit
1032 671 1138 707 mihi.
1200 669 1373 720 Populus
1413 683 1506 722 ergo

137 763 140 766 .
167 732 240 768 iste
272 731 459 779 gentium,
491 740 608 778 quem
635 740 711 765 non
745 729 925 777 cognovit
957 727 1136 765 Christus
1168 730 1389 778 praesentia
1421 741 1505 767 cor-

99 972 141 1002 15

97 1263 140 1294 20

95 1555 140 1585 25

95 1846 140 1877 30

167 787 308 839 porali,
345 789 386 826 in
424 798 541 837 quem
579 792 708 824 tamen
741 785 941 824 Christum
973 785 1047 823 sibi
1079 786 1350 825 adnuntiatum
1382 787 1506 826 credi-

168 847 235 898 dit,
267 851 311 884 ut
341 847 481 884 merito
514 845 560 883 de
587 844 651 882 illo
684 844 899 882 diceretur:
933 845 979 882 In
1013 845 1206 883 obauditu
1239 848 1353 884 auris
1385 847 1506 885 obau-

169 908 267 943 divit
314 906 429 952 mihi,
480 905 569 954 quia
613 903 708 941 fides
753 915 799 941 ex
840 903 973 941 auditu
1020 908 1078 941 est
1114 924 1163 929 -—-
1198 904 1292 955 iste,
1336 905 1506 956 inquam,

168 962 335 1014 populus
362 961 515 1001 additus
542 963 643 999 veris
671 967 709 999 et
741 973 857 999 carne
891 967 929 999 et
961 961 1035 999 fide
1068 960 1254 1000 Israelitis
1286 963 1420 1001 civitas
1447 969 1507 1002 est

168 1022 258 1072 Dei,
292 1033 389 1071 quae
422 1023 551 1071 ipsum
584 1032 739 1070 quoque
773 1020 989 1057 secundum
1022 1032 1179 1058 carnem
1211 1022 1365 1071 peperit
1397 1020 1505 1060 Chri—

168 1085 292 1132 stum,
338 1079 491 1129 quando
532 1080 571 1116 in
617 1078 709 1115 solis
750 1077 823 1115 illis
862 1077 1049 1116 Israelitis
1088 1079 1171 1116 fuit.
1233 1078 1326 1117 Inde
1361 1081 1505 1130 quippe

168 1144 251 1176 erat
283 1139 390 1188 virgo
416 1137 546 1188 Maria,
578 1138 617 1174 in
650 1148 724 1186 qua
757 1148 914 1174 carnem
942 1136 1132 1188 Christus,
1164 1142 1208 1175 ut
1239 1137 1353 1175 homo
1387 1144 1503 1190 esset,

167 1197 394 1247 adsumpsit.
468 1195 521 1232 De
566 1207 642 1245 qua
687 1196 840 1232 civitate
884 1194 1056 1244 psalmus
1106 1195 1203 1233 alius
1248 1197 1317 1234 ait:
1369 1197 1506 1235 Mater

168 1256 283 1302 Sion,
317 1256 421 1293 dicet
452 1256 581 1301 homo,
615 1258 654 1291 et
683 1254 796 1291 homo
827 1259 946 1291 natus
978 1259 1033 1291 est
1066 1255 1103 1292 in
1138 1266 1197 1300 ea,
1231 1258 1269 1292 et
1300 1256 1383 1303 ‘ipse
1409 1254 1504 1302 fun-

168 1316 277 1352 davit
303 1324 390 1351 eam
416 1313 647 1350 Alttsstmus.
712 1311 807 1356 Quis
834 1317 893 1349 est
918 1313 992 1349 iste
1018 1311 1240 1350 Altissimus
1266 1314 1341 1350 nisi
1368 1311 1504 1351 Deus?

166 1371 215 1410 Et
246 1383 317 1422 per
354 1371 428 1409 hoc
461 1369 639 1409 Christus
672 1369 792 1421 Deus,
831 1375 1036 1420 antequam
1078 1372 1118 1408 in
1151 1370 1212 1408 illa
1246 1372 1401 1409 civitate
1433 1383 1504 1422 per

166 1429 326 1468 Mariam
358 1430 469 1467 fieret
500 1428 628 1479 hom07
660 1429 742 1478 ipse
776 1430 815 1466 in
847 1428 1079 1479 patriarchis
1112 1434 1150 1466 et
1181 1429 1384 1479 prophetis
1416 1430 1502 1468 sun-

167 1488 270 1526 davit
313 1499 408 1526 eam.
472 1486 567 1525 Cum
612 1488 731 1536 igitur
775 1486 865 1524 huic
904 1488 1059 1536 reginae
1098 1488 1244 1525 civitati
1285 1487 1354 1525 Dei
1394 1493 1502 1526 tanto

167 1552 255 1584 ante
288 1546 435 1584 (lictum
480 1546 531 1583 sit
569 1557 639 1595 per
676 1544 941 1596 prophetiam,
984 1545 1085 1595 quod
1118 1546 1193 1582 iam
1225 1545 1401 1584 videmus
1432 1547 1501 1584 im-

166 1604 328 1655 pletum:
370 1605 451 1642 Pro
484 1604 672 1652 patribus
710 1606 788 1641 tuis
819 1606 907 1641 nati
935 1609 1027 1641 sunt
1058 1605 1131 1641 tibi
1156 1606 1249 1651 filli,
1289 1606 1503 1643 constitues

166 1674 232 1701 eos
258 1665 465 1712 principes
496 1674 618 1710 super
649 1673 800 1699 omnem
831 1666 983 1700 terram
1025 1657 1089 1711 (ex
1122 1661 1209 1699 filiis
1242 1663 1386 1713 quippe
1419 1664 1502 1701 eius

165 1733 237 1772 per
277 1732 432 1758 omnem
470 1726 615 1757 terram
654 1725 744 1758 sunt
782 1721 993 1770 praepositi
1031 1725 1070 1758 et
1100 1726 1231 1770 patres
1263 1722 1368 1772 eius,
1413 1733 1502 1759 cum

167 1779 426 1817 confiteantur
465 1779 499 1815 ei
540 1777 672 1828 populi
706 1784 988 1816 concurrentes
1020 1777 1066 1815 ad
1100 1790 1183 1816 eam
1216 1779 1502 1817 consessionem

166 1837 289 1876 laudis
328 1842 508 1875 aeternae
547 1837 588 1873 in
621 1835 819 1874 saeculum
851 1832 1034 1887 saeculi):
1072 1836 1209 1886 procul
1242 1835 1358 1874 dubio
1392 1837 1501 1887 quid-

165 1995 194 2028 P
250 1948 401 2029 4140)113ls.
432 1951 489 1990 17,
519 1951 564 1982 44
590 1958 642 1991 sq.
696 1948 751 1989 14)
781 1948 879 1982 nom.
909 1951 969 1990 10,
1005 1951 1058 1983 17.
1109 1949 1167 1992 21)
1194 1948 1251 1982 Ps.
1278 1952 1334 1992 86,
1362 1953 1393 1984 5.
1445 1952 1502 1993 27)

197 2007 222 2029 s.
300 2023 307 2038 ‚
383 2023 388 2028 .

261 2125 280 2154 5
308 2121 352 2155 ab
380 2121 468 2165 ipsis
493 2121 529 2155 R
547 2123 559 2165 ΙΙ
579 2125 598 2155 9
618 2121 656 2155 in
682 2120 803 2165 eapite
830 2122 864 2154 A
894 2122 1001 2156 Parr.
1027 2120 1080 2164 (3)
1105 2123 1116 2165 ΙΙ
1146 2126 1186 2156 10
1212 2123 1250 2156 in
1277 2123 1405 2157 auditu
1431 2123 1467 2158 R
1491 2123 1502 2170 Η

166 2178 253 2211 ergo
280 2178 344 2202 om.
366 2168 401 2201 R
420 2170 431 2211 Η
452 2172 494 2203 20
514 2170 622 2203 natus
642 2167 697 2209 Β,-
722 2168 839 2202 factus
864 2179 884 2201 υ
903 2170 915 2211 ΙΙ
935 2172 977 2202 29
1005 2168 1271 2204 confessionem
1297 2169 1391 2212 RF‚·
1417 2180 1502 2205 cum

166 2214 431 2248 confessionem
456 2215 512 2256 A‚·
539 2226 622 2250 cum
648 2214 875 2249 confessione
901 2225 921 2248 υ
