1548 2562
422 109 474 134 DE
495 108 682 134 OIVITATE
701 109 771 134 DEI
790 109 823 134 L.
843 109 924 134 X1x.
944 109 972 134 c.
993 110 1034 135 23.
1312 100 1397 141 393

564 252 718 294 CAPUT
750 253 905 310 XXHJ.

71 339 181 383 Quae
219 338 472 386 Porphyrius
512 339 623 375 dieat
659 340 837 375 oraculis
881 339 1044 376 deorum
1084 349 1275 387 responsa
1316 349 1399 376 esse

602 397 651 433 de
687 396 851 434 Christo.

181 476 277 514 Nam
315 478 356 514 in
394 475 521 528 libris,
563 488 660 526 quos
698 475 740 515 ἐκ
776 477 918 528 λογίων
955 479 1189 527 φιλοσοφίας
1221 477 1397 529 appellat,

64 537 104 573 in
142 534 285 585 quibus
325 535 531 584 exequitur
569 540 684 585 atque
723 535 936 574 conscribit
972 548 1105 574 rerum
1144 536 1190 574 ad
1229 536 1396 587 philoso-

64 593 194 644 phiam
233 594 513 644 pertinentium
551 592 656 631 velut
687 593 814 631 divina
851 605 1056 646 responsa,
1095 600 1137 633 ut
1168 596 1250 645 ipsa
1282 594 1398 632 verba

66 653 162 703 eius,
194 663 308 702 quem
336 651 381 689 ad
407 651 563 689 modum
598 663 643 689 ex
671 650 815 689 Graeca
846 651 975 702 lingua
1008 653 1047 690 in
1073 651 1246 691 Latinam
1278 655 1396 691 inter-

64 715 214 760 pretata
259 715 367 761 sunt,
408 721 568 760 ponam:
611 708 918 762 „Interroganti,
956 712 1100 762 inquit,
1133 723 1248 761 quem
1282 711 1398 749 deum

63 767 250 819 placando
295 779 477 805 revocare
521 769 646 817 possit
683 780 845 805 uxorem
883 780 991 806 suam
1031 780 1051 806 a
1090 768 1398 820 Christianismo‚

64 826 159 864 haec
198 827 250 864 ait
288 825 465 863 versibus
503 822 681 876 Apollo.“
740 825 886 864 Deinde
928 826 1045 865 verba
1076 827 1181 865 velut
1211 827 1397 878 Apollinis

63 886 137 922 ista
169 890 278 922 sunt:
318 883 466 935 „Forte
498 885 620 934 magis
651 885 799 934 poteris
830 886 870 922 in
903 897 1000 934 aqua
1037 886 1226 935 inpressis
1258 885 1399 923 litteris

65 941 239 980 scribere
276 948 344 980 aut
385 941 571 979 adinflans
603 942 706 980 leves
744 944 881 992 pinnas
925 955 995 993 per
1026 955 1114 981 aera
1147 945 1226 981 avis
1258 943 1399 995 volare,

66 1012 180 1050 quam
206 1000 375 1051 pollutae
401 1012 561 1038 revoces
592 1001 731 1050 impiae
764 1002 896 1038 uxoris
930 1013 1098 1039 sensum.
1149 1001 1290 1051 Pergat
1322 1013 1398 1051 quo

64 1058 178 1096 niodo
219 1058 300 1096 vult
342 1057 523 1096 inanibus
564 1057 723 1096 fallaciis
764 1071 1017 1109 perseverans
1057 1066 1094 1097 et
1132 1059 1156 1085 ’¹‘
1195 1060 1397 1097 lamentari

65 1116 225 1154 fallaciis
266 1121 463 1154 mortuum
504 1116 628 1154 Deum
670 1123 849 1168 cantans,
894 1129 1010 1167 quem
1054 1117 1249 1156 iudicibus
1292 1124 1399 1156 recta

65 1173 324 1213 sentientibus
365 1174 562 1225 perditum
608 1176 774 1224 pessima
815 1176 854 1213 in
899 1177 1087 1226 speciosis
1128 1176 1233 1213 ferro
1271 1177 1399 1215 vincta

64 1245 170 1271 mors
211 1229 443 1270 interfecit.“
503 1232 649 1270 Deinde
687 1239 775 1283 post
812 1232 882 1271 hos
922 1246 1057 1272 versus
1089 1234 1294 1286 Apollinis,
1332 1236 1399 1284 qui

64 1303 142 1329 non
169 1296 297 1329 stante
322 1296 446 1328 metro
474 1288 608 1328 Latine
635 1292 882 1341 interpretati
915 1298 1018 1344 sunt,
1051 1291 1250 1330 subiunxit
1283 1298 1397 1343 atque

64 1350 134 1387 ait:
164 1348 232 1400 „In
264 1348 324 1386 his
357 1348 512 1399 quidem
538 1349 830 1388 inremediabile
863 1352 1077 1388 sententiae
1111 1363 1247 1388 eorum
1279 1352 1397 1388 mani-

65 1407 219 1445 festavit
261 1407 416 1458 dicem,
461 1408 642 1457 quoniam
684 1407 814 1446 Iudaei
856 1410 1074 1458 suscipiunt
1112 1408 1236 1447 Deum
1276 1411 1397 1459 magis

64 1477 178 1516 quam
212 1461 314 1503 isti.“
368 1464 481 1516 Ecce,
513 1465 580 1503 ubi
613 1465 841 1504 decolorans
868 1466 1066 1505 Christum
1093 1466 1255 1505 Iudaeos
1287 1479 1396 1518 prae-

62 1525 194 1574 posuit
221 1522 464 1575 Christianis,
496 1524 686 1561 confitens
720 1524 821 1574 quod
854 1524 985 1562 Iudaei
1017 1527 1231 1575 suscipiant
1263 1525 1397 1563 Deum.

65 1581 129 1620 Sic
174 1583 277 1619 enim
321 1583 499 1632 exposuit
536 1594 673 1620 versus
704 1582 910 1633 Apollinis,
951 1582 1017 1621 ubi
1058 1583 1253 1621 iudicibus
1292 1589 1398 1621 recta

64 1639 325 1678 sentientibus
363 1639 561 1678 Christum
599 1640 692 1678 dicit
728 1642 919 1691 occisum,
957 1646 1152 1690 tamquam
1191 1641 1265 1679 illis
1296 1643 1398 1680 iuste

63 1697 327 1736 iudicantibus
372 1699 511 1736 merito
554 1699 603 1736 sit
646 1698 708 1736 ille
752 1701 924 1749 punitus.
995 1698 1171 1737 Viderint
1214 1699 1307 1749 quid
1351 1700 1397 1737 de

66 1755 221 1794 Christo
259 1761 365 1794 vates
407 1755 570 1794 mendax
609 1756 796 1807 Apollinis
833 1757 974 1795 dixerit
1012 1763 1126 1807 atque
1166 1758 1239 1796 iste
1272 1757 1396 1796 credi-

63 1814 167 1853 derit
198 1819 264 1852 aut
290 1814 454 1852 fortasse
481 1820 618 1865 vatem,
651 1815 753 1864 quod
787 1827 863 1852 non
896 1815 1002 1867 dixit,
1034 1815 1177 1853 dixisse
1210 1817 1283 1854 iste
1315 1817 1396 1867 ipse

161 1942 202 1972 12
228 1938 359 1972 inflans
384 1938 455 1972 AL
479 1939 491 1982 ΙΙ
518 1949 656 1982 pennas
682 1938 781 1972 leves
806 1949 826 1972 υ
855 1940 867 1983 ΙΙ
892 1938 970 1973 auis
995 1939 1180 1974 RAParr.
1203 1940 1332 1982 plerr.;
1358 1941 1400 1973 ut

65 1984 144 2019 auis
170 1996 207 2019 ev
242 1986 253 2028 ΙΙ
288 1989 328 2019 13
354 1986 511 2029 peragat
534 1996 550 2018 e
580 1986 592 2029 Η
624 1989 667 2019 14
692 1996 932 2029 perseuerans
958 1987 995 2020 et,
1019 1986 1216 2020 lamentari
1241 1982 1398 2020 fallaciis

65 2033 250 2065 mortuum
276 2032 384 2065 deum
418 2033 568 2065 cantans
593 2031 665 2065 RA
692 2033 789 2065 codd.
811 2033 923 2075 plerr.
950 2032 1196 2073 Benedictin.;
1229 2043 1397 2075 perseue-

62 2089 146 2112 rans
178 2078 375 2112 lamentari
405 2079 589 2112 mortuum
621 2078 730 2111 deum
763 2079 799 2112 et
831 2081 982 2112 cantans
1007 2079 1150 2123 ,βορέας
1174 2082 1273 2112 vetus
1298 2080 1398 2113 eod.“

61 2125 402 2165 Benedictinorum;
438 2135 674 2168 perseverans
712 2126 749 2158 et
784 2125 1111 2159 lamentationibus
1149 2125 1398 2160 fallacissimis

61 2173 246 2205 mortuum
274 2171 382 2204 deum
410 2172 560 2205 cantans
586 2181 605 2204 v
625 2172 636 2214 ΙΙ
659 2174 699 2204 15
726 2170 906 2205 iudicibus
932 2171 1040 2205 RAL
1067 2174 1165 2214 (396,
1190 2175 1272 2213 13);
1298 2183 1320 2206 a
1344 2173 1396 2206 iu-

64 2217 204 2252 dicibus
228 2228 249 2251 v
275 2219 286 2261 ΙΙ
315 2222 357 2251 23
384 2217 492 2251 indie.
521 2217 594 2258 R¹,-
619 2228 641 2251 a
666 2216 774 2252 iudic.
802 2218 892 2252 ALv
923 2219 935 2262 ΙΙ
961 2222 1003 2252 25
1030 2218 1191 2252 uiderint
1216 2219 1270 2260 A;
1297 2218 1397 2253 uide—

60 2264 131 2298 rim
154 2264 209 2306 R,-
233 2263 367 2298 viderit
390 2275 410 2298 v

1426 837 1468 866 10

1427 1127 1468 1157 15

1424 1418 1468 1448 20

1424 1709 1468 1739 25
