1611 2465
74 702 115 732 10

76 995 117 1025 15

78 1580 121 1610 25

79 1874 122 1904 30

141 69 228 108 414
679 75 704 101 s.
725 75 942 102 Avous‘rnu

142 172 257 217 atque
290 166 354 205 illo
388 167 448 204 die
481 165 615 204 iudicii
641 166 851 203 novissimo
884 170 923 203 et
954 177 1092 215 magno
1124 165 1323 217 loquatur3
1355 166 1406 203 ita
1439 170 1483 204 ut

142 225 317 275 dignosci
344 237 421 262 non
449 226 572 275 possit
598 225 768 276 omnino,
800 225 875 262 nisi
902 236 958 275 ea,
990 235 1088 274 quae
1121 224 1222 274 apud
1255 229 1336 262 tres
1369 235 1480 262 evan-

141 284 298 335 gelistas
324 283 573 332 Matthaeum,
604 281 778 320 Marcum
804 288 843 320 et
868 281 1012 321 Lucam
1045 281 1092 320 de
1124 282 1196 320 hae
1227 294 1270 320 re
1303 282 1482 320 similiter

142 342 244 380 dicta
276 347 380 393 sunt,
411 343 515 379 inter
547 353 587 379 se
621 342 748 378 omnia
781 341 1045 379 conferantur.
1108 340 1305 386 Quaedam
1338 342 1482 391 quippe

142 400 239 439 alter
283 400 510 451 obscurius,
553 399 650 437 alter
688 399 855 450 explicat
890 399 1064 451 planius,
1111 405 1153 437 ut
1192 412 1259 451 ea,
1298 411 1395 449 quae
1435 398 1481 437 ad

143 471 259 497 unam
298 470 381 496 rem
418 459 656 509 pertinentia
694 458 895 509 dicuntur,
934 464 1117 509 appareat
1156 458 1258 496 unde
1291 458 1481 496 dicantur.

143 517 254 562 Quod
294 517 421 555 facere
460 522 674 567 utcumque
714 518 847 555 curavi
877 518 917 554 in
950 516 1113 567 quadam
1147 516 1329 568 epistula,
1367 527 1483 566 quam

142 577 328 626 rescripsi
367 576 411 613 ad
451 575 586 613 beatae
626 577 835 613 memoriae
874 577 1002 613 virum
1040 575 1296 626 Hesychium,
1335 574 1482 612 Saloni-

143 642 255 672 tanae
282 633 392 672 urbis
420 635 660 685 episcopum,
693 635 805 672 cuius
833 634 1021 684 epistulae
1048 633 1185 673 titulus
1212 639 1288 672 est:
1320 632 1374 671 De
1405 633 1482 671 fine

141 693 296 731 saeculi.

260 751 429 790 Proinde
467 753 542 790 iam
574 751 668 789 illud
708 751 771 789 hic
803 751 948 803 dicam,
986 751 1089 802 quod
1122 752 1160 789 in
1195 751 1391 801 evangelio
1425 762 1482 788 se-

143 810 315 849 cundum
347 810 583 848 Matthaeum
622 810 669 848 de
708 811 952 860 separatione
985 809 1179 848 bonorum
1217 815 1255 847 et
1294 809 1484 847 malorum

142 869 285 919 legitur
327 881 398 920 per
439 869 627 907 iudicium
667 870 1031 919 praesentissimum
1072 874 1187 918 atque
1230 869 1484 906 novissimum

144 927 299 966 Christi.
367 929 463 966 Cum
507 932 640 966 autem
683 929 853 974 venerit,
898 928 1046 977 inquit,
1086 929 1196 973 filius
1233 928 1402 965 hominis
1444 928 1484 964 in

144 989 352 1025 maiestate
389 998 481 1034 sua,
527 991 564 1024 et
609 998 741 1024 omnes
788 988 924 1034 anyeli
966 997 1055 1024 eum
1094 997 1156 1037 eo,
1201 990 1296 1023 tunc
1333 985 1486 1023 sedebit

143 1058 265 1094 super
290 1047 422 1084 sedem
449 1047 668 1083 maiestalis
693 1057 802 1096 suae,
830 1050 869 1082 et
893 1045 1251 1092 conqreqabuntur
1277 1049 1370 1082 ante
1396 1054 1484 1082 eum

145 1115 277 1142 omnes
306 1108 460 1151 uorentes,
503 1108 541 1141 et
570 1104 779 1152 separabit
809 1114 874 1141 eos
906 1103 956 1140 ab
990 1105 1173 1149 invicem,
1211 1104 1317 1140 sieut
1342 1106 1485 1150 pastor

144 1167 334 1210 seqreqcct
358 1174 448 1200 oves
474 1163 524 1199 ab
551 1163 701 1209 haedis,
735 1166 773 1199 et
796 1166 945 1199 slatuet
970 1172 1059 1199 oves
1084 1162 1242 1209 quidem
1270 1172 1295 1198 a
1327 1162 1485 1199 dextris

145 1224 238 1268 suis,
269 1222 419 1259 haedos
451 1225 583 1258 autem
615 1232 640 1258 a
671 1222 854 1258 sinistris.
922 1219 1030 1257 Tunc
1063 1221 1168 1258 dicet
1199 1231 1275 1257 rex
1306 1221 1385 1266 liis,
1417 1220 1487 1266 qui

147 1292 172 1318 a
205 1281 361 1318 dextris
393 1281 478 1317 eius
511 1284 650 1317 erunt:
700 1278 845 1329 Venite,
878 1279 1079 1316 benedicti
1104 1280 1236 1326 patris
1268 1279 1361 1325 mei,
1394 1288 1484 1326 pos-

145 1340 269 1376 sidete
314 1342 507 1387 paralum
557 1338 665 1375 vobis
715 1348 883 1384 regnum
933 1348 958 1373 a
1008 1338 1287 1375 constitutione
1336 1336 1484 1374 mundi.

147 1397 313 1435 Esurivi
343 1398 463 1443 enim,
497 1400 535 1434 et
566 1397 729 1434 dede'slis
761 1396 860 1433 milii
889 1396 1163 1439 manducare;
1194 1397 1317 1445 silivi,
1350 1399 1389 1432 et
1418 1395 1483 1432 de-

147 1457 260 1493 distis
285 1456 383 1492 milii
407 1456 542 1493 bibere
551 1468 567 1500 ,·
597 1455 737 1502 hospes
764 1465 887 1501 eram,
919 1458 957 1491 et
989 1455 1202 1501 colleqislis
1227 1465 1311 1498 me,·
1342 1454 1484 1503 nudus,

148 1519 186 1552 et
221 1515 434 1562 operuistis
472 1525 556 1558 me;
594 1515 793 1564 infirmus,
833 1517 871 1550 et
901 1514 1090 1550 visilastis
1121 1523 1203 1556 me,·
1241 1514 1281 1549 in
1314 1522 1486 1550 earcere

148 1584 279 1620 eram,
324 1577 363 1610 et
402 1574 562 1610 venistis
600 1573 656 1609 ad
691 1582 761 1609 me.
841 1570 950 1608 Tunc
991 1571 1287 1619 respondebunt
1323 1572 1362 1608 ei
1392 1571 1488 1607 iusti

149 1633 342 1670 dieentes:
375 1631 552 1677 Domine,
585 1631 745 1678 (licando
772 1634 809 1667 te
838 1631 1007 1667 vidimus
1033 1631 1281 1676 esurientem,
1314 1633 1352 1667 et
1371 1630 1484 1677 pavi-

148 1702 258 1734 mus,·
303 1691 516 1736 sitienlem,
562 1694 599 1727 et
637 1690 816 1726 dedimus
849 1689 1013 1736 potum?
1080 1689 1247 1733 Quando
1286 1692 1418 1725 uectem
1449 1691 1486 1724 te

148 1750 317 1787 vidimus
354 1749 560 1795 hospitem,
600 1752 637 1785 et
675 1749 903 1794 eolleyimus
941 1751 1000 1791 te;
1039 1751 1110 1784 aut
1139 1748 1307 1793 nudum,
1352 1750 1391 1783 et
1421 1756 1483 1783 co—

149 1809 378 1856 operuimus
411 1807 474 1843 te?
540 1807 618 1843 Aut
649 1807 809 1852 quando
842 1811 879 1843 ie
910 1806 1079 1842 vidimus
1110 1806 1310 1850 infirmum
1342 1808 1413 1841 aut
1444 1805 1484 1841 in

149 1877 336 1912 earcere,
380 1868 419 1903 et
454 1866 630 1902 venimus
668 1865 724 1902 ad
763 1865 826 1901 te?
895 1863 947 1900 Et
984 1864 1227 1910 respondens
1264 1874 1340 1900 rex
1381 1863 1487 1900 dicet

150 1926 243 1962 illis:
276 1925 399 1962 Amen
433 1924 523 1961 dico
554 1923 678 1969 vobis,
717 1923 908 1969 quamdiu
937 1920 1092 1968 fecistis
1124 1922 1197 1958 uni
1227 1921 1276 1958 de
1306 1921 1367 1958 his
1395 1919 1485 1968 fra-

245 2015 300 2057 10)
327 2013 392 2057 Ep.
421 2016 464 2046 79
490 2023 541 2055 sq.

244 2159 261 2188 1
299 2155 409 2197 atque
441 2152 486 2187 de
518 2151 583 2186 illo
614 2162 634 2186 v
659 2151 741 2193 (vol.
769 2151 811 2192 I,
837 2153 930 2192 402,
956 2153 1023 2194 29)
1059 2151 1071 2194 ΙΙ
1107 2154 1152 2184 24
1178 2149 1373 2193 operuistis
1398 2159 1486 2191 mss,-

148 2212 339 2282 ffbsspegssg
369 2199 588 2280 t{libiianirmus
615 2199 652 2233 ei:
676 2197 854 2232 visitastis
880 2208 938 2232 me
965 2208 1030 2232 om.
1056 2196 1164 2230 RAL
1200 2198 1212 2241 ΙΙ
1249 2200 1291 2231 27
1319 2196 1486 2231 dedimus
