1611 2465
85 408 104 438 ι’(

66 702 106 732 10

66 995 107 1025 15

69 2028 113 2059 30

128 66 215 107 410
664 76 690 101 s.
710 75 929 102 AUGUSTINI

129 172 317 216 rectoque
356 166 498 204 iudicio
539 165 674 203 similis
713 165 839 203 eidem
878 167 1036 204 vanitati
1074 166 1199 204 sactus
1241 171 1469 205 vanesceret

129 222 274 263 homo?
324 224 366 262 ln
393 225 531 262 diebus
558 230 687 262 tamen
712 225 890 262 vanitatis
923 236 1015 262 suae
1048 225 1213 263 interest
1245 224 1470 276 plurimum,

130 288 264 322 utrum
291 284 447 321 resistat
473 295 521 321 an
547 282 793 333 obtemperet
817 284 982 334 veritati,
1015 288 1053 321 et
1079 289 1211 321 utrum
1245 285 1296 321 sit
1328 295 1470 334 expers

131 354 243 380 verae
282 343 436 392 pietatis
475 353 523 379 an
560 343 774 392 particeps3
812 353 890 379 non
928 348 1089 392 propter
1130 344 1229 380 vitae
1262 342 1379 380 liuius
1412 341 1471 379 vel

133 400 231 438 bona
264 400 503 450 adquirenda
535 400 595 438 vel
627 400 725 438 mala
756 400 908 438 vitanda
940 401 1183 439 vanescendo
1216 402 1471 452 transeuntia,

132 459 200 497 sed
240 464 402 510 propter
440 459 616 497 futurum
649 458 853 511 iudicium,
891 471 962 510 per
1004 460 1105 510 quod
1140 465 1257 498 erunt
1289 465 1327 498 et
1358 458 1471 497 bonis

131 517 231 555 bona
271 523 309 555 et
347 517 456 555 malis
489 517 586 555 mala
619 519 702 556 sine
735 518 809 556 fine
844 530 1036 556 mansura.
1100 518 1274 569 Denique
1306 520 1380 556 iste
1414 529 1471 555 sa-

131 578 242 627 piens
285 576 389 614 hunc
429 576 573 615 librum
606 578 661 614 sic
694 576 903 628 conclusit,
940 582 984 615 ut
1016 577 1182 615 diceret:
1221 578 1348 615 Deum
1381 579 1473 615 time

133 640 171 673 et
195 637 388 674 mandata
414 637 499 674 eius
531 637 698 687 custodi,
729 637 825 683 qula
856 637 932 674 hoc
964 640 1022 674 est
1053 638 1177 674 omnis
1208 637 1345 681 h0m0;
1376 637 1474 684 quia

133 705 245 732 omne
285 695 360 732 hoe
398 706 495 743 opus
534 695 642 732 Deus
682 696 859 733 adducet
896 696 936 732 in
969 696 1162 733 iudicium
1195 697 1236 733 in
1269 696 1377 733 omni
1406 695 1472 733 de-

132 757 286 802 specto,
329 755 411 792 sive
449 754 592 792 bonum
630 755 713 792 slve
749 755 906 791 malum.
971 752 1072 798 Quid
1111 752 1290 804 brevius,
1330 754 1473 804 verius,

133 811 327 849 salubrius
367 811 442 849 dici
479 809 636 863 potuit?
698 812 842 859 Deum,
887 813 1031 864 inquit,
1077 814 1168 850 time
1206 818 1244 850 et
1280 813 1474 850 mandata

134 872 219 909 etus
245 872 412 917 custodi,
445 873 540 918 quia
566 872 642 909 hoe
668 875 728 909 est
751 873 876 909 omnis
901 872 1026 909 homo.
1091 870 1335 921 Quicumque
1370 871 1473 908 enim

134 934 205 980 est,
238 929 311 967 hoc
339 935 410 980 est,
443 935 576 967 custos
603 930 738 980 utique
766 929 1039 967 mandatorum
1071 928 1158 980 Dei3
1193 931 1373 979 quoniam
1407 929 1475 979 qui

134 987 208 1025 hoc
240 1000 318 1025 non
358 993 437 1040 est,
479 987 575 1026 nihil
608 994 684 1039 est3
723 1000 800 1026 non
840 978 942 1026 enim
983 987 1028 1025 ad
1061 989 1235 1026 veritatis
1267 989 1475 1038 imaginem

134 1046 382 1098 reformatur,
408 1058 615 1084 remanens
641 1048 679 1084 in
707 1046 958 1084 similitudine
986 1048 1176 1085 vanitatis.
1233 1048 1337 1093 Ouia
1362 1058 1475 1085 omne

135 1106 209 1143 hoe
242 1116 356 1156 opus,
397 1105 435 1143 id
474 1111 550 1156 est,
590 1105 693 1155 quod
732 1104 778 1143 ab
816 1104 972 1143 homine
1012 1105 1054 1143 fit
1086 1106 1124 1142 in
1158 1105 1228 1143 hac
1261 1107 1355 1156 vita,
1393 1107 1476 1143 sive

136 1164 278 1202 bonum
315 1166 396 1202 siue
434 1166 598 1210 malum,
638 1164 746 1202 Deus
784 1165 959 1202 adducet
998 1166 1037 1201 in
1071 1165 1265 1202 iudicem
1298 1166 1338 1202 2'72
1370 1165 1478 1202 omni

136 1224 339 1271 despecto,
372 1222 410 1260 id
444 1228 503 1260 est
534 1224 573 1260 in
606 1224 712 1259 omni
744 1223 859 1260 etiam
893 1223 959 1272 qui
992 1222 1295 1272 contemptibilis
1327 1221 1390 1260 hic
1424 1223 1474 1259 vi-

136 1280 250 1319 detur
283 1287 322 1319 et
353 1281 440 1319 ideo
473 1293 545 1319 nec
577 1281 747 1332 videtur3
790 1282 973 1330 quoniam
1006 1280 1109 1318 Deus
1143 1286 1181 1319 et
1212 1282 1341 1332 ipsum
1372 1280 1477 1318 videt

135 1351 207 1377 nec
240 1351 329 1378 eum
362 1339 528 1390 despicit
560 1351 632 1377 nec
666 1351 753 1377 cum
787 1339 932 1377 iudicat
963 1341 1163 1390 praeterit.

678 1500 831 1542 CAPUT
860 1499 935 1542 IV.

142 1587 257 1632 Quod
281 1587 337 1623 ad
361 1587 636 1624 disserendum
669 1587 718 1624 de
749 1587 958 1624 uoutsstmo
991 1587 1142 1624 dudleia
1168 1586 1245 1624 Dei
1274 1588 1366 1624 novi
1390 1587 1475 1635 pri-

218 1656 323 1682 mum
355 1646 580 1683 testamenti
611 1655 660 1682 ac
693 1645 838 1682 deiude
870 1645 1014 1682 veteris
1046 1646 1271 1682 testimonia
1298 1656 1393 1694 pro-

680 1705 837 1741 laturus
868 1705 930 1741 sz't.

255 1785 381 1823 Huius
422 1786 552 1835 itaque
592 1784 719 1823 ultimi
757 1783 890 1822 iudicii
934 1783 1001 1822 Dei
1041 1785 1261 1823 testimonia
1303 1784 1350 1823 de
1383 1786 1476 1823 scri·

137 1845 265 1895 pturis
304 1845 469 1895 sanetis,
510 1835 607 1893 quae
647 1855 794 1894 ponere
827 1844 996 1894 institui,
1036 1845 1146 1893 prius
1179 1842 1354 1893 eligenda
1386 1848 1478 1882 sunt

139 1903 184 1941 de
225 1902 334 1940 libris
372 1902 625 1940 instrumenti
664 1902 773 1952 novi,
819 1907 953 1951 postea
991 1901 1038 1939 de
1076 1902 1232 1952 veteris.
1294 1901 1477 1946 Quamvis
1531 1949 1533 1951 ι

139 1963 243 1999 enim
275 1966 406 1999 vetera
432 1962 562 2011 priora
589 1961 667 1998 sint
698 1965 886 2011 tempore,
919 1971 1015 1997 nova
1048 1965 1175 1997 tamen
1209 1960 1479 2011 anteponenda

141 2026 232 2057 sunt
265 2019 469 2071 dignitate,
511 2020 695 2070 quoniam
734 2017 795 2055 illa
837 2024 967 2055 vetera
999 2020 1206 2068 praeconia
1239 2024 1331 2057 sunt
1362 2031 1477 2057 novo-

237 2122 292 2164 11)
320 2120 439 2155 Eccle.
469 2124 522 2163 12,
551 2123 592 2154 13
621 2131 672 2163 sq.

239 2254 279 2284 10
307 2249 481 2294 despecto
507 2249 563 2283 Ru
589 2259 653 2283 sec.
682 2248 807 2284 Graec.
817 2261 829 2290 ;
855 2248 1030 2293 despectu
1056 2249 1132 2292 Aey

1604 539 1611 588 A„
