1548 2562
436 177 488 201 DE
508 175 697 202 01vrrA⁷rE
717 176 786 200 Dm
806 176 838 199 L.
859 175 973 199 xvm.
994 174 1023 199 o.
1041 175 1084 199 45.
1347 163 1432 204 327

106 267 296 318 pontifex,
335 266 400 316 qui
439 264 649 303 crudeliter
688 265 725 302 in
765 275 855 301 suos
888 274 1070 313 regnasse
1104 261 1280 300 traditur.
1342 261 1436 299 Post

106 326 209 363 hunc
235 336 333 362 uxor
360 324 443 361 eius
469 322 684 360 Alexandra
710 323 843 372 regina
870 321 1101 359 ludaeorum
1127 321 1211 371 fuit,
1244 331 1290 358 ex
1323 321 1436 357 cuius

107 389 279 433 tempore
321 381 504 431 deinceps
545 380 641 418 mala
684 385 775 418 sunt
818 392 884 417 eos
929 385 1061 417 secuta
1101 379 1287 429 graviora.
1349 377 1436 415 Filii

106 443 247 492 quippe
274 440 389 478 huius
415 438 652 476 Alexandrae
685 437 928 476 Aristobolus
962 443 999 475 et
1024 437 1226 488 Hyrcanus
1258 437 1361 474 inter
1394 447 1434 473 se

106 500 152 538 de
184 499 346 548 imperio
379 497 607 535 dimicantes
648 497 749 534 vires
782 496 966 533 adversus
997 495 1247 533 Israeliticam
1279 499 1435 544 gentem

105 568 363 608 provocavere
402 555 604 593 Romanas.
666 553 867 604 Hyrcanus
908 566 1074 603 namque
1116 553 1161 591 ab
1203 554 1259 590 eis
1301 557 1436 590 contra

106 616 266 654 fratrem
297 615 475 665 poposcit
505 612 700 651 auxilium.
762 612 872 650 Tunc
903 613 978 649 iam
1010 612 1131 649 Roma
1164 610 1437 661 subiugaverat

106 674 291 724 Africam,
329 671 601 722 subiugaverat
639 670 838 709 Graeciam
876 670 1028 720 lateque
1067 671 1182 707 etiam
1215 669 1298 707 aliis
1331 668 1436 706 orbis

106 731 282 783 partibus
313 731 508 780 imperans
540 735 735 779 tamquam
774 740 814 766 se
847 730 929 779 ipsa
961 741 1038 766 non
1072 728 1201 766 valens
1233 728 1336 765 serre
1369 738 1437 765 sua

106 802 148 828 se
174 789 340 840 quodam
366 787 479 826 modo
507 787 770 837 magnitudine
797 787 976 837 fregerat.
1032 786 1269 824 Pervenerat
1295 787 1438 836 quippe

106 848 152 886 ad
191 847 402 886 seditiones
441 846 674 884 domesticas
712 857 847 895 graves
886 851 1000 895 atque
1038 844 1128 882 inde
1170 843 1215 881 ad
1248 843 1345 881 bella
1378 855 1437 881 so—

107 906 215 945 cialia
241 917 407 955 moxque
434 904 572 955 civilia,
604 909 830 953 tantumque
864 915 904 940 se
938 904 1221 940 comminuerat
1252 908 1290 939 et
1322 902 1438 939 adtli-

107 969 232 1016 verat,
269 969 312 1001 ut
344 964 379 1001 ei
411 962 620 1001 mutandus
652 963 708 999 1ei
740 961 916 1011 publicae
949 966 1091 1011 status,
1124 972 1200 1010 quo
1233 965 1440 1010 regeietul

107 1022 277 1073 regibus,
308 1022 539 1059 immineret.
578 1009 808 1069 *Pompeius
834 1031 939 1070 ergo,
970 1018 1103 1069 populi
1134 1018 1298 1056 Romani
1329 1030 1439 1068 plae-

108 1081 345 1119 clarissimus
376 1080 576 1129 princeps,
613 1077 792 1115 Iudaeam
825 1089 913 1115 cum
946 1078 1121 1115 exe1citu
1154 1078 1355 1126 ing1essus
1388 1077 1439 1113 ci-

107 1140 266 1177 vitatem
303 1138 422 1189 capit,
459 1136 648 1187 templum
686 1141 853 1187 reserat,
894 1148 971 1173 non
1004 1136 1208 1173 devotione
1242 1134 1441 1185 supplicis,

108 1196 175 1235 sed
207 1198 292 1234 iure
324 1196 499 1246 victoris,
532 1201 570 1232 et
602 1194 647 1232 ad
680 1199 812 1232 sancta
844 1199 1088 1244 sanctorum,
1122 1205 1198 1243 quo
1231 1194 1305 1230 nisi
1338 1205 1440 1231 sum-

109 1267 213 1294 mum
253 1253 495 1292 sacerdotem
532 1264 609 1290 non
648 1252 787 1290 licebat
823 1253 990 1303 intrare,
1032 1264 1109 1289 non
1150 1257 1192 1289 ut
1224 1256 1442 1301 venerator,

108 1313 176 1351 sed
208 1318 251 1351 ut
281 1312 507 1363 profanator
543 1310 1055 1378 accedit?confirmatoque
1088 1309 1257 1360 Hyrcani
1288 1310 1441 1360 pontisi-

109 1376 197 1410 catu
230 1376 268 1409 et
299 1369 525 1419 subiugatae
558 1370 664 1419 genti
695 1370 864 1419 inposito
897 1368 1057 1406 custode
1090 1368 1311 1419 AntipatrO,
1344 1379 1442 1417 quos

110 1436 203 1468 tunc
240 1434 516 1479 procuratores
554 1427 758 1478 vocabant,
797 1428 967 1464 vinctum
1007 1438 1139 1464 secum
1179 1425 1443 1463 Aristobolum

109 1488 227 1526 ducit.
287 1485 345 1524 Ex
382 1486 446 1524 illo
486 1485 615 1523 ludaei
654 1487 769 1523 etiam
818 1484 1014 1523 tributarii
1051 1484 1317 1522 Romanorum
1358 1496 1443 1522 esse

111 1549 336 1596 coeperunt.
415 1543 554 1582 Postea
605 1543 762 1581 Cassius
818 1545 933 1581 etiam
989 1542 1178 1592 templum
1228 1542 1444 1592 expoliavit.

111 1603 257 1642 Deinde
304 1610 392 1653 post
444 1614 590 1653 paucos
636 1614 757 1639 annos
798 1603 913 1639 etiam
955 1600 1150 1638 Herodem
1191 1600 1445 1650 alienigenam

98 1673 242 1720 regem
267 1660 411 1699 habere
437 1666 680 1711 meruerunt,
712 1672 788 1709 quo
816 1664 1000 1709 iegnante
1028 1663 1142 1696 natus
1174 1664 1234 1696 est
1254 1658 1443 1697 Clnistus.

67 1703 189 1758 flam
214 1720 317 1757 enim
343 1724 502 1757 venerat
526 1692 726 1768 plenitudo
754 1718 939 1768 temporis
972 1717 1182 1767 significata
1215 1716 1444 1767 prophetico

112 1779 251 1828 spiritu
295 1789 365 1827 per
409 1788 452 1814 os
496 1776 739 1827 patiiaichae
772 1775 905 1827 Iacob,
945 1746 1026 1813 ubis
1049 1776 1117 1813 ait:
1164 1776 1249 1813 Non
1288 1776 1447 1821 deficiet

107 1838 298 1885 princeps
329 1847 381 1873 ex
412 1835 534 1880 Iuda„
573 1846 700 1882 neque
731 1835 816 1872 dux
848 1835 896 1872 de
923 1833 1144 1881 femoribus
1176 1835 1277 1880 eius,
1320 1835 1446 1872 donec

111 1896 245 1932 veniat
287 1895 357 1932 cui
396 1895 611 1942 repositum
655 1898 735 1939 est,
785 1897 824 1930 et
866 1894 948 1940 ipse
991 1893 1215 1940 expectatio
1257 1894 1445 1938 yenlz'um.

111 1952 196 1990 Non
229 1963 320 2002 ergo
353 1950 476 1989 defuit
500 1950 732 1989 Iudaeorum
764 1952 946 2001 princeps
979 1962 1025 1988 ex
1057 1949 1208 1987 Iudaeis
1241 1961 1365 1999 usque
1399 1950 1444 1988 ad

111 2012 229 2048 istum
273 2009 490 2057 Herodem,
535 2021 651 2059 quein
696 2010 865 2059 primum
910 2012 1147 2058 acceperunt
1191 2007 1446 2058 alienigenam

112 2080 254 2119 regem.
316 2067 487 2118 Tempus
519 2079 611 2117 ergo
644 2069 718 2105 iam
751 2072 845 2117 erat,
877 2071 920 2104 ut
952 2067 1102 2104 veniret
1133 2065 1208 2117 ille,
1241 2067 1303 2103 cui
1335 2078 1446 2116 repo-

113 2128 230 2165 situm
263 2131 356 2173 erat,
390 2125 492 2175 quod
520 2137 618 2163 novo
651 2126 887 2176 promissum
920 2130 981 2163 est
1012 2129 1257 2175 testamentO,
1291 2130 1332 2162 ut
1363 2125 1446 2175 ipse

206 2217 266 2258 29)
293 2214 380 2249 Gen.
409 2219 464 2257 49,
493 2218 546 2250 ιο.

207 2336 227 2364 3
254 2331 425 2375 deinceps
451 2330 544 2372 RR-
570 2332 607 2365 et
633 2330 802 2374 deinceps
829 2330 884 2363 Αυ
904 2331 915 2373 ΙΙ
935 2333 954 2363 9
981 2330 1062 2373 ipsa
1088 2328 1179 2371 RA‚·
1203 2328 1323 2373 ipsam
1350 2329 1408 2364 Fv

1462 504 1481 534 ιἾ

1467 795 1508 826 10

1469 1086 1510 1116 15

1469 1378 1513 1408 20

1472 1668 1514 1698 25

1472 1959 1516 1989 30
