1548 2562
392 142 443 166 DE
463 141 653 167 CIVITATE
672 142 742 166 DEI
762 142 795 167 L.
816 142 879 167 xv.
900 141 929 167 c.
951 143 991 167 14.
1306 131 1359 172 87

36 230 136 268 filius
180 231 263 268 eius
307 229 411 267 Isaac
456 235 613 268 centum
657 232 850 280 octoginta
894 235 932 268 et
974 230 1075 268 filius
1120 231 1203 268 eius
1248 229 1359 267 Iacob

35 300 156 338 prope
201 293 356 326 centum
401 289 701 339 quinquaginta,
746 294 784 326 et
828 294 992 339 quantos
1030 289 1258 338 interposita
1296 288 1360 325 ali-

36 351 178 396 quanta
219 351 341 384 aetate
374 345 524 395 Moyses
569 352 725 384 centum
768 348 920 398 viginti,
965 353 1003 384 et
1043 352 1207 396 quantos
1249 347 1362 383 etiam

36 416 139 442 nunc
182 405 314 442 vivunt
350 403 526 441 homines
573 406 814 455 septuaginta
853 405 911 443 vel
950 406 1143 455 octoginta
1180 404 1239 442 vel
1286 416 1363 441 non

35 462 157 500 multo
189 462 365 514 amplius,
397 462 443 499 de
476 461 617 512 quihus
649 462 797 501 dictum
830 469 906 502 est:
940 464 991 500 Et
1021 465 1188 511 amplius
1220 464 1276 501 eis
1308 465 1362 500 la-

36 522 108 559 bor
140 525 177 558 el
209 522 330 558 dolor.

152 577 218 616 llla
262 590 353 615 vero
397 590 652 616 numerorum
693 580 878 625 varietaS,
924 591 1020 628 quae
1065 580 1167 617 inter
1212 579 1364 616 codices

36 635 234 674 Hebraeos
265 637 460 674 invenitur
492 642 530 674 et
561 641 736 688 nostros,
776 648 902 686 neque
935 637 981 675 de
1013 637 1085 675 hae
1117 638 1364 686 antiquorum

36 694 290 745 longaevitate
331 694 530 746 dissentit,
572 699 610 733 et
649 696 680 732 si
713 694 804 745 quid
836 694 952 732 habet
983 697 1035 733 ita
1067 695 1281 742 diversum,
1323 700 1366 732 ut

36 764 172 791 verum
210 765 295 790 esse
333 758 543 802 utrumque
584 765 662 790 non
700 754 839 804 possit,
877 765 1010 790 rerum
1042 759 1238 803 gestarum
1270 752 1365 790 fides

36 810 82 848 ab
109 823 154 848 ea
178 810 306 862 lingua
334 810 543 861 repetenda
570 816 639 862 est,
672 823 715 848 ex
744 823 817 861 qua
843 812 1140 861 interpretatum
1174 817 1232 849 est
1265 811 1368 861 quod

36 868 235 907 habemus.
298 868 403 914 Quae
443 869 603 907 facultas
645 881 733 907 cum
768 868 983 907 volentibus
1016 869 1160 919 ubique
1194 871 1367 919 gentium

36 933 191 978 praesto
219 929 279 978 sit,
312 939 389 965 non
415 933 543 966 tamen
570 932 688 978 vacat,
720 927 822 977 quod
856 929 1099 977 septuaginta
1131 929 1368 977 interpretes

37 987 76 1023 in
120 985 318 1036 plurimis,
360 998 456 1035 quae
495 986 644 1023 diversa
683 985 812 1023 dicere
852 985 1049 1036 videntur,
1092 998 1137 1023 ex
1180 985 1367 1023 Hebraeis

38 1043 237 1082 codicibus
276 1043 480 1081 emendare
519 1056 636 1082 ausus
676 1049 735 1081 est
775 1055 899 1082 nemo.
962 1043 1046 1081 Non
1080 1045 1182 1081 enim
1215 1049 1274 1081 est
1305 1043 1366 1081 illa

38 1102 240 1140 diversitas
278 1107 410 1152 putata
451 1101 704 1153 mendositas3
743 1113 814 1139 nec
855 1114 925 1152 ego
967 1101 1044 1139 ullo
1084 1101 1197 1139 modo
1230 1108 1366 1152 putan-

39 1160 124 1198 dam
164 1161 358 1198 existimo:
400 1160 466 1198 sed
505 1159 572 1198 ubi
610 1172 687 1198 non
726 1166 785 1198 est
822 1161 1025 1210 scriptoris
1063 1172 1191 1206 error,
1224 1159 1367 1210 aliquid

40 1230 105 1256 eos
137 1217 265 1256 divino
299 1219 455 1270 spiritu,
495 1218 560 1256 ubi
593 1230 731 1257 sensus
763 1224 867 1256 esset
898 1223 1183 1256 consentaneus
1216 1219 1368 1255 veritati

39 1282 78 1315 et
108 1275 336 1326 praedicans
368 1278 579 1328 veritatem,
611 1289 687 1314 non
720 1278 1060 1326 interpretantium
1094 1288 1267 1322 1111111616,
1301 1275 1367 1313 sed

39 1335 354 1385 prophetantium
393 1334 570 1372 libertate
609 1335 719 1372 aliter
757 1334 886 1372 dicere
924 1334 1090 1372 voluisse
1130 1334 1403 1371 credendum*

41 1399 110 1431 est.
160 1392 269 1431 Unde
300 1393 439 1430 merito
466 1405 542 1430 non
570 1393 695 1431 solum
720 1392 919 1443 Hebraeis,
950 1404 1085 1430 verum
1118 1394 1232 1430 etiam
1264 1393 1370 1443 ipsis,

41 1463 130 1489 cum
168 1449 324 1488 adhibet
361 1452 582 1489 testimonia
621 1451 667 1489 de
707 1452 930 1501 scripturiS,
973 1452 1028 1488 uti
1067 1451 1275 1501 apostolica
1313 1452 1368 1487 in-

41 1511 195 1547 venitur
236 1510 456 1547 auctoritas
520 1509 595 1547 Sed
636 1509 726 1547 hinc
767 1521 828 1547 1116
870 1510 1149 1559 opportuniore
1191 1508 1296 1559 loc0,
1338 1509 1370 1546 si

42 1567 145 1606 Deus
177 1567 378 1619 adiuverit,
409 1568 571 1618 promisi
603 1567 826 1617 diligentius
858 1567 1097 1618 locuturum3
1130 1578 1234 1604 nunc
1268 1566 1370 1615 quod

41 1627 159 1664 instat
199 1625 410 1676 expediam.
471 1625 556 1663 Non
594 1627 697 1663 enim
729 1624 1002 1674 ambigendum
1034 1629 1094 1661 est
1125 1623 1170 1661 ab
1204 1624 1371 1675 homine,

43 1685 109 1734 qui
149 1695 195 1721 ex
232 1685 356 1733 primo
395 1683 549 1720 homine
588 1685 737 1733 primus
775 1688 834 1721 est
866 1688 996 1733 natus,
1041 1681 1192 1732 quando
1226 1681 1371 1720 tamdiu

42 1741 237 1792 vivebant,
269 1742 442 1791 potuisse
476 1743 660 1779 constitui
694 1742 898 1792 civitatem,
931 1752 1020 1777 sane
1055 1745 1261 1792 terrenam,
1294 1752 1371 1777 non

42 1799 166 1851 illam,
210 1811 307 1849 quae
348 1799 490 1837 dicitur
527 1801 660 1837 civitas
692 1799 782 1849 Dei,
826 1798 872 1836 de
912 1810 985 1848 qua
1023 1804 1067 1836 ut
1098 1798 1372 1849 scriberemus,

43 1857 215 1896 laborem
248 1858 343 1895 tanti
375 1857 490 1895 huius
522 1859 652 1908 operis
683 1858 723 1895 in
756 1869 891 1894 manus
924 1858 1172 1907 sumpsimus.

44 2019 88 2051 89
141 1971 172 2050 13
198 1969 286 2003 Gen.
313 1972 374 2012 35,
406 1973 461 2004 28.
511 1971 546 2012 2)
574 1969 662 2003 Gen.
690 1973 750 2011 47,
784 1972 838 2003 28.
890 1970 924 2011 3)
952 1968 1057 2002 Dent.
1085 1971 1147 2010 34,
1175 1972 1204 2002 7.
1256 1970 1289 2011 6)
1315 1968 1371 2003 Pe.

93 2044 101 2059 ‚
130 2021 146 2050 1
176 2044 182 2051 .

142 2159 183 2189 19
210 2165 357 2189 munere
382 2164 470 2197 mss‚·
494 2164 594 2188 more
620 2165 640 2188 v

1395 760 1436 790 10

1397 1051 1436 1081 15

1397 1630 1440 1660 25
