1548 2562
401 149 454 174 DE
474 149 664 174 CIVITATE
683 150 753 175 DEI
772 150 806 175 L.
826 149 890 175 xv.
916 149 944 175 c.
964 150 989 175 7.
1010 150 1035 174 8.
1329 140 1381 180 71

53 239 105 275 ei:
145 237 420 286 Multiplicaus
460 239 730 286 multiplicabo
769 240 952 276 tristitias
996 242 1085 276 tuas
1122 241 1161 275 et
1193 240 1383 285 qemitum

51 300 177 342 tuum,
216 300 254 334 et
284 297 325 333 in
357 297 529 333 tristitiis
556 299 695 344 paries
723 298 850 344 filios,
882 296 1020 334 deinde
1054 295 1216 333 addidit:
1249 296 1300 333 Et
1331 297 1387 334 ad

51 355 179 391 virum
205 358 315 391 tuum
341 356 546 392 conversio
573 359 654 400 tua,
687 360 725 391 et
750 357 831 403 ipse
853 357 917 392 ‘tui
940 355 1221 392 dominabitur.
1272 353 1383 398 Quod

50 411 197 449 dictum
229 416 288 449 est
319 411 365 449 ad
398 410 490 449 Cain
523 411 569 449 de
601 418 761 462 peceato
794 412 851 450 vel
884 412 931 450 de
963 413 1101 450 vitiosa
1133 413 1261 449 earnis
1293 424 1383 449 eon-

51 470 302 521 cupiscentia,
333 469 407 507 hoo
434 471 508 507 isto
534 469 619 507 loco
652 470 699 507 de
730 471 948 520 peceatrice
981 470 1141 521 semina3
1174 469 1241 507 ubi
1271 469 1382 508 intel-

49 527 257 577 legendum
295 533 355 565 est
394 529 520 575 virum
552 528 599 565 ad
630 528 839 577 regendam
871 540 1034 566 uxorem
1066 529 1193 566 animo
1226 539 1384 566 carnem

49 587 201 635 regenti
227 585 390 623 similem
418 597 503 623 esse
531 590 724 636 oportere.
785 585 952 636 Propter
978 586 1080 635 quod
1108 586 1200 624 dicit
1232 592 1383 637 aposto—

49 642 127 681 lus:
177 644 254 690 Qui·
291 645 421 691 diliyit
458 655 625 682 uxorem
663 655 793 691 suam,
836 656 878 682 se
918 646 1044 692 ipsum
1077 646 1228 692 dilima-
1272 656 1384 682 nemo

49 703 152 739 enim
184 712 370 749 umquam
411 713 575 740 carnem
606 713 719 740 suam
750 703 840 740 odio
872 703 1022 740 habuit.
1085 702 1261 740 Sananda
1294 708 1386 740 sunt

50 760 153 797 enim
186 759 280 797 haee
313 761 415 797 sicut
446 765 590 811 nostra,
621 772 698 797 non
731 761 832 797 sient
864 760 986 797 aliena
1019 760 1244 799 damnanda.
1307 759 1382 798 Sed

50 816 143 855 illud
189 817 257 855 Dei
307 823 561 868 praeceptum
605 817 697 855 Cain
749 819 850 856 sicut
894 820 1180 868 praevaricator
1223 820 1384 869 aceepit.

48 874 313 913 Invalescente
365 877 507 926 quippe
561 875 795 914 invidentiae
838 877 930 914 vitio
976 876 1136 914 fratrem
1179 877 1384 915 insidiatus

50 933 202 971 occidit.
253 933 355 971 Talis
388 939 471 972 erat
502 940 681 972 terrenae
715 934 893 972 conditor
925 935 1101 972 civitatis
1153 934 1237 979 Quo
1270 934 1384 972 modo

49 996 178 1030 autem
211 992 485 1041 significaverit
516 993 631 1030 etiam
664 991 844 1043 Iudaeos,
883 1004 902 1029 a
936 992 1078 1042 quibus
1111 992 1290 1031 Christus
1321 1005 1384 1031 oe-

49 1050 154 1087 cisus
187 1055 245 1088 est
276 1055 409 1100 pastor
441 1051 569 1088 ovium
600 1050 814 1101 hominum,
847 1062 962 1099 quein
994 1056 1126 1100 pastor
1159 1053 1288 1088 ovium
1320 1063 1384 1101 pe-

49 1119 184 1146 corum
210 1107 494 1158 praefigurabat
518 1107 625 1159 Abel,
657 1109 747 1158 quia
778 1110 817 1146 in
850 1108 1030 1158 allegoria
1063 1108 1289 1159 prophetica
1321 1121 1385 1147 res

49 1170 119 1217 est,
150 1177 267 1216 parco
294 1178 398 1204 nunc
425 1166 568 1217 dicere,
600 1172 638 1204 et
664 1166 851 1216 quaedam
878 1166 968 1204 hinc
994 1167 1179 1205 adversus
1200 1167 1386 1205 Faustum

48 1222 315 1262 Manichaeum
347 1224 489 1262 dixisse
522 1235 582 1262 me
616 1224 756 1262 recolo,

563 1360 718 1402 CAPUT
744 1361 861 1402 VHI.

126 1445 236 1490 Quae
267 1447 373 1483 ratio
401 1444 539 1492 fuerit,
571 1450 615 1483 ut
651 1446 749 1483 Cain
782 1447 886 1484 inter
913 1448 1121 1495 principia
1149 1448 1312 1493 qeneris

400 1504 566 1541 humaui
596 1505 786 1541 conderet
818 1506 1027 1542 civitatem.

165 1583 278 1622 Nunc
304 1589 433 1622 autem
466 1583 706 1622 defendenda
740 1584 833 1621 mihi
864 1584 1017 1622 videtur
1048 1585 1222 1637 historia,
1254 1597 1302 1623 ne
1336 1587 1386 1624 sit

49 1644 243 1693 scriptura
268 1641 519 1693 incredibilis,
545 1653 642 1691 quae
669 1642 764 1679 dicit
788 1641 1025 1680 aedificatam
1052 1642 1098 1680 ab
1124 1655 1202 1681 uno
1228 1643 1384 1682 homine

49 1702 244 1738 civitatem
276 1712 322 1738 eo
354 1706 548 1751 tempore,
587 1712 663 1749 quo
702 1711 779 1737 non
817 1699 904 1750 plns
936 1712 1052 1750 quam
1090 1702 1162 1739 viri
1201 1707 1385 1751 quattuor

49 1758 108 1796 vel
139 1759 270 1808 potius
295 1763 388 1809 tres,
420 1763 554 1808 postea
586 1769 701 1807 quam
734 1758 893 1795 fratrem
926 1759 1045 1796 frater
1077 1758 1231 1811 oceidit,
1263 1760 1382 1798 fuisse

47 1816 230 1854 videntur
266 1817 307 1853 in
347 1821 468 1867 terra,
509 1815 547 1853 id
581 1821 640 1853 est
670 1817 819 1866 primus
850 1815 965 1854 homo
999 1822 1108 1867 pater
1140 1819 1312 1855 omnium
1345 1824 1384 1856 et

48 1876 131 1925 ipse
163 1873 256 1912 Cain
288 1879 326 1911 et
369 1875 452 1912 eius
484 1874 585 1912 filius
617 1873 769 1925 Enoch,
807 1886 853 1912 ex
886 1875 997 1912 euius
1030 1876 1186 1913 nomine
1218 1877 1300 1925 ipsa
1331 1877 1383 1914 ci-

47 1934 146 1971 vitas
178 1937 400 1982 nuncupata
433 1937 502 1969 est.
566 1931 641 1969 Sed
675 1931 747 1970 hoe
780 1944 877 1982 quos
911 1939 1055 1984 movet,
1087 1944 1224 1983 parum
1258 1935 1382 1972 consi—

49 1991 186 2029 derant
228 2002 305 2028 non
350 2002 483 2028 onmes
527 1990 727 2041 homines,
772 1992 838 2040 qui
876 1996 970 2028 tune
1023 2002 1107 2028 esse
1159 1997 1382 2043 potuerunt,

50 2050 281 2099 scriptorem
320 2060 450 2086 sacrae
490 2047 605 2086 huius
637 2047 821 2086 historiae
854 2060 1013 2086 necesse
1046 2048 1227 2087 habuisse
1260 2052 1381 2088 nomi-

143 2151 177 2191 3)
204 2148 293 2183 Gen.
320 2153 353 2192 3,
382 2153 434 2183 16.
484 2150 519 2192 9)
546 2148 639 2192 Eph.
667 2153 698 2190 5,
725 2151 769 2182 28
796 2160 849 2191 sq.
902 2151 957 2191 18)
983 2149 1021 2183 L.
1053 2153 1106 2183 12.
1133 2148 1170 2184 C.
1198 2153 1229 2185 9.

143 2257 185 2288 23
212 2264 284 2287 uno
310 2263 375 2287 om.
402 2252 437 2286 R
472 2254 484 2296 ΙΙ
520 2252 668 2286 homine
694 2263 758 2287 om.
786 2253 820 2286 A
857 2254 868 2297 ΙΙ
905 2257 949 2287 24
975 2264 1048 2287 non
1073 2264 1138 2288 om.
1172 2253 1275 2288 VRA
1301 2256 1313 2298 ΙΙ
1338 2259 1381 2289 26

49 2300 158 2335 homo
184 2310 248 2335 om.
283 2299 316 2333 V

1413 769 1454 800 10

1414 1060 1455 1091 15

1411 1454 1454 1485 20

1410 1768 1453 1799 25

1408 2059 1452 2089 30
