1548 2562
416 126 469 151 DE
489 126 677 152 01v1TA⁷rE
697 126 767 151 DEI
786 126 819 150 L.
839 126 922 151 mx.
943 125 971 151 c.
992 126 1033 150 13.
1301 115 1383 156 377

55 227 130 266 que
169 216 393 267 consensio,
430 227 503 266 pax
541 217 716 265 corporis
755 221 793 253 et
830 216 978 253 animae
1016 214 1191 252 ordinata
1234 215 1308 252 vita
1347 219 1386 252 et

56 274 159 312 salus
192 275 415 324 animantis,
452 285 525 324 pax
565 272 733 311 hominis
766 273 937 313 mortalis
968 277 1008 311 et
1038 272 1108 310 Dei
1139 271 1314 310 ordinata
1345 273 1385 310 in
1444 270 1447 273 ’

55 331 129 370 fide
162 331 234 370 sub
266 337 424 369 aeterna
456 331 539 381 lege
572 330 833 383 oboedientia,
871 343 945 382 pax
975 330 1177 369 hominum
1209 331 1385 368 ordinata

57 390 274 441 concordia,
304 401 378 440 pax
404 389 542 427 domus
569 389 744 428 ordinata
769 389 985 440 imperandi
1011 394 1126 439 atque
1153 388 1385 427 oboediendi

54 447 260 486 concordia
293 447 616 499 cohabitantium,
653 460 726 498 pax
764 449 929 486 civitatis
961 448 1137 486 ordinata
1168 446 1385 498 imperandi

54 511 169 556 atque
202 505 433 544 oboediendi
465 505 672 544 concordia
705 507 864 558 civium,
905 518 978 557 pax
1011 505 1188 544 caelestis
1220 506 1385 543 civitatis

55 564 340 603 ordinatissima
384 569 423 602 et
465 564 769 602 concordissima
817 566 981 603 societas
1026 564 1181 602 fruendi
1224 563 1303 601 Deo
1348 568 1386 601 et

54 622 220 661 invicem
252 624 292 661 in
324 622 422 674 Deo,
462 634 535 673 pax
567 624 740 661 omnium
772 634 904 661 rerum
937 622 1195 672 tranquillitas
1227 621 1385 660 ordinis.

55 680 160 719 Ordo
204 685 264 720 est
288 682 461 731 .pa1·ium
501 680 793 731 dispariumque
836 693 967 719 rerum
1012 693 1080 719 sua
1121 682 1262 730 cuique
1303 679 1386 717 loca

54 738 232 777 tribuens
276 739 490 790 dispositio.
551 738 718 777 Proinde
764 740 916 791 miseri,
960 740 1069 791 quia,
1113 741 1152 777 in
1197 744 1385 788 quantum

56 798 188 835 miseri
220 803 328 849 sunt,
366 799 501 847 utique
535 798 574 835 in
607 808 700 847 pace
733 810 810 835 non
842 803 950 849 sunt,
993 797 1268 847 tranquillitate
1303 798 1384 846 qui-

54 855 143 893 dem
187 855 334 894 ordinis
377 861 531 907 carent,
581 856 648 894 ubi
698 855 939 906 perturbatio
967 855 1088 894 nulla
1132 862 1207 907 est3
1252 866 1387 893 verum

55 919 184 952 tamen
226 915 315 964 quia
356 915 494 952 merito
532 915 711 964 iusteque
750 919 841 952 sunt
878 915 1031 965 miseri,
1071 915 1110 952 in
1149 926 1193 952 ea
1232 925 1386 963 quoque

55 974 138 1022 ipsa
170 973 325 1010 miseria
363 984 432 1010 sua
472 978 626 1023 praeter
658 972 835 1010 ordinem
868 984 952 1010 esse
985 984 1063 1010 non
1095 977 1277 1023 possunt;
1310 983 1387 1009 non

56 1030 211 1080 quidem
253 1032 450 1068 coniuncti
489 1030 632 1082 beatis,
673 1030 739 1068 sed
778 1030 824 1068 ab
864 1032 918 1068 eis
956 1036 1084 1069 tamen
1123 1030 1271 1068 ordinis
1301 1029 1386 1079 lege

55 1090 240 1138 seiuncti..
284 1088 358 1133 Qui
384 1100 473 1127 cum
500 1090 582 1127 sine
609 1088 901 1140 perturbatione
935 1094 1038 1140 sunt,
1070 1088 1200 1140 rebus,
1231 1090 1270 1126 in
1304 1090 1386 1138 qui-

55 1145 130 1188 bus,
172 1152 282 1199 sunt,
321 1153 632 1197 quantacumque
672 1149 925 1196 congruentia
958 1152 1204 1198 coaptantur;
1244 1159 1286 1184 ac
1318 1158 1388 1197 per

56 1204 129 1242 hoc
170 1206 273 1243 inest
315 1207 371 1243 eis
412 1205 559 1243 ordinis
602 1205 786 1243 nonnulla
828 1205 1107 1257 tranquillitas,
1151 1207 1253 1243 inest
1295 1217 1386 1254 ergo

57 1262 239 1301 nonnulla
271 1275 355 1313 pax.
418 1262 559 1301 Verum
592 1263 679 1302 ideo
712 1265 844 1302 miseri
877 1270 980 1315 sunt,
1012 1265 1123 1315 qnia‚'
1146 1265 1218 1302 etsi
1250 1265 1289 1301 in
1322 1263 1386 1300 ali-

57 1333 131 1370 qua
163 1323 372 1359 securitate
412 1334 489 1359 non
527 1315 678 1373 dolent,
720 1334 796 1360 non
829 1327 959 1361 tamen
990 1321 1044 1360 ibi
1076 1327 1187 1373 sunt,
1231 1321 1297 1359 ubi
1330 1333 1386 1359 se·
1415 1331 1423 1342 ⁴

58 1380 143 1417 curi
183 1391 269 1417 esse
311 1392 354 1418 ac
396 1379 526 1418 dolere
566 1377 642 1418 non
685 1379 867 1431 debeant3
908 1381 1132 1418 miseriores
1165 1385 1314 1430 autem,
1356 1380 1389 1417 si

57 1449 129 1488 pax
171 1438 228 1475 eis
265 1450 353 1476 cum
393 1439 476 1488 ipsa
515 1438 598 1489 lege
637 1451 714 1476 non
753 1445 829 1490 est,
871 1451 945 1488 qua
978 1438 1164 1477 naturalis
1196 1438 1291 1476 ordo
1325 1437 1387 1476 ad-

59 1496 312 1534 ministratur,
375 1495 471 1534 Cum
515 1502 645 1535 autem
688 1497 839 1548 dolent,
884 1509 929 1534 ex
974 1509 1047 1547 qua
1092 1502 1201 1547 parte
1246 1496 1389 1548 dolent,

57 1555 162 1604 pacis
203 1553 446 1604 perturbatio
488 1554 586 1593 facta
628 1560 704 1606 est3
744 1557 783 1593 in
823 1555 885 1592 illa
924 1567 1014 1592 vero
1056 1555 1181 1593 adhuc
1213 1567 1286 1605 pax
1318 1560 1389 1605 est,

58 1613 95 1650 in
124 1624 198 1662 qua
225 1624 297 1650 nec
323 1612 433 1650 dolor
465 1614 544 1651 urit
575 1625 647 1651 nec
680 1625 864 1664 compago
896 1615 978 1663 ipsa
1010 1613 1244 1651 dissolvitur.
1298 1612 1387 1652 ,Sic-

19 1675 21 1678 ⁴
59 1674 101 1708 ut
134 1682 226 1720 ergo
266 1676 325 1708 est
356 1671 543 1720 quaedam
583 1672 657 1709 vita
699 1673 781 1709 sine
814 1671 965 1723 dolore,
1003 1671 1112 1709 dolor
1144 1676 1273 1710 autem
1306 1672 1388 1709 sine

60 1727 185 1777 aliqua
226 1729 302 1766 vita
344 1740 428 1766 esse
470 1740 547 1767 non
585 1735 731 1780 potest:
773 1731 828 1767 sic
871 1735 929 1767 est
967 1730 1154 1780 quaedam
1191 1742 1265 1780 pax
1306 1730 1389 1767 sine

60 1785 143 1823 ullo.
164 1785 288 1838 bello,
320 1785 463 1824 bellum
495 1799 586 1825 vero
618 1800 704 1826 esse
737 1789 819 1826 sine
852 1788 977 1838 aliqua
1008 1800 1102 1839 pace
1136 1800 1213 1826 non
1245 1793 1390 1839 potest3

1414 745 1455 775 10

1416 1035 1457 1066 15

1416 1620 1459 1650 25

61 1856 137 1881 non
178 1844 394 1883 secundum
436 1845 494 1896 id,
539 1846 641 1895 quod
679 1846 822 1884 bellum
861 1852 940 1897 est,
985 1846 1052 1884 sed
1094 1846 1308 1884 secundum
1339 1845 1390 1898 id,
1450 1848 1453 1851 '

60 1901 163 1952 quod
195 1901 241 1940 ab
267 1904 324 1941 eis
350 1902 474 1957 vel'in
501 1904 556 1942 eis
583 1906 744 1956 geritur,
776 1916 873 1955 quae
906 1904 1055 1955 aliquae
1088 1909 1248 1943 naturae
1281 1910 1389 1955 sunt3

60 1960 162 2010 quod
202 1960 306 1999 nullo
344 1960 459 2000 modo
499 1968 646 2010 essent,
686 1964 717 2001 si
759 1975 834 2000 non
869 1962 1140 2013 qualicumque
1174 1974 1267 2013 pace
1300 1962 1389 2000 sub-

61 2019 256 2056 sisterent.

140 2074 144 2078 ”
179 2076 424 2128 Quapropter
450 2083 509 2116 est
535 2069 683 2130 natura,
715 2080 754 2117 in
781 2091 855 2129 qua
888 2079 1035 2117 nullum
1068 2079 1210 2117 malum
1242 2085 1302 2118 est
1334 2079 1392 2118 vel

61 2134 176 2172 etiam
208 2135 247 2172 in
280 2147 354 2185 qua
385 2135 534 2174 nullum
572 2148 658 2175 esse
690 2137 832 2175 malum
863 2143 1009 2188 potest;
1048 2150 1133 2176 esse
1166 2143 1294 2176 autem
1326 2150 1390 2175 na-

158 2284 198 2315 15
225 2282 424 2327 coniuncti]
452 2294 534 2317 cum
559 2283 613 2317 R¹
641 2285 652 2328 ΙΙ
680 2288 721 2318 16
749 2284 1028 2319 conturbatione
1054 2284 1137 2329 1211}
1158 2288 1200 2319 18
1227 2285 1283 2319 est
1306 2284 1345 2318 in
1370 2296 1390 2319 v

1416 1912 1461 1943 30
