<?xml version="1.0" encoding="UTF-8"?>
<!DOCTYPE html PUBLIC "-//W3C//DTD XHTML 1.0 Transitional//EN"
    "http://www.w3.org/TR/xhtml1/DTD/xhtml1-transitional.dtd">
<html xmlns="http://www.w3.org/1999/xhtml" xml:lang="en" lang="en">
 <head>
  <title>
</title>
<meta http-equiv="Content-Type" content="text/html;charset=utf-8" />
  <meta name='ocr-system' content='tesseract 3.04.00' />
  <meta name='ocr-capabilities' content='ocr_page ocr_carea ocr_par ocr_line ocrx_word'/>
</head>
<body>
  <div class='ocr_page' id='page_1' title='image "./sanctiaureliiaug02auguuoft_0259.png"; bbox 0 0 1548 2562; ppageno 0'>
   <div class='ocr_carea' id='block_1_1' title="bbox 379 138 1389 179">
    <p class='ocr_par' dir='ltr' id='par_1_1' title="bbox 379 138 1389 179">
     <span class='ocr_line' id='line_1_1' title="bbox 379 138 1389 179; baseline 0.006 -11"><span class='ocrx_word' id='word_1_1' title='bbox 379 144 430 168; x_wconf 83' lang='lat' dir='ltr'>DE</span> <span class='ocrx_word' id='word_1_2' title='bbox 451 143 638 170; x_wconf 79' lang='lat' dir='ltr'>CIVITATE</span> <span class='ocrx_word' id='word_1_3' title='bbox 658 145 728 169; x_wconf 78' lang='lat' dir='ltr'>Dm</span> <span class='ocrx_word' id='word_1_4' title='bbox 748 145 780 170; x_wconf 79' lang='lat' dir='ltr'>L.</span> <span class='ocrx_word' id='word_1_5' title='bbox 802 145 899 170; x_wconf 79' lang='lat' dir='ltr'>xvn.</span> <span class='ocrx_word' id='word_1_6' title='bbox 919 145 949 171; x_wconf 82' lang='lat' dir='ltr'>o.</span> <span class='ocrx_word' id='word_1_7' title='bbox 969 147 1010 171; x_wconf 81' lang='lat'>22.</span> <span class='ocrx_word' id='word_1_8' title='bbox 1032 147 1072 171; x_wconf 77' lang='lat'>23.</span> <span class='ocrx_word' id='word_1_9' title='bbox 1305 138 1389 179; x_wconf 76' lang='lat'>253</span> 
     </span>
    </p>
   </div>
   <div class='ocr_carea' id='block_1_2' title="bbox 52 234 1392 458">
    <p class='ocr_par' dir='ltr' id='par_1_2' title="bbox 52 234 1392 458">
     <span class='ocr_line' id='line_1_2' title="bbox 52 234 1392 283; baseline 0.003 -12"><span class='ocrx_word' id='word_1_10' title='bbox 52 234 268 281; x_wconf 77' lang='lat' dir='ltr'>prophetas</span> <span class='ocrx_word' id='word_1_11' title='bbox 312 236 397 270; x_wconf 82' lang='lat' dir='ltr'>tuos</span> <span class='ocrx_word' id='word_1_12' title='bbox 441 234 692 280; x_wconf 73' lang='lat' dir='ltr'>occiderunt,</span> <span class='ocrx_word' id='word_1_13' title='bbox 738 235 888 272; x_wconf 75' lang='lat' dir='ltr'>altaria</span> <span class='ocrx_word' id='word_1_14' title='bbox 929 238 998 272; x_wconf 84' lang='lat' dir='ltr'>tua</span> <span class='ocrx_word' id='word_1_15' title='bbox 1040 235 1308 283; x_wconf 76' lang='lat' dir='ltr'>suffoderunt,</span> <span class='ocrx_word' id='word_1_16' title='bbox 1354 243 1392 275; x_wconf 84' lang='lat' dir='ltr'>et</span> 
     </span>
     <span class='ocr_line' id='line_1_3' title="bbox 55 293 1388 340; baseline 0.002 -11"><span class='ocrx_word' id='word_1_17' title='bbox 55 301 127 339; x_wconf 68' lang='lat' dir='ltr'>eqo</span> <span class='ocrx_word' id='word_1_18' title='bbox 159 293 322 329; x_wconf 69' lang='lat' dir='ltr'>relectus</span> <span class='ocrx_word' id='word_1_19' title='bbox 362 302 446 328; x_wconf 76' lang='lat' dir='ltr'>sum</span> <span class='ocrx_word' id='word_1_20' title='bbox 478 293 598 337; x_wconf 74' lang='lat' dir='ltr'>solus,</span> <span class='ocrx_word' id='word_1_21' title='bbox 641 296 679 328; x_wconf 80' lang='lat' dir='ltr'>et</span> <span class='ocrx_word' id='word_1_22' title='bbox 708 297 911 339; x_wconf 74' lang='lat' dir='ltr'>quaerunt</span> <span class='ocrx_word' id='word_1_23' title='bbox 941 294 1114 331; x_wconf 73' lang='lat' dir='ltr'>animam</span> <span class='ocrx_word' id='word_1_24' title='bbox 1146 304 1289 340; x_wconf 76' lang='lat' dir='ltr'>meam,</span> <span class='ocrx_word' id='word_1_25' title='bbox 1329 307 1388 332; x_wconf 89' lang='lat' dir='ltr'>re-</span> 
     </span>
     <span class='ocr_line' id='line_1_4' title="bbox 56 346 1389 403; baseline 0.003 -16"><span class='ocrx_word' id='word_1_26' title='bbox 56 360 243 399; x_wconf 88' lang='lat' dir='ltr'>sponsum</span> <span class='ocrx_word' id='word_1_27' title='bbox 281 354 340 387; x_wconf 84' lang='lat' dir='ltr'>est</span> <span class='ocrx_word' id='word_1_28' title='bbox 378 360 463 387; x_wconf 85' lang='lat' dir='ltr'>esse</span> <span class='ocrx_word' id='word_1_29' title='bbox 502 346 633 399; x_wconf 86' lang='lat' dir='ltr'>&lt;illic&gt;</span> <span class='ocrx_word' id='word_1_30' title='bbox 674 355 822 399; x_wconf 80' lang='lat' dir='ltr'>septem</span> <span class='ocrx_word' id='word_1_31' title='bbox 856 348 958 389; x_wconf 88' lang='lat' dir='ltr'>milia</span> <span class='ocrx_word' id='word_1_32' title='bbox 989 352 1179 403; x_wconf 86' lang='lat' dir='ltr'>virorum,</span> <span class='ocrx_word' id='word_1_33' title='bbox 1213 354 1279 403; x_wconf 92' lang='lat' dir='ltr'>qui</span> <span class='ocrx_word' id='word_1_34' title='bbox 1311 365 1389 391; x_wconf 90' lang='lat' dir='ltr'>non</span> 
     </span>
     <span class='ocr_line' id='line_1_5' title="bbox 54 406 795 458; baseline 0.001 -14"><span class='ocrx_word' id='word_1_35' title='bbox 54 412 315 446; x_wconf 84' lang='lat' dir='ltr'>curvaverunt</span> <span class='ocrx_word' id='word_1_36' title='bbox 346 419 471 458; x_wconf 83' lang='lat' dir='ltr'>genua</span> <span class='ocrx_word' id='word_1_37' title='bbox 503 413 638 445; x_wconf 87' lang='lat' dir='ltr'>contra</span> <span class='ocrx_word' id='word_1_38' title='bbox 670 406 795 446; x_wconf 79' lang='lat' dir='ltr'>Bahal.</span> 
     </span>
    </p>
   </div>
   <div class='ocr_carea' id='block_1_3' title="bbox 554 520 1434 566">
    <p class='ocr_par' dir='ltr' id='par_1_3' title="bbox 554 520 1434 566">
     <span class='ocr_line' id='line_1_6' title="bbox 554 520 1434 566; baseline 0.003 -3"><span class='ocrx_word' id='word_1_39' title='bbox 554 520 708 563; x_wconf 73' lang='lat' dir='ltr'>CAPUT</span> <span class='ocrx_word' id='word_1_40' title='bbox 740 521 896 563; x_wconf 87' lang='lat' dir='ltr'>XXIII.</span> <span class='ocrx_word' id='word_1_41' title='bbox 1416 536 1434 566; x_wconf 81' lang='lat'>5</span> 
     </span>
    </p>
   </div>
   <div class='ocr_carea' id='block_1_4' title="bbox 50 605 1388 831">
    <p class='ocr_par' dir='ltr' id='par_1_4' title="bbox 50 605 1388 831">
     <span class='ocr_line' id='line_1_7' title="bbox 56 605 1388 655; baseline 0.005 -12"><span class='ocrx_word' id='word_1_42' title='bbox 56 605 115 643; x_wconf 83' lang='lat' dir='ltr'>De</span> <span class='ocrx_word' id='word_1_43' title='bbox 146 607 258 644; x_wconf 72' lang='lat' dir='ltr'>vario</span> <span class='ocrx_word' id='word_1_44' title='bbox 283 607 492 653; x_wconf 71' lang='lat' dir='ltr'>utriusque</span> <span class='ocrx_word' id='word_1_45' title='bbox 516 607 636 653; x_wconf 72' lang='lat' dir='ltr'>reqm‘</span> <span class='ocrx_word' id='word_1_46' title='bbox 658 606 935 645; x_wconf 78' lang='lat' dir='ltr'><em>Hebraeorum</em></span> <span class='ocrx_word' id='word_1_47' title='bbox 966 611 1083 655; x_wconf 73' lang='lat' dir='ltr'>stam,</span> <span class='ocrx_word' id='word_1_48' title='bbox 1117 609 1242 648; x_wconf 78' lang='lat' dir='ltr'>donec</span> <span class='ocrx_word' id='word_1_49' title='bbox 1275 610 1388 649; x_wconf 81' lang='lat' dir='ltr'>ambo</span> 
     </span>
     <span class='ocr_line' id='line_1_8' title="bbox 50 665 1387 714; baseline 0.004 -13"><span class='ocrx_word' id='word_1_50' title='bbox 50 665 190 712; x_wconf 71' lang='lat' dir='ltr'>populi</span> <span class='ocrx_word' id='word_1_51' title='bbox 220 666 259 702; x_wconf 72' lang='lat' dir='ltr'>in</span> <span class='ocrx_word' id='word_1_52' title='bbox 292 665 560 712; x_wconf 74' lang='lat' dir='ltr'>captivitatem</span> <span class='ocrx_word' id='word_1_53' title='bbox 593 665 747 703; x_wconf 76' lang='lat' dir='ltr'>diverso</span> <span class='ocrx_word' id='word_1_54' title='bbox 780 670 954 714; x_wconf 80' lang='lat' dir='ltr'>tempore</span> <span class='ocrx_word' id='word_1_55' title='bbox 987 667 1244 714; x_wconf 76' lang='lat' dir='ltr'>ducerentur,</span> <span class='ocrx_word' id='word_1_56' title='bbox 1277 679 1387 707; x_wconf 78' lang='lat' dir='ltr'>revo-</span> 
     </span>
     <span class='ocr_line' id='line_1_9' title="bbox 123 722 1320 772; baseline 0.004 -12"><span class='ocrx_word' id='word_1_57' title='bbox 123 727 212 760; x_wconf 76' lang='lat' dir='ltr'>cato</span> <span class='ocrx_word' id='word_1_58' title='bbox 238 727 379 771; x_wconf 73' lang='lat' dir='ltr'>postea</span> <span class='ocrx_word' id='word_1_59' title='bbox 412 722 516 760; x_wconf 78' lang='lat' dir='ltr'>Iuda</span> <span class='ocrx_word' id='word_1_60' title='bbox 549 724 589 760; x_wconf 74' lang='lat' dir='ltr'>in</span> <span class='ocrx_word' id='word_1_61' title='bbox 622 734 788 770; x_wconf 60' lang='lat' dir='ltr'>regnum</span> <span class='ocrx_word' id='word_1_62' title='bbox 820 735 943 770; x_wconf 75' lang='lat' dir='ltr'>suum,</span> <span class='ocrx_word' id='word_1_63' title='bbox 976 727 1084 772; x_wconf 79' lang='lat' dir='ltr'>quod</span> <span class='ocrx_word' id='word_1_64' title='bbox 1113 728 1320 765; x_wconf 72' lang='lat' dir='ltr'>novissime</span> 
     </span>
     <span class='ocr_line' id='line_1_10' title="bbox 317 780 1123 831; baseline 0.005 -14"><span class='ocrx_word' id='word_1_65' title='bbox 317 782 355 818; x_wconf 71' lang='lat' dir='ltr'>in</span> <span class='ocrx_word' id='word_1_66' title='bbox 390 780 659 818; x_wconf 75' lang='lat' dir='ltr'>Romanorum</span> <span class='ocrx_word' id='word_1_67' title='bbox 693 784 855 820; x_wconf 61' lang='lat' dir='ltr'>transiit</span> <span class='ocrx_word' id='word_1_68' title='bbox 880 786 1123 831; x_wconf 56' lang='lat' dir='ltr'>potestatem.</span> 
     </span>
    </p>
   </div>
   <div class='ocr_carea' id='block_1_5' title="bbox 52 861 1458 2140">
    <p class='ocr_par' dir='ltr' id='par_1_5' title="bbox 52 861 1458 2140">
     <span class='ocr_line' id='line_1_11' title="bbox 172 861 1458 913; baseline 0.005 -15"><span class='ocrx_word' id='word_1_69' title='bbox 172 861 345 911; x_wconf 80' lang='lat' dir='ltr'>Itemque</span> <span class='ocrx_word' id='word_1_70' title='bbox 372 863 411 899; x_wconf 93' lang='lat' dir='ltr'>in</span> <span class='ocrx_word' id='word_1_71' title='bbox 438 874 557 912; x_wconf 83' lang='lat' dir='ltr'>regno</span> <span class='ocrx_word' id='word_1_72' title='bbox 578 862 671 900; x_wconf 84' lang='lat' dir='ltr'>Iuda</span> <span class='ocrx_word' id='word_1_73' title='bbox 690 864 909 913; x_wconf 78' lang='lat' dir='ltr'>pertinente</span> <span class='ocrx_word' id='word_1_74' title='bbox 938 864 981 902; x_wconf 87' lang='lat' dir='ltr'>ad</span> <span class='ocrx_word' id='word_1_75' title='bbox 1004 864 1244 903; x_wconf 83' lang='lat' dir='ltr'>Hierusalem</span> <span class='ocrx_word' id='word_1_76' title='bbox 1274 868 1388 904; x_wconf 88' lang='lat' dir='ltr'>etiam</span> <span class='ocrx_word' id='word_1_77' title='bbox 1417 875 1458 905; x_wconf 88' lang='lat'>10</span> 
     </span>
     <span class='ocr_line' id='line_1_12' title="bbox 56 919 1389 975; baseline 0.004 -18"><span class='ocrx_word' id='word_1_78' title='bbox 56 931 192 970; x_wconf 84' lang='lat' dir='ltr'>regum</span> <span class='ocrx_word' id='word_1_79' title='bbox 218 919 511 958; x_wconf 84' lang='lat' dir='ltr'>succedentium</span> <span class='ocrx_word' id='word_1_80' title='bbox 538 920 778 971; x_wconf 81' lang='lat' dir='ltr'>temporibus</span> <span class='ocrx_word' id='word_1_81' title='bbox 805 933 882 959; x_wconf 91' lang='lat' dir='ltr'>non</span> <span class='ocrx_word' id='word_1_82' title='bbox 915 921 1124 961; x_wconf 81' lang='lat' dir='ltr'>defuerunt</span> <span class='ocrx_word' id='word_1_83' title='bbox 1156 924 1389 975; x_wconf 81' lang='lat' dir='ltr'>prophetae3</span> 
     </span>
     <span class='ocr_line' id='line_1_13' title="bbox 55 977 1387 1031; baseline 0.004 -16"><span class='ocrx_word' id='word_1_84' title='bbox 55 979 157 1016; x_wconf 88' lang='lat' dir='ltr'>sicut</span> <span class='ocrx_word' id='word_1_85' title='bbox 194 977 272 1016; x_wconf 84' lang='lat' dir='ltr'>Deo</span> <span class='ocrx_word' id='word_1_86' title='bbox 310 978 485 1029; x_wconf 78' lang='lat' dir='ltr'>placebat</span> <span class='ocrx_word' id='word_1_87' title='bbox 529 991 594 1016; x_wconf 86' lang='lat' dir='ltr'>eos</span> <span class='ocrx_word' id='word_1_88' title='bbox 636 980 789 1016; x_wconf 86' lang='lat' dir='ltr'>mittere</span> <span class='ocrx_word' id='word_1_89' title='bbox 835 979 893 1017; x_wconf 89' lang='lat' dir='ltr'>vel</span> <span class='ocrx_word' id='word_1_90' title='bbox 938 980 982 1018; x_wconf 90' lang='lat' dir='ltr'>ad</span> <span class='ocrx_word' id='word_1_91' title='bbox 1021 982 1387 1031; x_wconf 83' lang='lat' dir='ltr'>praenuntiandum,</span> 
     </span>
     <span class='ocr_line' id='line_1_14' title="bbox 56 1036 1386 1090; baseline 0.004 -17"><span class='ocrx_word' id='word_1_92' title='bbox 56 1036 158 1086; x_wconf 88' lang='lat' dir='ltr'>quod</span> <span class='ocrx_word' id='word_1_93' title='bbox 200 1048 297 1087; x_wconf 90' lang='lat' dir='ltr'>opus</span> <span class='ocrx_word' id='word_1_94' title='bbox 339 1042 440 1087; x_wconf 82' lang='lat' dir='ltr'>erat,</span> <span class='ocrx_word' id='word_1_95' title='bbox 487 1036 543 1074; x_wconf 85' lang='lat' dir='ltr'>vel</span> <span class='ocrx_word' id='word_1_96' title='bbox 581 1037 626 1075; x_wconf 84' lang='lat' dir='ltr'>ad</span> <span class='ocrx_word' id='word_1_97' title='bbox 668 1037 912 1088; x_wconf 89' lang='lat' dir='ltr'>corripienda</span> <span class='ocrx_word' id='word_1_98' title='bbox 951 1044 1109 1089; x_wconf 85' lang='lat' dir='ltr'>peccata</span> <span class='ocrx_word' id='word_1_99' title='bbox 1147 1042 1386 1090; x_wconf 91' lang='lat' dir='ltr'>praecipien-</span> 
     </span>
     <span class='ocr_line' id='line_1_15' title="bbox 55 1094 1386 1148; baseline 0.004 -16"><span class='ocrx_word' id='word_1_100' title='bbox 55 1095 220 1144; x_wconf 86' lang='lat' dir='ltr'>damque</span> <span class='ocrx_word' id='word_1_101' title='bbox 257 1096 455 1133; x_wconf 82' lang='lat' dir='ltr'>iustitiam.</span> <span class='ocrx_word' id='word_1_102' title='bbox 516 1094 611 1133; x_wconf 85' lang='lat' dir='ltr'>Nam</span> <span class='ocrx_word' id='word_1_103' title='bbox 652 1101 689 1133; x_wconf 86' lang='lat' dir='ltr'>et</span> <span class='ocrx_word' id='word_1_104' title='bbox 720 1095 815 1147; x_wconf 82' lang='lat' dir='ltr'>illic,</span> <span class='ocrx_word' id='word_1_105' title='bbox 855 1098 927 1135; x_wconf 88' lang='lat' dir='ltr'>etsi</span> <span class='ocrx_word' id='word_1_106' title='bbox 966 1097 1078 1147; x_wconf 85' lang='lat' dir='ltr'>longe</span> <span class='ocrx_word' id='word_1_107' title='bbox 1112 1099 1239 1136; x_wconf 89' lang='lat' dir='ltr'>minus</span> <span class='ocrx_word' id='word_1_108' title='bbox 1273 1111 1386 1148; x_wconf 85' lang='lat' dir='ltr'>quam</span> 
     </span>
     <span class='ocr_line' id='line_1_16' title="bbox 53 1152 1456 1207; baseline 0.004 -17"><span class='ocrx_word' id='word_1_109' title='bbox 53 1154 93 1190; x_wconf 92' lang='lat' dir='ltr'>in</span> <span class='ocrx_word' id='word_1_110' title='bbox 131 1152 269 1203; x_wconf 86' lang='lat' dir='ltr'>Israel,</span> <span class='ocrx_word' id='word_1_111' title='bbox 307 1158 436 1191; x_wconf 89' lang='lat' dir='ltr'>tamen</span> <span class='ocrx_word' id='word_1_112' title='bbox 475 1155 688 1191; x_wconf 87' lang='lat' dir='ltr'>extiterunt</span> <span class='ocrx_word' id='word_1_113' title='bbox 726 1166 856 1205; x_wconf 83' lang='lat' dir='ltr'>reges,</span> <span class='ocrx_word' id='word_1_114' title='bbox 898 1156 963 1205; x_wconf 82' lang='lat' dir='ltr'>qui</span> <span class='ocrx_word' id='word_1_115' title='bbox 1002 1157 1082 1193; x_wconf 90' lang='lat' dir='ltr'>suis</span> <span class='ocrx_word' id='word_1_116' title='bbox 1122 1156 1386 1207; x_wconf 86' lang='lat' dir='ltr'>impietatibus</span> <span class='ocrx_word' id='word_1_117' title='bbox 1417 1166 1456 1195; x_wconf 81' lang='lat'>15</span> 
     </span>
     <span class='ocr_line' id='line_1_17' title="bbox 55 1210 1385 1266; baseline 0.005 -18"><span class='ocrx_word' id='word_1_118' title='bbox 55 1210 177 1249; x_wconf 89' lang='lat' dir='ltr'>Deum</span> <span class='ocrx_word' id='word_1_119' title='bbox 209 1212 376 1261; x_wconf 85' lang='lat' dir='ltr'>graviter</span> <span class='ocrx_word' id='word_1_120' title='bbox 415 1211 656 1250; x_wconf 76' lang='lat' dir='ltr'>offenderent</span> <span class='ocrx_word' id='word_1_121' title='bbox 695 1218 732 1250; x_wconf 93' lang='lat' dir='ltr'>et</span> <span class='ocrx_word' id='word_1_122' title='bbox 765 1213 973 1251; x_wconf 85' lang='lat' dir='ltr'>moderatis</span> <span class='ocrx_word' id='word_1_123' title='bbox 1006 1213 1166 1264; x_wconf 78' lang='lat' dir='ltr'>flagellis</span> <span class='ocrx_word' id='word_1_124' title='bbox 1199 1227 1287 1253; x_wconf 91' lang='lat' dir='ltr'>cum</span> <span class='ocrx_word' id='word_1_125' title='bbox 1320 1228 1385 1266; x_wconf 89' lang='lat' dir='ltr'>po-</span> 
     </span>
     <span class='ocr_line' id='line_1_18' title="bbox 54 1268 1387 1322; baseline 0.004 -15"><span class='ocrx_word' id='word_1_126' title='bbox 54 1269 144 1319; x_wconf 90' lang='lat' dir='ltr'>pulo</span> <span class='ocrx_word' id='word_1_127' title='bbox 184 1268 299 1307; x_wconf 87' lang='lat' dir='ltr'>simili</span> <span class='ocrx_word' id='word_1_128' title='bbox 336 1269 612 1320; x_wconf 83' lang='lat' dir='ltr'>plecterentur.</span> <span class='ocrx_word' id='word_1_129' title='bbox 675 1269 834 1308; x_wconf 84' lang='lat' dir='ltr'>Piorum</span> <span class='ocrx_word' id='word_1_130' title='bbox 872 1283 962 1310; x_wconf 85' lang='lat' dir='ltr'>sane</span> <span class='ocrx_word' id='word_1_131' title='bbox 996 1284 1132 1322; x_wconf 82' lang='lat' dir='ltr'>regum</span> <span class='ocrx_word' id='word_1_132' title='bbox 1166 1274 1302 1311; x_wconf 90' lang='lat' dir='ltr'>merita</span> <span class='ocrx_word' id='word_1_133' title='bbox 1334 1273 1387 1312; x_wconf 90' lang='lat' dir='ltr'>ibi</span> 
     </span>
     <span class='ocr_line' id='line_1_19' title="bbox 55 1327 1387 1383; baseline 0.004 -18"><span class='ocrx_word' id='word_1_134' title='bbox 55 1339 131 1365; x_wconf 89' lang='lat' dir='ltr'>non</span> <span class='ocrx_word' id='word_1_135' title='bbox 170 1338 285 1378; x_wconf 87' lang='lat' dir='ltr'>parva</span> <span class='ocrx_word' id='word_1_136' title='bbox 323 1327 546 1379; x_wconf 84' lang='lat' dir='ltr'>laudantur3</span> <span class='ocrx_word' id='word_1_137' title='bbox 584 1330 623 1366; x_wconf 93' lang='lat' dir='ltr'>in</span> <span class='ocrx_word' id='word_1_138' title='bbox 657 1327 772 1366; x_wconf 85' lang='lat' dir='ltr'>lsrael</span> <span class='ocrx_word' id='word_1_139' title='bbox 813 1335 941 1367; x_wconf 88' lang='lat' dir='ltr'>autem</span> <span class='ocrx_word' id='word_1_140' title='bbox 984 1342 1095 1381; x_wconf 87' lang='lat' dir='ltr'>reges</span> <span class='ocrx_word' id='word_1_141' title='bbox 1128 1331 1221 1369; x_wconf 91' lang='lat' dir='ltr'>alios</span> <span class='ocrx_word' id='word_1_142' title='bbox 1254 1333 1387 1383; x_wconf 81' lang='lat' dir='ltr'>magis,</span> 
     </span>
     <span class='ocr_line' id='line_1_20' title="bbox 54 1385 1385 1440; baseline 0.004 -17"><span class='ocrx_word' id='word_1_143' title='bbox 54 1385 148 1424; x_wconf 87' lang='lat' dir='ltr'>alios</span> <span class='ocrx_word' id='word_1_144' title='bbox 174 1387 314 1437; x_wconf 83' lang='lat' dir='ltr'>minus,</span> <span class='ocrx_word' id='word_1_145' title='bbox 346 1398 480 1424; x_wconf 90' lang='lat' dir='ltr'>omnes</span> <span class='ocrx_word' id='word_1_146' title='bbox 507 1392 634 1425; x_wconf 90' lang='lat' dir='ltr'>tamen</span> <span class='ocrx_word' id='word_1_147' title='bbox 662 1387 849 1437; x_wconf 78' lang='lat' dir='ltr'>reprobos</span> <span class='ocrx_word' id='word_1_148' title='bbox 876 1388 1051 1438; x_wconf 85' lang='lat' dir='ltr'>legimus.</span> <span class='ocrx_word' id='word_1_149' title='bbox 1114 1388 1284 1439; x_wconf 83' lang='lat' dir='ltr'>Utraque</span> <span class='ocrx_word' id='word_1_150' title='bbox 1318 1391 1385 1440; x_wconf 83' lang='lat' dir='ltr'>igi-</span> 
     </span>
     <span class='ocr_line' id='line_1_21' title="bbox 54 1444 1456 1500; baseline 0.004 -18"><span class='ocrx_word' id='word_1_151' title='bbox 54 1449 119 1482; x_wconf 90' lang='lat' dir='ltr'>tur</span> <span class='ocrx_word' id='word_1_152' title='bbox 162 1456 271 1495; x_wconf 84' lang='lat' dir='ltr'>pars,</span> <span class='ocrx_word' id='word_1_153' title='bbox 316 1445 417 1482; x_wconf 88' lang='lat' dir='ltr'>sicut</span> <span class='ocrx_word' id='word_1_154' title='bbox 459 1444 618 1483; x_wconf 84' lang='lat' dir='ltr'>iubebat</span> <span class='ocrx_word' id='word_1_155' title='bbox 661 1444 786 1483; x_wconf 86' lang='lat' dir='ltr'>divina</span> <span class='ocrx_word' id='word_1_156' title='bbox 833 1446 1075 1496; x_wconf 86' lang='lat' dir='ltr'>providentia</span> <span class='ocrx_word' id='word_1_157' title='bbox 1120 1447 1179 1485; x_wconf 85' lang='lat' dir='ltr'>vel</span> <span class='ocrx_word' id='word_1_158' title='bbox 1223 1447 1385 1500; x_wconf 84' lang='lat' dir='ltr'>sinebat,</span> <span class='ocrx_word' id='word_1_159' title='bbox 1414 1457 1456 1487; x_wconf 77' lang='lat'>20</span> 
     </span>
     <span class='ocr_line' id='line_1_22' title="bbox 53 1502 1385 1557; baseline 0.005 -18"><span class='ocrx_word' id='word_1_160' title='bbox 53 1503 168 1540; x_wconf 84' lang='lat' dir='ltr'>variis</span> <span class='ocrx_word' id='word_1_161' title='bbox 203 1507 240 1540; x_wconf 88' lang='lat' dir='ltr'>et</span> <span class='ocrx_word' id='word_1_162' title='bbox 272 1502 494 1553; x_wconf 82' lang='lat' dir='ltr'>erigebatur</span> <span class='ocrx_word' id='word_1_163' title='bbox 533 1503 859 1554; x_wconf 81' lang='lat' dir='ltr'>prosperitatibus</span> <span class='ocrx_word' id='word_1_164' title='bbox 899 1511 937 1543; x_wconf 90' lang='lat' dir='ltr'>et</span> <span class='ocrx_word' id='word_1_165' title='bbox 969 1505 1266 1544; x_wconf 80' lang='lat' dir='ltr'>adversitatibus</span> <span class='ocrx_word' id='word_1_166' title='bbox 1298 1518 1385 1557; x_wconf 86' lang='lat' dir='ltr'>pre-</span> 
     </span>
     <span class='ocr_line' id='line_1_23' title="bbox 54 1559 1386 1612; baseline 0.004 -14"><span class='ocrx_word' id='word_1_167' title='bbox 54 1559 251 1610; x_wconf 86' lang='lat' dir='ltr'>mebatur,</span> <span class='ocrx_word' id='word_1_168' title='bbox 293 1566 331 1599; x_wconf 86' lang='lat' dir='ltr'>et</span> <span class='ocrx_word' id='word_1_169' title='bbox 367 1562 423 1599; x_wconf 86' lang='lat' dir='ltr'>sic</span> <span class='ocrx_word' id='word_1_170' title='bbox 462 1561 716 1612; x_wconf 81' lang='lat' dir='ltr'>adssigebatur</span> <span class='ocrx_word' id='word_1_171' title='bbox 748 1574 824 1600; x_wconf 90' lang='lat' dir='ltr'>non</span> <span class='ocrx_word' id='word_1_172' title='bbox 858 1563 981 1601; x_wconf 91' lang='lat' dir='ltr'>solum</span> <span class='ocrx_word' id='word_1_173' title='bbox 1014 1565 1205 1610; x_wconf 87' lang='lat' dir='ltr'>externis,</span> <span class='ocrx_word' id='word_1_174' title='bbox 1251 1576 1386 1603; x_wconf 89' lang='lat' dir='ltr'>verum</span> 
     </span>
     <span class='ocr_line' id='line_1_24' title="bbox 54 1619 1385 1669; baseline 0.004 -13"><span class='ocrx_word' id='word_1_175' title='bbox 54 1620 169 1657; x_wconf 88' lang='lat' dir='ltr'>etiam</span> <span class='ocrx_word' id='word_1_176' title='bbox 194 1620 297 1657; x_wconf 87' lang='lat' dir='ltr'>inter</span> <span class='ocrx_word' id='word_1_177' title='bbox 323 1631 365 1657; x_wconf 88' lang='lat' dir='ltr'>se</span> <span class='ocrx_word' id='word_1_178' title='bbox 391 1619 567 1658; x_wconf 89' lang='lat' dir='ltr'>civilibus</span> <span class='ocrx_word' id='word_1_179' title='bbox 594 1619 716 1669; x_wconf 82' lang='lat' dir='ltr'>bellis,</span> <span class='ocrx_word' id='word_1_180' title='bbox 749 1625 791 1658; x_wconf 88' lang='lat' dir='ltr'>ut</span> <span class='ocrx_word' id='word_1_181' title='bbox 823 1622 941 1659; x_wconf 88' lang='lat' dir='ltr'>certis</span> <span class='ocrx_word' id='word_1_182' title='bbox 969 1622 1225 1660; x_wconf 86' lang='lat' dir='ltr'>existentibus</span> <span class='ocrx_word' id='word_1_183' title='bbox 1259 1624 1385 1661; x_wconf 89' lang='lat' dir='ltr'>causis</span> 
     </span>
     <span class='ocr_line' id='line_1_25' title="bbox 54 1676 1385 1731; baseline 0.004 -17"><span class='ocrx_word' id='word_1_184' title='bbox 54 1676 321 1715; x_wconf 83' lang='lat' dir='ltr'>misericordia</span> <span class='ocrx_word' id='word_1_185' title='bbox 358 1677 427 1715; x_wconf 89' lang='lat' dir='ltr'>Dei</span> <span class='ocrx_word' id='word_1_186' title='bbox 466 1677 524 1716; x_wconf 88' lang='lat' dir='ltr'>vel</span> <span class='ocrx_word' id='word_1_187' title='bbox 562 1679 618 1715; x_wconf 86' lang='lat' dir='ltr'>ira</span> <span class='ocrx_word' id='word_1_188' title='bbox 654 1684 892 1730; x_wconf 85' lang='lat' dir='ltr'>patesceret,</span> <span class='ocrx_word' id='word_1_189' title='bbox 931 1679 1054 1718; x_wconf 87' lang='lat' dir='ltr'>donec</span> <span class='ocrx_word' id='word_1_190' title='bbox 1096 1681 1179 1718; x_wconf 89' lang='lat' dir='ltr'>eius</span> <span class='ocrx_word' id='word_1_191' title='bbox 1212 1680 1385 1731; x_wconf 86' lang='lat' dir='ltr'>indigna-</span> 
     </span>
     <span class='ocr_line' id='line_1_26' title="bbox 54 1736 1455 1786; baseline 0.004 -14"><span class='ocrx_word' id='word_1_192' title='bbox 54 1736 158 1773; x_wconf 85' lang='lat' dir='ltr'>tione</span> <span class='ocrx_word' id='word_1_193' title='bbox 198 1741 399 1773; x_wconf 87' lang='lat' dir='ltr'>crescente</span> <span class='ocrx_word' id='word_1_194' title='bbox 438 1736 617 1774; x_wconf 88' lang='lat' dir='ltr'>universa</span> <span class='ocrx_word' id='word_1_195' title='bbox 655 1748 749 1786; x_wconf 85' lang='lat' dir='ltr'>gens</span> <span class='ocrx_word' id='word_1_196' title='bbox 781 1736 843 1775; x_wconf 89' lang='lat' dir='ltr'>illa</span> <span class='ocrx_word' id='word_1_197' title='bbox 876 1749 896 1775; x_wconf 86' lang='lat' dir='ltr'>a</span> <span class='ocrx_word' id='word_1_198' title='bbox 928 1736 1127 1776; x_wconf 86' lang='lat' dir='ltr'>Chaldaeis</span> <span class='ocrx_word' id='word_1_199' title='bbox 1160 1737 1384 1778; x_wconf 86' lang='lat' dir='ltr'>debellanti·</span> <span class='ocrx_word' id='word_1_200' title='bbox 1411 1748 1455 1778; x_wconf 78' lang='lat'>25</span> 
     </span>
     <span class='ocr_line' id='line_1_27' title="bbox 54 1792 1386 1848; baseline 0.005 -18"><span class='ocrx_word' id='word_1_201' title='bbox 54 1792 128 1831; x_wconf 87' lang='lat' dir='ltr'>bus</span> <span class='ocrx_word' id='word_1_202' title='bbox 160 1805 237 1831; x_wconf 89' lang='lat' dir='ltr'>non</span> <span class='ocrx_word' id='word_1_203' title='bbox 276 1793 400 1831; x_wconf 91' lang='lat' dir='ltr'>solum</span> <span class='ocrx_word' id='word_1_204' title='bbox 442 1792 736 1832; x_wconf 85' lang='lat' dir='ltr'>subverteretur</span> <span class='ocrx_word' id='word_1_205' title='bbox 767 1795 806 1832; x_wconf 91' lang='lat' dir='ltr'>in</span> <span class='ocrx_word' id='word_1_206' title='bbox 840 1794 997 1834; x_wconf 89' lang='lat' dir='ltr'>sedibus</span> <span class='ocrx_word' id='word_1_207' title='bbox 1030 1798 1128 1848; x_wconf 82' lang='lat' dir='ltr'>suis,</span> <span class='ocrx_word' id='word_1_208' title='bbox 1171 1797 1237 1835; x_wconf 88' lang='lat' dir='ltr'>sed</span> <span class='ocrx_word' id='word_1_209' title='bbox 1271 1799 1386 1836; x_wconf 86' lang='lat' dir='ltr'>etiam</span> 
     </span>
     <span class='ocr_line' id='line_1_28' title="bbox 54 1852 1385 1908; baseline 0.004 -19"><span class='ocrx_word' id='word_1_210' title='bbox 54 1863 99 1889; x_wconf 88' lang='lat' dir='ltr'>ex</span> <span class='ocrx_word' id='word_1_211' title='bbox 132 1852 295 1889; x_wconf 84' lang='lat' dir='ltr'>maxima</span> <span class='ocrx_word' id='word_1_212' title='bbox 334 1852 393 1890; x_wconf 91' lang='lat' dir='ltr'>sui</span> <span class='ocrx_word' id='word_1_213' title='bbox 430 1857 540 1902; x_wconf 85' lang='lat' dir='ltr'>parte</span> <span class='ocrx_word' id='word_1_214' title='bbox 580 1853 860 1891; x_wconf 86' lang='lat' dir='ltr'>transferretur</span> <span class='ocrx_word' id='word_1_215' title='bbox 891 1855 930 1892; x_wconf 94' lang='lat' dir='ltr'>in</span> <span class='ocrx_word' id='word_1_216' title='bbox 963 1860 1087 1892; x_wconf 87' lang='lat' dir='ltr'>terras</span> <span class='ocrx_word' id='word_1_217' title='bbox 1120 1855 1385 1908; x_wconf 77' lang='lat' dir='ltr'>Assyrioruni3</span> 
     </span>
     <span class='ocr_line' id='line_1_29' title="bbox 53 1909 1384 1966; baseline 0.004 -19"><span class='ocrx_word' id='word_1_218' title='bbox 53 1910 162 1960; x_wconf 89' lang='lat' dir='ltr'>prius</span> <span class='ocrx_word' id='word_1_219' title='bbox 194 1909 256 1947; x_wconf 92' lang='lat' dir='ltr'>illa</span> <span class='ocrx_word' id='word_1_220' title='bbox 287 1921 394 1961; x_wconf 86' lang='lat' dir='ltr'>pars,</span> <span class='ocrx_word' id='word_1_221' title='bbox 427 1922 524 1960; x_wconf 86' lang='lat' dir='ltr'>quae</span> <span class='ocrx_word' id='word_1_222' title='bbox 557 1910 765 1949; x_wconf 85' lang='lat' dir='ltr'>vocabatur</span> <span class='ocrx_word' id='word_1_223' title='bbox 797 1910 915 1950; x_wconf 88' lang='lat' dir='ltr'>Israel</span> <span class='ocrx_word' id='word_1_224' title='bbox 946 1913 985 1950; x_wconf 88' lang='lat' dir='ltr'>in</span> <span class='ocrx_word' id='word_1_225' title='bbox 1019 1912 1199 1951; x_wconf 85' lang='lat' dir='ltr'>tribubus</span> <span class='ocrx_word' id='word_1_226' title='bbox 1233 1913 1384 1966; x_wconf 85' lang='lat' dir='ltr'>decem3</span> 
     </span>
     <span class='ocr_line' id='line_1_30' title="bbox 52 1968 1384 2022; baseline 0.004 -17"><span class='ocrx_word' id='word_1_227' title='bbox 52 1972 187 2018; x_wconf 88' lang='lat' dir='ltr'>postea</span> <span class='ocrx_word' id='word_1_228' title='bbox 218 1979 309 2006; x_wconf 85' lang='lat' dir='ltr'>vero</span> <span class='ocrx_word' id='word_1_229' title='bbox 337 1970 451 2006; x_wconf 81' lang='lat' dir='ltr'>etiam</span> <span class='ocrx_word' id='word_1_230' title='bbox 484 1968 608 2020; x_wconf 82' lang='lat' dir='ltr'>ludas,</span> <span class='ocrx_word' id='word_1_231' title='bbox 641 1981 773 2007; x_wconf 88' lang='lat' dir='ltr'>eversa</span> <span class='ocrx_word' id='word_1_232' title='bbox 799 1969 1042 2009; x_wconf 88' lang='lat' dir='ltr'>Hierusalem</span> <span class='ocrx_word' id='word_1_233' title='bbox 1075 1978 1112 2009; x_wconf 87' lang='lat' dir='ltr'>et</span> <span class='ocrx_word' id='word_1_234' title='bbox 1144 1972 1287 2022; x_wconf 87' lang='lat' dir='ltr'>templo</span> <span class='ocrx_word' id='word_1_235' title='bbox 1319 1972 1384 2011; x_wconf 91' lang='lat' dir='ltr'>illo</span> 
     </span>
     <span class='ocr_line' id='line_1_31' title="bbox 53 2025 1455 2082; baseline 0.005 -19"><span class='ocrx_word' id='word_1_236' title='bbox 53 2025 310 2078; x_wconf 80' lang='lat' dir='ltr'>nobilissim03</span> <span class='ocrx_word' id='word_1_237' title='bbox 342 2027 380 2064; x_wconf 92' lang='lat' dir='ltr'>in</span> <span class='ocrx_word' id='word_1_238' title='bbox 415 2026 555 2077; x_wconf 83' lang='lat' dir='ltr'>quibus</span> <span class='ocrx_word' id='word_1_239' title='bbox 587 2029 703 2065; x_wconf 87' lang='lat' dir='ltr'>terris</span> <span class='ocrx_word' id='word_1_240' title='bbox 734 2039 804 2078; x_wconf 87' lang='lat' dir='ltr'>per</span> <span class='ocrx_word' id='word_1_241' title='bbox 837 2040 956 2067; x_wconf 88' lang='lat' dir='ltr'>annos</span> <span class='ocrx_word' id='word_1_242' title='bbox 990 2031 1233 2080; x_wconf 84' lang='lat' dir='ltr'>septuaginta</span> <span class='ocrx_word' id='word_1_243' title='bbox 1265 2032 1383 2082; x_wconf 84' lang='lat' dir='ltr'>capti-</span> <span class='ocrx_word' id='word_1_244' title='bbox 1411 2040 1455 2070; x_wconf 88' lang='lat'>30</span> 
     </span>
     <span class='ocr_line' id='line_1_32' title="bbox 53 2084 1383 2140; baseline 0.005 -19"><span class='ocrx_word' id='word_1_245' title='bbox 53 2095 142 2122; x_wconf 88' lang='lat' dir='ltr'>vum</span> <span class='ocrx_word' id='word_1_246' title='bbox 175 2085 253 2134; x_wconf 82' lang='lat' dir='ltr'>egit</span> <span class='ocrx_word' id='word_1_247' title='bbox 284 2085 416 2122; x_wconf 87' lang='lat' dir='ltr'>otium.</span> <span class='ocrx_word' id='word_1_248' title='bbox 479 2084 571 2123; x_wconf 90' lang='lat' dir='ltr'>Post</span> <span class='ocrx_word' id='word_1_249' title='bbox 602 2097 699 2136; x_wconf 89' lang='lat' dir='ltr'>quos</span> <span class='ocrx_word' id='word_1_250' title='bbox 732 2085 819 2124; x_wconf 90' lang='lat' dir='ltr'>inde</span> <span class='ocrx_word' id='word_1_251' title='bbox 853 2086 1009 2126; x_wconf 87' lang='lat' dir='ltr'>dimissa</span> <span class='ocrx_word' id='word_1_252' title='bbox 1042 2087 1248 2140; x_wconf 82' lang='lat' dir='ltr'>templum,</span> <span class='ocrx_word' id='word_1_253' title='bbox 1281 2089 1383 2139; x_wconf 91' lang='lat' dir='ltr'>quod</span> 
     </span>
    </p>
   </div>
   <div class='ocr_carea' id='block_1_6' title="bbox 146 2184 604 2228">
    <p class='ocr_par' dir='ltr' id='par_1_6' title="bbox 146 2184 604 2228">
     <span class='ocr_line' id='line_1_33' title="bbox 146 2184 604 2228; baseline 0.007 -11"><span class='ocrx_word' id='word_1_254' title='bbox 146 2186 180 2227; x_wconf 81' lang='lat'>2)</span> <span class='ocrx_word' id='word_1_255' title='bbox 210 2188 238 2218; x_wconf 94' lang='lat'>1.</span> <span class='ocrx_word' id='word_1_256' title='bbox 266 2184 353 2228; x_wconf 80' lang='lat' dir='ltr'>Reg.</span> <span class='ocrx_word' id='word_1_257' title='bbox 383 2189 436 2227; x_wconf 82' lang='lat'>19,</span> <span class='ocrx_word' id='word_1_258' title='bbox 465 2188 522 2227; x_wconf 78' lang='lat'>103</span> <span class='ocrx_word' id='word_1_259' title='bbox 553 2190 604 2220; x_wconf 82' lang='lat'>18.</span> 
     </span>
    </p>
   </div>
   <div class='ocr_carea' id='block_1_7' title="bbox 146 2300 1064 2348">
    <p class='ocr_par' dir='ltr' id='par_1_7' title="bbox 146 2300 1064 2348">
     <span class='ocr_line' id='line_1_34' title="bbox 146 2300 1064 2348; baseline 0.004 -14"><span class='ocrx_word' id='word_1_260' title='bbox 146 2304 166 2335; x_wconf 91' lang='lat'><strong>3</strong></span> <span class='ocrx_word' id='word_1_261' title='bbox 192 2300 270 2334; x_wconf 87' lang='lat' dir='ltr'>illic</span> <span class='ocrx_word' id='word_1_262' title='bbox 296 2310 360 2336; x_wconf 85' lang='lat' dir='ltr'>om.</span> <span class='ocrx_word' id='word_1_263' title='bbox 387 2301 423 2335; x_wconf 82' lang='lat' dir='ltr'><em>R</em></span> <span class='ocrx_word' id='word_1_264' title='bbox 441 2303 452 2345; x_wconf 81' lang='grc' dir='ltr'>ΙΙ</span> <span class='ocrx_word' id='word_1_265' title='bbox 473 2305 493 2336; x_wconf 84' lang='grc'>4</span> <span class='ocrx_word' id='word_1_266' title='bbox 519 2304 646 2336; x_wconf 77' lang='lat' dir='ltr'>contra</span> <span class='ocrx_word' id='word_1_267' title='bbox 670 2302 725 2343; x_wconf 84' lang='lat' dir='ltr'>R,·</span> <span class='ocrx_word' id='word_1_268' title='bbox 750 2304 835 2337; x_wconf 77' lang='lat' dir='ltr'>ante</span> <span class='ocrx_word' id='word_1_269' title='bbox 860 2314 879 2338; x_wconf 81' lang='lat' dir='ltr'><em>v</em></span> <span class='ocrx_word' id='word_1_270' title='bbox 899 2305 910 2348; x_wconf 81' lang='grc' dir='ltr'>ΙΙ</span> <span class='ocrx_word' id='word_1_271' title='bbox 930 2304 1020 2339; x_wconf 74' lang='lat' dir='ltr'>Baal</span> <span class='ocrx_word' id='word_1_272' title='bbox 1045 2315 1064 2338; x_wconf 83' lang='lat' dir='ltr'><em>v</em></span> 
     </span>
    </p>
   </div>
  </div>
 </body>
</html>
