1611 2465
136 40 220 80 244
675 47 701 73 s.
721 47 940 73 Auousrnvt

136 151 213 177 non
253 140 397 189 inpune
439 138 610 175 facturos
651 135 982 186 consequentibus
1021 135 1165 175 indicat
1203 136 1380 176 versibus
1419 137 1474 176 di-

137 209 247 235 cens:
292 198 447 235 Etenim
484 196 597 233 homo
631 197 749 243 pacis
790 205 919 241 meae,
966 196 1006 232 in
1037 206 1151 242 quem
1182 197 1362 244 speravi,
1407 198 1478 244 que*

137 256 280 294 edebat
305 266 433 304 panes
465 264 585 301 meos,
626 255 831 301 ampliavit
862 264 983 301 super
1014 264 1075 292 me
1107 255 1358 301 calcaneum,
1402 254 1475 293 hoc

139 320 198 353 est
230 313 472 352 conculcavit
503 323 576 349 me.
643 311 698 349 Tu
731 316 873 362 aulem,
905 312 1043 362 inquit,
1075 312 1251 360 Domine,
1285 314 1477 351 miserere

91 379 109 409 5
137 374 215 411 mei
239 377 277 411 et
302 372 500 410 resuscita
526 381 596 416 me,
629 375 667 409 et
691 371 859 408 reddam
886 371 972 408 illis.
1025 369 1119 415 Quis
1147 370 1220 408 hoc
1246 372 1321 409 iam
1348 376 1476 423 neget,

140 432 206 481 qui
238 429 400 468 Iudaeos
433 434 522 480 post
553 429 775 479 passionem
807 430 1216 479 resurrectionemque
1250 428 1396 468 Christi
1428 429 1475 468 de

138 488 297 527 sedibus
335 489 416 527 suis
456 487 593 526 bellica
633 492 760 537 strage
800 492 839 525 et
870 486 1019 525 excidio
1053 486 1228 525 funditus
1260 487 1475 526 eradicatos

138 544 269 585 videt?
321 546 484 585 Occisus
511 547 615 584 enim
642 544 688 583 ab
721 546 777 584 eis
809 546 1027 584 resurrexit
1059 551 1097 584 et
1130 545 1298 584 reddidit
1331 547 1386 584 eis
1419 547 1475 584 in-

137 607 252 643 terim
280 606 554 656 temporariam
580 603 834 655 disciplinam,
860 610 1023 654 excepto
1051 604 1154 654 quod
1182 616 1259 642 non
1286 606 1475 643 correctis

70 673 111 702 10
139 670 278 716 servat,
311 663 464 714 quando
496 664 601 701 vivos
629 668 667 701 et
692 668 868 701 mortuos
901 661 1097 701 iudicabit.
1159 662 1255 701 Nam
1288 662 1476 701 Dominus

138 723 221 773 ipse
254 722 364 760 Iesus
396 723 515 760 istum
546 723 674 772 ipsum
707 721 934 759 traditorem
967 733 1082 759 suum
1114 732 1184 771 per
1216 733 1355 772 panem
1387 734 1476 773 por-

139 787 291 820 rectum
336 780 546 819 ostendens
597 779 780 831 apostolis
831 779 935 818 hunc
981 781 1096 818 etiam
1140 792 1296 818 versum
1339 780 1477 831 psalmi

140 839 256 878 huius
284 840 601 877 commemoravit
626 844 665 877 et
696 840 735 876 in
768 850 809 876 se
842 837 937 876 dixit
969 838 1188 889 impletum:
1227 840 1305 885 Qui
1335 840 1478 878 edebat

132 910 261 947 panes
287 909 401 946 meos,
435 899 640 947 ampliavit
663 909 785 945 super
809 908 870 935 me
895 899 1141 936 calcaneum.
1205 897 1316 942 Quod
1344 902 1475 936 autem

71 964 112 995 15
140 958 209 995 ait:
249 957 298 995 In
329 968 443 1004 quem
474 957 654 1005 speravi,
697 967 774 993 non
816 957 999 1005 congruit
1031 957 1167 1007 capiti,
1209 955 1276 994 sed
1310 957 1476 1007 corpori.

139 1015 273 1065 Neque
301 1016 404 1053 enim
431 1013 630 1053 nesciebat
655 1025 744 1052 eum
771 1015 854 1064 ipse
882 1013 1066 1065 Salvator,
1098 1013 1145 1052 de
1172 1026 1248 1064 quo
1281 1020 1369 1052 ante
1402 1015 1478 1052 iam

140 1073 307 1112 dixerat:
349 1074 455 1112 Unus
482 1085 534 1111 ex
560 1073 667 1111 vobis
693 1083 753 1110 me
785 1074 920 1111 (radet
945 1078 1000 1110 et:
1032 1084 1135 1111 unus
1168 1085 1219 1111 ex
1251 1074 1357 1111 vobis
1390 1074 1476 1111 dia-

140 1133 250 1170 bolus
295 1136 362 1170 est.
427 1131 501 1170 Sed
547 1130 645 1169 solet
688 1132 727 1168 in
767 1142 806 1168 se
845 1130 1112 1169 membrorum
1151 1143 1312 1169 suorum
1351 1136 1476 1169 trans-

140 1190 243 1228 ferre
276 1201 484 1241 personam
516 1194 555 1227 et
587 1188 660 1227 sibi
693 1188 867 1227 tribuere
901 1189 1003 1239 quod
1037 1194 1141 1228 esset
1172 1189 1345 1240 illorum,
1387 1191 1477 1240 quia

73 1257 116 1288 20
146 1253 261 1299 caput
306 1254 343 1286 et
388 1260 531 1299 corpus
575 1259 677 1286 unus
723 1254 781 1285 est
821 1247 1018 1299 Christus3
1056 1247 1159 1286 unde
1204 1247 1296 1286 illud
1339 1254 1398 1286 est
1438 1249 1477 1286 in

145 1306 360 1357 evangelio:
393 1308 566 1354 Esztrz'vi,
600 1311 639 1345 et
663 1307 827 1344 dedistis
858 1308 955 1344 mihi
985 1308 1245 1354 manducare,
1278 1305 1381 1356 quod
1414 1318 1477 1344 ex-

139 1377 290 1415 ponens
329 1367 397 1403 alt:
445 1365 612 1411 Quando
651 1367 724 1402 uni
754 1376 805 1403 ex
846 1366 1015 1403 minimis
1047 1367 1142 1403 meis
1170 1364 1342 1413 fecistis,
1380 1366 1480 1403 mihi

136 1423 301 1471 fecistis.
371 1423 420 1462 Se
470 1425 601 1473 itaque
652 1423 747 1461 dixit
796 1435 997 1474 sperasse,
1048 1423 1151 1473 quod
1203 1429 1296 1462 tunc
1346 1434 1476 1474 spera-

140 1488 275 1520 verant
313 1481 359 1520 de
398 1481 491 1520 Iuda
529 1481 710 1532 discipuli
748 1483 849 1533 eius,
891 1480 1044 1532 quando
1079 1487 1138 1520 est
1171 1487 1476 1520 connumeratus

70 1548 112 1579 27>
141 1539 336 1591 apostolis.

258 1598 390 1637 Iudaei
432 1603 560 1637 autem
604 1597 822 1649 Christum,
867 1610 982 1649 quem
1023 1604 1201 1650 sperant,
1243 1600 1477 1637 moriturum

141 1669 226 1695 esse
260 1669 338 1695 non
364 1662 533 1707 sperant.
596 1656 686 1694 Ideo
720 1668 835 1707 quem
869 1656 929 1694 lex
962 1662 1000 1694 et
1030 1656 1242 1707 prophetae
1275 1656 1476 1695 adnuntia-

140 1721 293 1766 verunt,
325 1721 503 1753 nostrum
530 1727 615 1753 esse
648 1726 725 1752 non
757 1720 906 1766 putant,
938 1714 1005 1753 sed
1039 1717 1170 1753 nescio
1203 1727 1319 1765 quem
1351 1727 1478 1766 suum,

142 1786 257 1824 quem
300 1772 373 1812 sihi
414 1773 582 1811 alienum
624 1785 643 1810 a
685 1774 822 1811 mortis
865 1775 1044 1823 passione
1087 1774 1323 1824 contingunt.
1386 1773 1476 1811 Ideo

71 1841 114 1871 30
142 1831 308 1870 mirabili
350 1833 516 1870 vanitate
559 1837 673 1881 atquc
716 1832 901 1869 caecitate
943 1831 1079 1882 verba,
1123 1843 1219 1881 quae
1262 1833 1477 1883 posuimus,

142 1902 219 1928 non
258 1896 424 1928 mortem
463 1895 501 1928 et
538 1890 886 1940 resurrectionem,
925 1889 992 1927 sed
1031 1900 1211 1927 somnum
1249 1895 1287 1928 et
1326 1889 1476 1940 evigila-

237 1982 271 2021 5)
297 1980 354 2013 Ps.
375 1983 431 2020 40,
453 1982 472 2013 6
494 1990 569 2022 sqq.
625 1979 680 2021 14)
701 1977 750 2012 10.
775 1982 826 2020 13,
852 1982 908 2020 18;
937 1982 990 2013 26.
1045 1980 1101 2021 18)
1122 1979 1171 2014 10.
1193 1983 1223 2021 6,
1253 1983 1312 2022 70;
1341 1983 1394 2023 13,
1422 1983 1476 2013 21.

143 2027 202 2069 21)
229 2025 292 2059 Mt.
320 2029 375 2067 25,
403 2029 456 2060 35.
509 2027 566 2068 23)
594 2024 643 2059 lb.
671 2028 726 2059 40.

239 2170 277 2199 11
308 2166 406 2199 lesus
432 2175 497 2200 om.
524 2164 558 2199 R
589 2166 600 2208 ΙΙ
635 2169 674 2198 17
702 2176 794 2198 unus
821 2175 864 2198 ex
895 2164 999 2199 uobis
1025 2175 1083 2199 me
1108 2165 1230 2200 tradet
1256 2167 1293 2200 et
1317 2178 1409 2201 unus
1435 2176 1480 2200 ex

142 2211 246 2246 uobis
274 2212 443 2246 diabolus
470 2213 526 2246 est
551 2210 606 2253 R,·
633 2221 689 2245 me
717 2232 758 2236 ——
787 2222 831 2245 ex
855 2212 958 2246 vobis
984 2222 1049 2247 om.
1075 2223 1095 2247 v
