1548 2562
379 134 430 159 DE
450 133 638 160 οΙνΙΤΑΤΕ
659 135 728 159 DEI
748 135 782 160 L.
803 135 916 160 xvm.
937 135 965 160 c.
985 136 1028 161 47.
1047 137 1090 161 48.
1314 126 1395 168 331

69 224 174 261 tione
215 224 473 273 posteriorem
520 223 638 261 fuisse
688 235 802 273 quam
843 223 972 262 Israel.
1034 223 1225 262 Divinitus
1269 230 1399 263 autem

67 282 265 331 provisum
291 281 410 319 fuisse
435 292 513 318 non
534 280 680 332 dubito,
710 286 753 319 ut
779 294 824 319 ex
852 282 925 320 hoc
950 294 1028 321 uno
1061 283 1251 320 sciremus
1284 284 1399 321 etiam

68 351 139 389 per
177 338 267 376 alias
307 343 442 388 gentes
481 350 565 376 esse
605 341 798 391 potuisse,
837 342 903 390 qui
942 340 1157 379 secundum
1190 340 1312 378 Deum
1346 342 1397 379 vi-

68 402 209 435 xerunt
241 398 353 446 eique
386 396 629 448 placuerunt,
660 399 903 447 pertinentes
935 398 981 436 ad
1014 398 1228 449 spiritalem
1259 398 1398 437 Hieru-

68 454 196 493 salem.
271 454 381 499 Quod
424 456 570 493 nemini
610 467 841 493 concessum
879 457 999 494 fuisse
1044 456 1282 495 credendum
1328 462 1398 509 est,

67 514 142 551 nisi
185 514 248 551 cui
291 512 475 551 divinitus
529 512 722 551 revelatus
767 520 825 552 est
868 526 969 552 unus
1013 514 1202 553 mediator
1246 514 1315 553 Dei
1360 521 1398 554 et

67 571 279 623 hominum,
309 570 424 609 homo
452 570 630 609 Christus
656 570 778 616 Iesus,
810 573 876 622 qui
902 578 1090 610 venturus
1122 574 1161 611 in
1193 585 1309 611 carne
1342 575 1398 611 sic

66 630 236 679 antiquis
273 630 417 667 sanctis
454 629 819 682 praenuntiabatur,
858 642 973 680 quem
1011 631 1057 668 ad
1096 631 1253 669 modum
1285 631 1397 669 nohis

65 688 218 725 venisse
250 689 451 726 nuntiatus
493 693 577 739 ests
609 693 652 725 ut
689 700 765 726 una
797 688 1008 739 eademque
1041 701 1111 739 per
1142 691 1271 739 ipsum
1303 689 1398 728 fides

66 757 201 783 omnes
232 746 272 783 in
304 744 373 783 Dei
405 746 620 795 civitatem,
660 745 729 784 Dei
760 746 935 795 domum,
968 746 1037 785 Dei
1069 747 1257 797 templum
1288 760 1398 798 prae-

66 803 279 842 destinatos
319 803 508 854 perducat
548 803 593 842 ad
628 803 760 842 Deum.
824 804 899 842 Sed
933 817 1201 855 quaecumque
1235 805 1400 844 aliorum

66 861 292 912 prophetiae
326 861 372 899 de
399 861 468 900 Dei
499 874 569 912 per
595 861 723 900 Iesum
750 862 946 901 Christum
978 865 1099 913 gratia
1130 864 1399 914 proferuntur,

65 925 230 970 possunt
270 921 399 970 putari
439 932 458 957 a
500 919 728 958 Christianis
773 933 857 958 esse
900 922 1098 959 confictae.
1172 921 1263 959 Ideo
1304 922 1400 960 nihil

67 982 127 1016 est
163 978 313 1016 firmius
351 978 397 1016 ad
436 978 721 1016 convincendos
754 978 948 1029 quoslibet
980 978 1142 1029 alienos,
1185 981 1217 1017 si
1250 980 1296 1017 de
1329 980 1399 1018 hac

66 1047 109 1073 re
141 1035 431 1087 contenderint,
470 1041 702 1086 nostrosque
736 1037 950 1088 faciendos,
983 1038 1015 1074 si
1047 1042 1153 1075 recte
1188 1039 1400 1088 sapuerint,

66 1105 181 1143 quam
214 1099 257 1132 ut
283 1093 409 1131 divina
440 1093 637 1144 praedicta
669 1094 716 1133 de
743 1095 898 1133 Christo
931 1107 975 1133 ea
1005 1096 1268 1147 proferantur,
1302 1108 1398 1146 quae

65 1153 104 1189 in
145 1151 376 1190 Iudaeorum
417 1151 616 1190 codicibus
658 1155 801 1203 scripta
840 1158 948 1204 sunt3
990 1153 1131 1203 quibus
1170 1154 1311 1191 avulsis
1353 1154 1399 1192 de

66 1209 223 1248 sedibus
266 1211 436 1260 propriis
481 1215 519 1248 et
562 1217 723 1261 propter
764 1211 837 1249 hoc
876 1213 1144 1250 testimonium
1182 1217 1264 1250 toto
1306 1212 1401 1250 orbe

67 1267 254 1319 dispersis
287 1267 432 1307 Christi
463 1279 744 1320 usquequaque
778 1272 900 1308 crevit
931 1269 1105 1308 ecclesia.

541 1416 694 1458 CAPUT
727 1417 920 1458 XLVIII.

68 1501 325 1550 Prophetiam
352 1502 517 1550 quaee',
549 1514 628 1549 qua
661 1503 765 1540 dixit
795 1505 985 1541 maiorem
1014 1502 1199 1550 futuram
1227 1505 1402 1551 §loriam

68 1561 204 1598 domus
237 1560 322 1606 Dei,
354 1571 472 1607 quam
500 1562 674 1609 primum
702 1559 856 1611 suisset,
887 1572 965 1598 non
998 1563 1039 1598 in
1071 1563 1402 1607 reaedificatione

185 1620 335 1666 templi,
366 1620 439 1656 sed
468 1620 509 1656 in
541 1620 709 1657 eeclesia
747 1618 895 1656 Christi
924 1630 1008 1656 esse
1039 1621 1282 1667 completam.

183 1698 287 1736 Haec
313 1698 451 1736 domus
476 1698 546 1736 Dei
571 1700 728 1736 maioris
754 1705 813 1737 est
844 1699 1000 1750 gloriae,
1033 1711 1147 1749 quam
1180 1700 1308 1737 suerat
1338 1699 1400 1737 illa

67 1758 191 1807 prima
223 1756 335 1806 lignis
362 1762 400 1795 et
426 1756 617 1807 lapidibus
650 1758 869 1807 ceterisque
901 1759 1084 1807 pretiosis
1116 1757 1235 1795 rebus
1267 1758 1399 1796 metal-

67 1814 192 1864 lisque
220 1819 455 1852 constructa.
517 1814 603 1852 Non
629 1816 758 1865 itaque
785 1816 926 1866 Aggaei
958 1815 1162 1866 prophetia
1193 1817 1234 1853 in
1266 1815 1400 1866 templi

67 1872 171 1911 illius
208 1874 488 1911 instauratione
528 1873 717 1923 completa
757 1879 825 1912 est.
888 1873 943 1911 Ex
983 1885 1060 1924 quo
1103 1875 1205 1911 enim
1246 1879 1305 1911 est
1342 1875 1398 1911 in-

68 1936 302 1982 stauratum,
340 1943 551 1981 numquam
583 1931 803 1970 ostenditur
835 1931 1015 1970 habuisse
1048 1937 1194 1970 tantam
1226 1931 1399 1981 gloriam,

68 1994 251 2038 quantam
288 1988 423 2027 habuit
458 1995 635 2040 tempore
677 1989 910 2041 Salomonis3
948 1991 1065 2028 immo
1108 1991 1237 2040 potius
1270 1995 1398 2028 osten-

68 2046 173 2084 ditur
213 2048 382 2097 primum
424 2049 640 2086 cessatione
684 2047 911 2098 prophetiae
956 2049 1076 2086 fuisse
1118 2048 1256 2085 domus
1296 2047 1399 2086 illius

69 2104 230 2154 gloriam
275 2105 523 2156 diminutam,
567 2105 705 2143 deinde
744 2107 867 2156 ipsius
904 2107 1031 2156 gentis
1070 2105 1244 2143 cladibus
1282 2108 1400 2144 tantis

68 2174 193 2212 usque
226 2162 273 2200 ad
304 2162 485 2201 ultimum
517 2163 722 2214 excidium,
754 2163 857 2214 quod
890 2165 1034 2202 factum
1067 2169 1126 2202 est
1157 2175 1178 2201 a
1203 2163 1399 2215 Romanis,

68 2221 170 2258 sicut
201 2232 264 2272 ea,
297 2232 394 2270 quae
428 2233 544 2271 supra
576 2227 667 2259 sunt
698 2228 996 2260 commemorata
1029 2228 1233 2260 testantur.
1295 2221 1399 2260 Haec

68 2284 197 2317 autem
242 2278 379 2317 domus
428 2278 475 2317 ad
526 2291 668 2317 novum
716 2281 917 2330 pertinens
970 2285 1247 2318 testamentum
1291 2285 1398 2318 tanto

1427 756 1469 786 10

1429 1046 1469 1076 15

1428 1431 1471 1461 20

1426 1767 1468 1797 25

1426 2058 1468 2087 30
