1495 2489
107 731 147 761 10

105 1023 146 1053 15

102 1314 145 1345 20

103 1606 144 1636 25

103 1898 145 1928 30

176 97 259 138 110
706 105 732 132 s.
752 106 970 132 AUGUS'mn

174 198 312 235 diebus
346 199 420 235 illis
453 202 491 235 et
510 201 600 245 post
631 197 739 243 illud,
772 207 861 234 cum
888 197 1089 234 intrarent
1109 198 1189 242 filie·
1213 197 1290 235 Dei
1320 197 1376 235 ad
1400 198 1495 244 filia:

173 257 389 303 hominum,
429 261 466 293 et
495 256 748 303 qenerabant
778 255 877 299 sibe}
908 256 968 292 illc·
997 260 1115 292 erant
1143 257 1328 302 qz'gmntes
1365 267 1390 293 a
1421 267 1495 294 sae

174 317 262 353 culo
294 315 470 352 hanzines
502 315 705 351 nominati.
768 311 871 350 Haec
903 311 992 350 libri
1024 312 1140 350 verba
1174 313 1292 351 divini
1326 314 1418 351 satis
1450 315 1490 351 in

174 372 303 411 dicant
324 374 399 409 iam
418 371 492 409 illis
513 370 652 409 diebus
678 371 798 409 fuisse
825 373 999 421 gigantes
1026 383 1144 422 snper
1170 377 1327 423 terram,
1354 371 1495 422 quand(

173 431 240 468 filii
267 430 336 468 Dei
368 434 606 480 aeceperunt
638 441 782 467 uxores
815 429 912 467 filias
944 429 1156 480 hominum,
1189 442 1278 468 cum
1311 441 1375 467 eas
1408 442 1492 468 ama

174 495 263 528 rent
308 488 445 539 bonas,
488 487 525 526 id
569 493 628 526 est
667 487 861 538 pulchras.
931 487 1181 526 Consuetudo
1226 489 1369 539 quippe
1415 490 1492 527 scri

174 553 311 598 pturae
350 546 467 584 huius
509 551 586 598 est,
629 548 744 584 etiam
778 548 976 596 speciosos
1008 558 1172 597 corpore
1204 545 1327 584 honos
1359 558 1495 585 vocare

176 605 251 643 Sed
286 611 324 643 et
356 610 562 655 postquam
594 604 667 643 hoc
700 605 844 642 sactum
877 610 947 656 est,
979 606 1059 642 nati
1091 611 1182 643 sunt
1213 606 1399 655 gigantes.
1445 604 1495 643 Si«

175 665 279 702 enim
312 665 382 702 ait:
428 664 782 711 Gigantes-autem
815 668 932 702 erant
962 675 1083 712 super
1115 668 1267 702 terram
1298 665 1338 701 in
1372 664 1495 702 diebu.

175 725 250 761 illis
283 727 321 761 et
353 727 443 770 post
468 723 576 770 illud,
609 733 699 760 cum
732 724 932 760 intrarent
959 723 1037 768 filie·
1061 722 1137 760 Dei
1167 723 1223 760 ad
1247 723 1355 768 filias
1387 723 1494 760 homi

174 792 277 819 num.
350 780 453 831 Ergo
494 786 533 818 et.
577 786 663 818 ante
708 780 783 817 illis
824 779 962 817 diebus
1007 785 1045 817 et
1088 785 1176 830 post
1219 779 1324 817 illud.
1396 779 1495 825 Quo(

173 845 304 877 autem
336 840 404 877 ait:
436 839 489 877 Et
509 840 762 887 §temerabunt
793 840 879 884 sihi,
912 839 1005 876 satis
1037 838 1218 889 ostendit,
1251 838 1355 888 quod
1386 840 1495 889 prius

174 904 381 948 antequam
426 898 481 935 sic
526 897 711 935 caderent
758 896 824 934 filii
876 896 960 947 Dei,
1006 895 1084 934 Deo
1130 896 1386 947 generabant,
1431 909 1495 934 1101

174 956 270 1007 sihi,
314 956 351 994 id
394 961 454 993 est
497 968 574 993 non
619 955 839 993 dominante
880 954 1039 992 libidine
1089 954 1273 1007 coeundi,
1319 954 1386 993 sed
1425 967 1495 993 ser·

175 1017 300 1053 viente
346 1014 472 1052 officio
517 1013 772 1065 propagandi3
816 1025 895 1051 non
934 1013 1115 1051 familiam
1154 1013 1277 1051 fastus
1315 1014 1393 1065 sui,
1439 1025 1495 1052 se(

174 1074 277 1111 cives
316 1074 481 1111 civitatis
520 1072 605 1124 Dei,
646 1071 787 1122 quihus
831 1071 1107 1110 adnuntiarent
1148 1077 1344 1122 tamquam
1383 1071 1495 1123 angel

172 1131 259 1183 Dei,
297 1137 341 1170 ut
378 1136 571 1181 ponerent
609 1132 648 1168 in
682 1130 761 1168 Deo
794 1142 903 1180 spem
936 1142 1064 1181 suam,
1103 1129 1249 1168 similes
1281 1129 1402 1180 illius,
1441 1142 1491 1181 qu

172 1196 287 1228 natus
320 1195 380 1227 est
411 1189 457 1227 de
492 1188 604 1239 Seth,
636 1188 738 1226 filius
770 1189 1096 1239 resurrectionis,
1130 1195 1167 1226 et
1200 1189 1370 1239 speravit
1401 1189 1491 1226 invo

173 1260 260 1287 care
305 1260 447 1286 nomen
491 1247 645 1285 Domini
689 1246 774 1297 Dei3
819 1248 859 1284 in
905 1258 979 1296 qua
1018 1258 1086 1297 spe
1128 1252 1260 1285 essent
1298 1258 1388 1284 cum
1426 1248 1495 1285 sui=

171 1307 340 1357 posteris
366 1306 580 1344 coheredes
607 1311 857 1343 aeternorum
891 1304 1083 1343 bonorum
1117 1310 1156 1343 et
1187 1304 1259 1343 snb
1287 1304 1366 1342 Deo
1398 1310 1495 1355 patr(

172 1366 312 1403 fratres
344 1364 523 1402 filiorum.
1491 1392 1494 1393 γ

289 1422 375 1460 Non
412 1428 542 1460 autem
574 1422 660 1460 illos
699 1423 751 1460 ita
784 1422 905 1460 fnisse
939 1421 1096 1471 angelos
1130 1421 1216 1471 Dei,
1255 1426 1299 1459 ut
1330 1421 1495 1459 homine:

173 1494 250 1519 non
296 1487 445 1532 essent,
489 1482 590 1518 sicut
633 1479 790 1530 quidam
834 1485 990 1530 putant,
1036 1479 1103 1517 sed
1149 1479 1325 1517 homines
1370 1492 1492 1530 procu

173 1539 290 1577 dubio
318 1540 451 1590 fuisse,
484 1540 679 1589 scriptura
705 1541 787 1589 ipsa
814 1539 896 1576 sine
932 1537 1007 1575 ulla
1041 1537 1291 1587 ambiguitate
1326 1537 1495 1576 declarat

173 1597 270 1636 Cum
308 1599 412 1635 enim
453 1599 710 1647 praemissum
751 1602 871 1643 esset,
912 1596 1015 1646 quod
1053 1594 1230 1634 videntes
1268 1599 1404 1644 cenqele'
1434 1597 1493 1635 De

167 1659 275 1703 filias
306 1657 516 1703 hominum,
550 1658 645 1703 quia
678 1656 805 1693 bonae
835 1660 937 1701 sunt,
969 1659 1221 1702 sumpserunt
1251 1655 1329 1692 sibi
1358 1666 1495 1693 uxore:

172 1727 223 1753 ex
249 1715 428 1753 omnihus
455 1726 554 1761 quas
587 1716 802 1761 elmerum,
835 1725 922 1750 mox
956 1713 1181 1750 adiunctum
1213 1717 1290 1750 est:
1322 1713 1374 1750 Et
1405 1714 1494 1751 disce·

172 1773 363 1811 Dominus
389 1773 515 1810 Deus:
548 1773 633 1810 Non
656 1773 908 1820 permanebit
933 1773 1098 1819 spiritus
1130 1782 1238 1809 meus
1270 1772 1310 1808 in
1342 1772 1495 1809 lzomc'm'-

173 1833 244 1869 bus
282 1832 343 1869 his
382 1833 421 1868 ῖη
461 1835 686 1877 aeter-man,
720 1836 889 1878 propser
926 1830 1034 1876 quod
1063 1840 1161 1866 caro
1193 1834 1294 1866 sunt.
1359 1828 1495 1879 Spiritt

174 1889 241 1927 Dei
275 1890 417 1939 quippe
446 1888 600 1925 fuerant
633 1888 723 1925 facti
755 1887 880 1936 angeli
907 1887 975 1924 Dei
1009 1892 1046 1924 et
1079 1886 1145 1924 tilii
1178 1886 1258 1937 Dei,
1290 1886 1358 1924 sed
1391 1887 1491 1925 decli

173 1947 298 1984 nando
326 1946 371 1985 ad
399 1947 582 1984 inferiora
609 1945 794 1983 dicuntur
826 1945 1002 1982 homines
1036 1946 1190 1982 nomine
1224 1950 1397 1996 naturae,
1430 1957 1493 1983 noi

172 2007 337 2055 gratiac3
371 2005 556 2042 dicuntur
582 2009 621 2041 et
647 2015 736 2041 caro
770 2003 992 2041 desertores
1026 2004 1187 2052 spiritus
1221 2008 1258 2041 et
1291 2002 1495 2041 deserend(

172 2063 328 2101 deserti.
379 2062 428 2100 Et
461 2063 703 2113 septuaginta
732 2061 889 2111 quidem
921 2063 1158 2111 interpretes
1191 2067 1230 2099 et
1262 2060 1418 2110 angelos
1441 2061 1491 2099 De

265 2165 300 2206 3)
327 2162 414 2198 Gen.
443 2167 474 2205 ὓ,
503 2167 518 2196 1
549 2174 625 2206 sqq.
678 2163 733 2206 17)
760 2162 816 2196 Ps.
846 2165 899 2204 77,
928 2165 957 2196 7.

267 2272 307 2301 11
336 2267 410 2301 illis
436 2267 508 2301 RA
534 2267 593 2310 (cf.
621 2270 679 2309 4);
705 2267 742 2301 in
768 2266 842 2301 illis
876 2266 964 2300 tr'Fzr
985 2267 1058 2309 {127
1086 2265 1274 2310 elegerant,
1297 2276 1318 2299 v
1335 2305 1342 2310 ,
