1548 2562
404 138 454 162 DE
474 137 661 163 CIV1TATE
681 138 750 162 DEI
770 138 802 162 L.
822 138 887 162 xx.
908 137 937 163 c.
958 138 999 163 14.
1284 128 1369 168 439

43 227 185 266 iudicio
218 226 392 265 diabolus
433 231 472 264 et
504 238 592 264 cum
625 238 695 265 suo
727 227 902 277 principe
936 227 1068 264 civitas
1099 226 1255 264 inimica
1286 237 1370 276 pas-

43 298 132 324 sura
171 291 240 324 est.
302 284 402 322 Dicit
441 286 561 323 enim:
605 286 657 322 Et
694 286 891 332 diabolus«,
936 287 1005 332 qui
1042 285 1259 323 seducebat
1295 295 1371 331 eos,

43 346 180 382 missus
218 347 276 382 est
307 345 347 381 z'n
383 347 567 390 staffilum
605 345 707 391 2'9722'3
745 348 783 381 et
812 344 1031 392 sulphuris,
1070 354 1145 391 quo
1177 347 1215 381 et
1246 343 1371 381 bestia

42 406 81 440 et
99 402 470 450 psezcdoproplzeta;
501 406 539 439 et
564 402 858 439 cruciabuntur
890 403 954 440 die
986 413 1036 440 ac
1067 405 1182 440 nocte
1212 403 1253 438 in
1284 412 1369 439 sae-

41 463 133 498 cula
174 462 434 498 saeculorum.
497 459 666 497 Bestiam
703 458 801 497 bene
840 459 1011 509 intellegi
1050 461 1174 509 ipsam
1215 460 1371 509 impiam
1397 465 1417 496 5

43 519 236 556 civitatem
276 529 393 568 supra
431 517 609 555 diximus.
670 517 1014 568 Pseudopropheta
1052 529 1142 555 vero
1185 519 1268 555 eius
1307 522 1372 555 aut

43 576 303 615 Antichristus
335 581 394 614 est
426 581 491 614 aut
522 577 646 626 imago
677 575 752 627 illa,
784 576 821 613 id
854 582 913 613 est
944 577 1183 627 figmentum,
1214 575 1261 613 de
1295 587 1372 625 quo

41 633 95 672 ibi
126 634 246 673 locuti
272 646 418 673 sumus.
479 633 572 672 Post
604 635 697 672 haec
729 635 856 684 ipsum
889 636 1141 672 novissimum
1172 634 1373 685 iudicium,

43 692 144 742 quod
176 693 250 731 erit
280 694 320 730 in
352 692 522 731 secunda
548 694 835 731 resurrectione
869 699 1125 744 mortuorum,
1157 704 1254 742 quae
1288 704 1372 730 cor-

40 763 179 801 porum
220 756 300 802 est,
340 750 630 801 recapitulando
672 762 832 789 narrans
872 763 948 801 quo
986 751 1100 789 modo
1139 750 1212 788 sibi
1254 751 1373 788 fuerit
1400 757 1442 788 10

40 808 270 848 revelatum:
303 810 354 847 Et
378 811 469 856 vidi,
501 810 639 861 inquit,
671 810 855 848 thronum
880 821 1067 857 maqmcm
1093 815 1132 848 et
1155 811 1373 847 candidum

41 871 80 906 et
114 869 313 907 sedentem
349 879 469 916 super
508 879 611 915 eum,
650 870 764 906 cuius
803 880 827 905 a
860 867 972 915 faeie
1005 867 1115 915 fuffl't
1150 870 1304 905 eaelum
1336 871 1375 906 et

42 931 171 972 terra,
209 930 247 964 et
277 928 386 964 locus
424 937 559 964 eorum
593 928 772 964 inventus
804 938 879 964 non
914 931 980 964 est.
1043 925 1129 963 Non
1162 927 1230 963 ait:
1262 924 1372 977 „Vidi

41 983 225 1022 thronum
262 996 445 1034 magnum
482 990 520 1022 et
558 983 764 1021 candidum
802 990 840 1022 et
877 983 1078 1022 sedentem
1120 996 1238 1033 super
1271 995 1372 1034 eum,

41 1047 80 1080 et
105 1042 151 1080 ab
178 1043 262 1080 eius
288 1043 383 1080 facie
411 1042 510 1092 fugit
536 1041 684 1079 caelum
711 1047 749 1079 et
781 1038 919 1093 terra“,
953 1043 1134 1092 quoniam
1168 1054 1244 1079 non
1278 1047 1371 1079 tunc
1401 1049 1442 1080 15

41 1100 184 1138 sactum
211 1105 281 1152 est,
313 1100 350 1138 id
378 1106 448 1152 est,
479 1106 684 1150 antequam
713 1105 816 1138 esset
841 1100 887 1138 de
921 1102 1015 1138 vivis
1048 1106 1086 1138 et
1118 1102 1282 1138 mortuis
1315 1102 1371 1138 iu-

41 1159 230 1210 dicatum3
269 1158 335 1196 sed
369 1171 457 1197 eum
491 1171 531 1196 se
563 1158 703 1196 vidisse
737 1159 832 1196 dixit
863 1160 901 1196 in
934 1159 1074 1196 throno
1107 1158 1320 1210 sedentem,
1352 1170 1372 1196 a

42 1218 153 1255 cuius
193 1217 290 1254 facie
330 1218 428 1267 sugit
466 1217 614 1255 caelum
653 1222 692 1255 et
728 1223 855 1268 terra,
902 1217 968 1255 sed
1002 1223 1146 1267 postea.
1208 1216 1372 1254 Peracto

42 1277 184 1326 quippe
224 1275 389 1326 iudicio,
429 1280 522 1313 tunc
567 1287 652 1313 esse
690 1275 841 1313 desinet
878 1275 950 1313 hoc
996 1275 1145 1313 caelum
1192 1280 1230 1312 et
1276 1275 1372 1312 haec

42 1340 157 1384 terra,
190 1333 342 1383 quando
381 1335 541 1384 incipiet
578 1345 663 1371 esse
702 1333 849 1371 caelum
883 1346 1025 1371 novum
1058 1339 1096 1371 et
1128 1339 1232 1371 terra
1264 1345 1371 1371 nova.
1398 1341 1441 1372 20

41 1392 252 1430 Mutatione
286 1403 452 1441 namque
485 1403 629 1443 rerum,
662 1404 739 1429 non
771 1393 875 1429 omni
908 1391 1021 1429 modo
1054 1393 1214 1429 interitu
1248 1397 1372 1429 trans-

42 1450 112 1488 ibit
155 1450 216 1487 hic
261 1450 440 1488 mundus.
514 1449 622 1488 Unde
674 1455 712 1488 et
761 1450 958 1500 apostolus
1008 1450 1118 1488 dicit:
1170 1450 1375 1488 Praeterit

42 1511 144 1547 em'm
165 1511 305 1556 fiyura
331 1509 448 1546 huius
474 1510 620 1556 mundi,
652 1511 736 1547 volo
767 1520 833 1547 vos
864 1511 949 1547 sine
980 1510 1247 1546 sollieitudine
1277 1520 1372 1546 esse.

41 1566 183 1617 Figura
208 1578 300 1617 ergo
326 1568 525 1618 praeterit,
557 1579 634 1604 non
661 1572 809 1605 natura.
872 1566 969 1604 Cum
995 1578 1087 1616 ergo
1114 1578 1154 1604 se
1182 1565 1372 1604 Iohannes

42 1625 183 1663 vidisse
225 1624 386 1663 dixisset
423 1625 622 1663 sedentem
660 1636 778 1675 super
819 1624 1028 1676 thronum,
1068 1626 1179 1662 cuius
1212 1636 1232 1661 a
1264 1624 1373 1675 facie,
1399 1631 1442 1664 25

43 1684 146 1734 quod
178 1688 312 1733 postea
343 1683 519 1721 futurum
551 1688 627 1734 est,
665 1683 763 1733 fugit
795 1682 943 1721 caelum
975 1687 1014 1720 et
1045 1688 1167 1721 terra:
1199 1683 1250 1720 Et
1281 1684 1373 1733 vicli,

42 1743 187 1793 inquit,
219 1746 393 1780 mortuos
424 1753 588 1789 maqnos
620 1746 658 1779 et
684 1743 867 1789 pusillos,
905 1746 943 1779 et
973 1743 1106 1790 aperti
1134 1746 1227 1779 sunt
1257 1742 1373 1786 librz}

42 1805 81 1838 et
117 1801 220 1838 alius
256 1801 357 1838 liber
395 1805 558 1848 apertus
598 1803 670 1845 est,
708 1802 779 1847 qui
815 1804 873 1838 est
902 1801 1007 1838 vitae
1037 1801 1373 1847 uniuscuiusun

43 1862 81 1896 et
116 1859 288 1896 iudicate·
323 1862 415 1896 sunt
450 1860 597 1896 mortui
633 1870 684 1896 ex
721 1860 815 1906 ipsis
846 1859 1058 1906 scripturis
1090 1859 1283 1896 librorum
1314 1869 1371 1895 se-

43 1917 216 1955 cundum
244 1915 359 1964 faeta
391 1928 476 1954 sua.
538 1914 675 1953 Libros
711 1916 806 1954 dixit
837 1928 922 1954 esse
955 1921 1109 1966 apertos
1142 1920 1181 1953 et
1210 1915 1371 1967 librum3
1397 1925 1442 1956 30

42 2078 87 2109 20
125 2029 193 2108 1123)
225 2027 337 2071 Apoe.
371 2031 431 2071 20,
467 2032 508 2062 10
541 2039 593 2071 sq.
643 2029 701 2070 23)
736 2032 764 2063 1.
798 2028 876 2062 Cor.
911 2032 948 2070 7,
981 2031 1023 2062 31
1058 2038 1110 2071 sq.
1168 2029 1225 2071 30)
1257 2028 1371 2072 Apoo.

90 2101 99 2117 ,
171 2102 179 2111 .

136 2206 156 2236 3
183 2201 340 2246 sulpuris
363 2201 399 2236 R
436 2203 447 2245 ΙΙ
484 2204 520 2236 et
544 2202 663 2236 bestia
686 2202 758 2237 ΒΑ
783 2206 889 2244 (424,
924 2206 970 2244 2,·
994 2205 1085 2244 442,
1111 2206 1200 2245 22)‚·
1232 2204 1268 2238 et
1305 2214 1370 2238 om.

40 2249 97 2329 32„-
112 2252 266 2329 {Lis-‘upra
290 2248 364 2283 iam
391 2248 546 2283 diximus
572 2259 591 2283 v
617 2250 628 2294 Η
652 2249 794 2284 Pseudo
827 2260 912 2284 vero
938 2250 1119 2293 propheta
1143 2260 1163 2283 v
1182 2251 1194 2294 ΙΙ
1214 2254 1256 2283 22
1284 2249 1374 2284 dicit

83 2321 93 2337 θ
