<?xml version="1.0" encoding="UTF-8"?>
<!DOCTYPE html PUBLIC "-//W3C//DTD XHTML 1.0 Transitional//EN"
    "http://www.w3.org/TR/xhtml1/DTD/xhtml1-transitional.dtd">
<html xmlns="http://www.w3.org/1999/xhtml" xml:lang="en" lang="en">
 <head>
  <title>
</title>
<meta http-equiv="Content-Type" content="text/html;charset=utf-8" />
  <meta name='ocr-system' content='tesseract 3.04.00' />
  <meta name='ocr-capabilities' content='ocr_page ocr_carea ocr_par ocr_line ocrx_word'/>
</head>
<body>
  <div class='ocr_page' id='page_1' title='image "./sanctiaureliiaug02auguuoft_0318.png"; bbox 0 0 1611 2465; ppageno 0'>
   <div class='ocr_carea' id='block_1_1' title="bbox 52 422 72 452">
    <p class='ocr_par' dir='ltr' id='par_1_1' title="bbox 52 422 72 452">
     <span class='ocr_line' id='line_1_1' title="bbox 52 422 72 452; baseline 0 0"><span class='ocrx_word' id='word_1_1' title='bbox 52 422 72 452; x_wconf 84' lang='lat'>5</span> 
     </span>
    </p>
   </div>
   <div class='ocr_carea' id='block_1_2' title="bbox 32 714 74 745">
    <p class='ocr_par' dir='ltr' id='par_1_2' title="bbox 32 714 74 745">
     <span class='ocr_line' id='line_1_2' title="bbox 32 714 74 745; baseline 0.024 -1"><span class='ocrx_word' id='word_1_2' title='bbox 32 714 74 745; x_wconf 90' lang='lat'>10</span> 
     </span>
    </p>
   </div>
   <div class='ocr_carea' id='block_1_3' title="bbox 34 1007 75 1037">
    <p class='ocr_par' dir='ltr' id='par_1_3' title="bbox 34 1007 75 1037">
     <span class='ocr_line' id='line_1_3' title="bbox 34 1007 75 1037; baseline 0 0"><span class='ocrx_word' id='word_1_3' title='bbox 34 1007 75 1037; x_wconf 85' lang='lat'>15</span> 
     </span>
    </p>
   </div>
   <div class='ocr_carea' id='block_1_4' title="bbox 31 1299 75 1330">
    <p class='ocr_par' dir='ltr' id='par_1_4' title="bbox 31 1299 75 1330">
     <span class='ocr_line' id='line_1_4' title="bbox 31 1299 75 1330; baseline 0 0"><span class='ocrx_word' id='word_1_4' title='bbox 31 1299 75 1330; x_wconf 78' lang='lat'>20</span> 
     </span>
    </p>
   </div>
   <div class='ocr_carea' id='block_1_5' title="bbox 32 1591 75 1622">
    <p class='ocr_par' dir='ltr' id='par_1_5' title="bbox 32 1591 75 1622">
     <span class='ocr_line' id='line_1_5' title="bbox 32 1591 75 1622; baseline 0 0"><span class='ocrx_word' id='word_1_5' title='bbox 32 1591 75 1622; x_wconf 80' lang='lat'>25</span> 
     </span>
    </p>
   </div>
   <div class='ocr_carea' id='block_1_6' title="bbox 34 1884 77 1915">
    <p class='ocr_par' dir='ltr' id='par_1_6' title="bbox 34 1884 77 1915">
     <span class='ocr_line' id='line_1_6' title="bbox 34 1884 77 1915; baseline 0 0"><span class='ocrx_word' id='word_1_6' title='bbox 34 1884 77 1915; x_wconf 90' lang='lat'>30</span> 
     </span>
    </p>
   </div>
   <div class='ocr_carea' id='block_1_7' title="bbox 34 2175 77 2206">
    <p class='ocr_par' dir='ltr' id='par_1_7' title="bbox 34 2175 77 2206">
     <span class='ocr_line' id='line_1_7' title="bbox 34 2175 77 2206; baseline 0 0"><span class='ocrx_word' id='word_1_7' title='bbox 34 2175 77 2206; x_wconf 89' lang='lat'>35</span> 
     </span>
    </p>
   </div>
   <div class='ocr_carea' id='block_1_8' title="bbox 99 81 898 122">
    <p class='ocr_par' dir='ltr' id='par_1_8' title="bbox 99 81 898 122">
     <span class='ocr_line' id='line_1_8' title="bbox 99 81 898 122; baseline -0.011 0"><span class='ocrx_word' id='word_1_8' title='bbox 99 81 184 122; x_wconf 79' lang='lat'>312</span> <span class='ocrx_word' id='word_1_9' title='bbox 634 88 660 115; x_wconf 87' lang='lat' dir='ltr'>S.</span> <span class='ocrx_word' id='word_1_10' title='bbox 681 88 898 115; x_wconf 67' lang='lat' dir='ltr'>AUGUSTIM</span> 
     </span>
    </p>
   </div>
   <div class='ocr_carea' id='block_1_9' title="bbox 98 177 1443 2217">
    <p class='ocr_par' dir='ltr' id='par_1_9' title="bbox 98 177 1443 2217">
     <span class='ocr_line' id='line_1_9' title="bbox 99 177 1437 230; baseline -0.001 -12"><span class='ocrx_word' id='word_1_11' title='bbox 99 179 221 218; x_wconf 89' lang='lat' dir='ltr'>multo</span> <span class='ocrx_word' id='word_1_12' title='bbox 248 181 368 230; x_wconf 85' lang='lat' dir='ltr'>magis</span> <span class='ocrx_word' id='word_1_13' title='bbox 395 185 483 230; x_wconf 88' lang='lat' dir='ltr'>post</span> <span class='ocrx_word' id='word_1_14' title='bbox 509 190 575 216; x_wconf 92' lang='lat' dir='ltr'>eos</span> <span class='ocrx_word' id='word_1_15' title='bbox 602 179 762 216; x_wconf 84' lang='lat' dir='ltr'>fuerunt</span> <span class='ocrx_word' id='word_1_16' title='bbox 792 177 1013 228; x_wconf 83' lang='lat' dir='ltr'>philosophi</span> <span class='ocrx_word' id='word_1_17' title='bbox 1045 180 1233 230; x_wconf 89' lang='lat' dir='ltr'>gentium,</span> <span class='ocrx_word' id='word_1_18' title='bbox 1266 179 1332 229; x_wconf 91' lang='lat' dir='ltr'>qui</span> <span class='ocrx_word' id='word_1_19' title='bbox 1363 178 1437 218; x_wconf 90' lang='lat' dir='ltr'>hoc</span> 
     </span>
     <span class='ocr_line' id='line_1_10' title="bbox 100 236 1439 289; baseline -0.001 -12"><span class='ocrx_word' id='word_1_20' title='bbox 100 240 215 277; x_wconf 88' lang='lat' dir='ltr'>etiam</span> <span class='ocrx_word' id='word_1_21' title='bbox 248 240 404 276; x_wconf 90' lang='lat' dir='ltr'>nomine</span> <span class='ocrx_word' id='word_1_22' title='bbox 438 242 683 287; x_wconf 83' lang='lat' dir='ltr'>vocarentur,</span> <span class='ocrx_word' id='word_1_23' title='bbox 715 236 818 286; x_wconf 86' lang='lat' dir='ltr'>quod</span> <span class='ocrx_word' id='word_1_24' title='bbox 852 237 979 287; x_wconf 90' lang='lat' dir='ltr'>coepit</span> <span class='ocrx_word' id='word_1_25' title='bbox 1005 248 1026 274; x_wconf 93' lang='lat' dir='ltr'>a</span> <span class='ocrx_word' id='word_1_26' title='bbox 1053 236 1182 275; x_wconf 89' lang='lat' dir='ltr'>Samio</span> <span class='ocrx_word' id='word_1_27' title='bbox 1208 236 1439 289; x_wconf 80' lang='lat' dir='ltr'>Pythagora,</span> 
     </span>
     <span class='ocr_line' id='line_1_11' title="bbox 100 294 1437 348; baseline -0.001 -12"><span class='ocrx_word' id='word_1_28' title='bbox 100 298 166 348; x_wconf 87' lang='lat' dir='ltr'>qui</span> <span class='ocrx_word' id='word_1_29' title='bbox 199 309 244 335; x_wconf 93' lang='lat' dir='ltr'>eo</span> <span class='ocrx_word' id='word_1_30' title='bbox 271 303 459 346; x_wconf 91' lang='lat' dir='ltr'>tempore,</span> <span class='ocrx_word' id='word_1_31' title='bbox 492 307 568 345; x_wconf 92' lang='lat' dir='ltr'>quo</span> <span class='ocrx_word' id='word_1_32' title='bbox 595 294 826 333; x_wconf 89' lang='lat' dir='ltr'>Iudaeorum</span> <span class='ocrx_word' id='word_1_33' title='bbox 860 300 920 332; x_wconf 92' lang='lat' dir='ltr'>est</span> <span class='ocrx_word' id='word_1_34' title='bbox 951 294 1075 334; x_wconf 89' lang='lat' dir='ltr'>soluta</span> <span class='ocrx_word' id='word_1_35' title='bbox 1108 296 1320 347; x_wconf 88' lang='lat' dir='ltr'>captivitas,</span> <span class='ocrx_word' id='word_1_36' title='bbox 1352 307 1437 334; x_wconf 89' lang='lat' dir='ltr'>coe-</span> 
     </span>
     <span class='ocr_line' id='line_1_12' title="bbox 99 352 1436 407; baseline 0 -14"><span class='ocrx_word' id='word_1_37' title='bbox 99 357 156 407; x_wconf 87' lang='lat' dir='ltr'>pit</span> <span class='ocrx_word' id='word_1_38' title='bbox 200 354 391 393; x_wconf 82' lang='lat' dir='ltr'>excellere</span> <span class='ocrx_word' id='word_1_39' title='bbox 437 359 553 404; x_wconf 86' lang='lat' dir='ltr'>atque</span> <span class='ocrx_word' id='word_1_40' title='bbox 598 354 817 404; x_wconf 35' lang='lat' dir='ltr'>cognoscit!</span> <span class='ocrx_word' id='word_1_41' title='bbox 860 352 980 392; x_wconf 89' lang='lat' dir='ltr'>Multo</span> <span class='ocrx_word' id='word_1_42' title='bbox 1025 355 1146 404; x_wconf 88' lang='lat' dir='ltr'>magis</span> <span class='ocrx_word' id='word_1_43' title='bbox 1184 366 1276 404; x_wconf 85' lang='lat' dir='ltr'>ergo</span> <span class='ocrx_word' id='word_1_44' title='bbox 1316 355 1436 393; x_wconf 88' lang='lat' dir='ltr'>ceteri</span> 
     </span>
     <span class='ocr_line' id='line_1_13' title="bbox 98 408 1438 465; baseline -0.001 -14"><span class='ocrx_word' id='word_1_45' title='bbox 98 413 320 465; x_wconf 83' lang='lat' dir='ltr'>philosophi</span> <span class='ocrx_word' id='word_1_46' title='bbox 357 417 446 463; x_wconf 90' lang='lat' dir='ltr'>post</span> <span class='ocrx_word' id='word_1_47' title='bbox 484 411 696 462; x_wconf 91' lang='lat' dir='ltr'>prophetas</span> <span class='ocrx_word' id='word_1_48' title='bbox 734 408 986 463; x_wconf 87' lang='lat' dir='ltr'>reperiuntur</span> <span class='ocrx_word' id='word_1_49' title='bbox 1024 412 1157 451; x_wconf 87' lang='lat' dir='ltr'>fuisse.</span> <span class='ocrx_word' id='word_1_50' title='bbox 1219 410 1315 450; x_wconf 86' lang='lat' dir='ltr'>Nam</span> <span class='ocrx_word' id='word_1_51' title='bbox 1354 414 1438 463; x_wconf 91' lang='lat' dir='ltr'>ipse</span> 
     </span>
     <span class='ocr_line' id='line_1_14' title="bbox 101 470 1437 522; baseline -0.001 -12"><span class='ocrx_word' id='word_1_52' title='bbox 101 472 282 510; x_wconf 82' lang='lat' dir='ltr'>Socrates</span> <span class='ocrx_word' id='word_1_53' title='bbox 314 470 575 522; x_wconf 79' lang='lat' dir='ltr'>Atheniensis,</span> <span class='ocrx_word' id='word_1_54' title='bbox 607 472 791 520; x_wconf 89' lang='lat' dir='ltr'>magister</span> <span class='ocrx_word' id='word_1_55' title='bbox 823 472 1015 521; x_wconf 89' lang='lat' dir='ltr'>omnium,</span> <span class='ocrx_word' id='word_1_56' title='bbox 1048 472 1115 521; x_wconf 88' lang='lat' dir='ltr'>qui</span> <span class='ocrx_word' id='word_1_57' title='bbox 1147 476 1241 509; x_wconf 89' lang='lat' dir='ltr'>tunc</span> <span class='ocrx_word' id='word_1_58' title='bbox 1273 473 1437 509; x_wconf 82' lang='lat' dir='ltr'>maxime</span> 
     </span>
     <span class='ocr_line' id='line_1_15' title="bbox 101 529 1438 580; baseline -0.001 -12"><span class='ocrx_word' id='word_1_59' title='bbox 101 531 344 580; x_wconf 87' lang='lat' dir='ltr'>claruerunt,</span> <span class='ocrx_word' id='word_1_60' title='bbox 383 536 522 568; x_wconf 91' lang='lat' dir='ltr'>tenens</span> <span class='ocrx_word' id='word_1_61' title='bbox 560 530 600 567; x_wconf 93' lang='lat' dir='ltr'>in</span> <span class='ocrx_word' id='word_1_62' title='bbox 639 541 681 566; x_wconf 91' lang='lat' dir='ltr'>ea</span> <span class='ocrx_word' id='word_1_63' title='bbox 719 534 847 580; x_wconf 87' lang='lat' dir='ltr'>parte,</span> <span class='ocrx_word' id='word_1_64' title='bbox 887 541 984 579; x_wconf 87' lang='lat' dir='ltr'>quae</span> <span class='ocrx_word' id='word_1_65' title='bbox 1023 529 1181 567; x_wconf 90' lang='lat' dir='ltr'>moralis</span> <span class='ocrx_word' id='word_1_66' title='bbox 1218 529 1279 567; x_wconf 85' lang='lat' dir='ltr'>vel</span> <span class='ocrx_word' id='word_1_67' title='bbox 1317 531 1438 568; x_wconf 84' lang='lat' dir='ltr'>activa</span> 
     </span>
     <span class='ocr_line' id='line_1_16' title="bbox 100 587 1440 639; baseline -0.001 -12"><span class='ocrx_word' id='word_1_68' title='bbox 100 589 268 639; x_wconf 84' lang='lat' dir='ltr'>dicitur,</span> <span class='ocrx_word' id='word_1_69' title='bbox 300 589 580 639; x_wconf 79' lang='lat' dir='ltr'>principatum,</span> <span class='ocrx_word' id='word_1_70' title='bbox 617 593 706 638; x_wconf 90' lang='lat' dir='ltr'>post</span> <span class='ocrx_word' id='word_1_71' title='bbox 736 587 899 625; x_wconf 81' lang='lat' dir='ltr'>Esdram</span> <span class='ocrx_word' id='word_1_72' title='bbox 931 588 971 625; x_wconf 92' lang='lat' dir='ltr'>in</span> <span class='ocrx_word' id='word_1_73' title='bbox 1003 587 1199 626; x_wconf 81' lang='lat' dir='ltr'>chronicis</span> <span class='ocrx_word' id='word_1_74' title='bbox 1231 589 1440 626; x_wconf 86' lang='lat' dir='ltr'>invenitur.</span> 
     </span>
     <span class='ocr_line' id='line_1_17' title="bbox 99 645 1441 697; baseline -0.001 -12"><span class='ocrx_word' id='word_1_75' title='bbox 99 647 186 685; x_wconf 85' lang='lat' dir='ltr'>Non</span> <span class='ocrx_word' id='word_1_76' title='bbox 218 647 340 685; x_wconf 90' lang='lat' dir='ltr'>multo</span> <span class='ocrx_word' id='word_1_77' title='bbox 372 652 461 697; x_wconf 90' lang='lat' dir='ltr'>post</span> <span class='ocrx_word' id='word_1_78' title='bbox 493 647 609 684; x_wconf 90' lang='lat' dir='ltr'>etiam</span> <span class='ocrx_word' id='word_1_79' title='bbox 641 645 748 696; x_wconf 81' lang='lat' dir='ltr'>Plato</span> <span class='ocrx_word' id='word_1_80' title='bbox 782 651 896 684; x_wconf 90' lang='lat' dir='ltr'>natus</span> <span class='ocrx_word' id='word_1_81' title='bbox 929 651 1008 697; x_wconf 85' lang='lat' dir='ltr'>est,</span> <span class='ocrx_word' id='word_1_82' title='bbox 1041 647 1107 696; x_wconf 88' lang='lat' dir='ltr'>qui</span> <span class='ocrx_word' id='word_1_83' title='bbox 1139 645 1252 697; x_wconf 87' lang='lat' dir='ltr'>longe</span> <span class='ocrx_word' id='word_1_84' title='bbox 1286 651 1441 685; x_wconf 87' lang='lat' dir='ltr'>ceteros</span> 
     </span>
     <span class='ocr_line' id='line_1_18' title="bbox 102 703 1440 756; baseline -0.001 -12"><span class='ocrx_word' id='word_1_85' title='bbox 102 706 272 744; x_wconf 88' lang='lat' dir='ltr'>Socratis</span> <span class='ocrx_word' id='word_1_86' title='bbox 318 704 530 756; x_wconf 88' lang='lat' dir='ltr'>discipulos</span> <span class='ocrx_word' id='word_1_87' title='bbox 575 706 753 742; x_wconf 88' lang='lat' dir='ltr'>anteiret.</span> <span class='ocrx_word' id='word_1_88' title='bbox 823 703 974 749; x_wconf 85' lang='lat' dir='ltr'>Quibus</span> <span class='ocrx_word' id='word_1_89' title='bbox 1019 706 1051 742; x_wconf 94' lang='lat' dir='ltr'>si</span> <span class='ocrx_word' id='word_1_90' title='bbox 1095 704 1280 743; x_wconf 80' lang='lat' dir='ltr'>addamus</span> <span class='ocrx_word' id='word_1_91' title='bbox 1324 706 1440 743; x_wconf 88' lang='lat' dir='ltr'>etiam</span> 
     </span>
     <span class='ocr_line' id='line_1_19' title="bbox 101 761 1438 815; baseline -0.001 -12"><span class='ocrx_word' id='word_1_92' title='bbox 101 766 338 815; x_wconf 86' lang='lat' dir='ltr'>superiores,</span> <span class='ocrx_word' id='word_1_93' title='bbox 371 765 438 814; x_wconf 89' lang='lat' dir='ltr'>qui</span> <span class='ocrx_word' id='word_1_94' title='bbox 463 763 636 801; x_wconf 88' lang='lat' dir='ltr'>nondum</span> <span class='ocrx_word' id='word_1_95' title='bbox 662 762 881 813; x_wconf 87' lang='lat' dir='ltr'>philosophi</span> <span class='ocrx_word' id='word_1_96' title='bbox 909 761 1157 814; x_wconf 81' lang='lat' dir='ltr'>vocabantur,</span> <span class='ocrx_word' id='word_1_97' title='bbox 1190 768 1340 814; x_wconf 82' lang='lat' dir='ltr'>septem</span> <span class='ocrx_word' id='word_1_98' title='bbox 1367 764 1438 801; x_wconf 93' lang='lat' dir='ltr'>sci-</span> 
     </span>
     <span class='ocr_line' id='line_1_20' title="bbox 101 820 1442 873; baseline -0.001 -12"><span class='ocrx_word' id='word_1_99' title='bbox 101 823 192 861; x_wconf 88' lang='lat' dir='ltr'>licet</span> <span class='ocrx_word' id='word_1_100' title='bbox 219 824 415 873; x_wconf 88' lang='lat' dir='ltr'>sapientes</span> <span class='ocrx_word' id='word_1_101' title='bbox 442 834 485 860; x_wconf 85' lang='lat' dir='ltr'>ac</span> <span class='ocrx_word' id='word_1_102' title='bbox 512 821 652 859; x_wconf 91' lang='lat' dir='ltr'>deinde</span> <span class='ocrx_word' id='word_1_103' title='bbox 678 820 871 873; x_wconf 82' lang='lat' dir='ltr'>physicos,</span> <span class='ocrx_word' id='word_1_104' title='bbox 898 822 964 871; x_wconf 89' lang='lat' dir='ltr'>qui</span> <span class='ocrx_word' id='word_1_105' title='bbox 985 820 1136 860; x_wconf 85' lang='lat' dir='ltr'>Thaleti</span> <span class='ocrx_word' id='word_1_106' title='bbox 1162 827 1442 860; x_wconf 86' lang='lat' dir='ltr'>successerunt</span> 
     </span>
     <span class='ocr_line' id='line_1_21' title="bbox 101 879 1438 932; baseline -0.001 -12"><span class='ocrx_word' id='word_1_107' title='bbox 101 884 139 920; x_wconf 93' lang='lat' dir='ltr'>in</span> <span class='ocrx_word' id='word_1_108' title='bbox 171 880 455 932; x_wconf 90' lang='lat' dir='ltr'>perscrutanda</span> <span class='ocrx_word' id='word_1_109' title='bbox 487 886 789 931; x_wconf 30' lang='lat' dir='ltr'>natura-rerum</span> <span class='ocrx_word' id='word_1_110' title='bbox 822 879 995 918; x_wconf 89' lang='lat' dir='ltr'>studium</span> <span class='ocrx_word' id='word_1_111' title='bbox 1029 880 1112 918; x_wconf 91' lang='lat' dir='ltr'>eius</span> <span class='ocrx_word' id='word_1_112' title='bbox 1144 881 1300 931; x_wconf 89' lang='lat' dir='ltr'>imitati,</span> <span class='ocrx_word' id='word_1_113' title='bbox 1341 880 1438 918; x_wconf 88' lang='lat' dir='ltr'>Ana-</span> 
     </span>
     <span class='ocr_line' id='line_1_22' title="bbox 100 937 1439 988; baseline -0.001 -10"><span class='ocrx_word' id='word_1_114' title='bbox 100 940 347 978; x_wconf 82' lang='lat' dir='ltr'>ximandrum</span> <span class='ocrx_word' id='word_1_115' title='bbox 387 939 536 977; x_wconf 86' lang='lat' dir='ltr'>scilicet</span> <span class='ocrx_word' id='word_1_116' title='bbox 575 944 613 976; x_wconf 86' lang='lat' dir='ltr'>et</span> <span class='ocrx_word' id='word_1_117' title='bbox 644 939 921 985; x_wconf 74' lang='lat' dir='ltr'>Anaximenen]</span> <span class='ocrx_word' id='word_1_118' title='bbox 960 943 998 976; x_wconf 88' lang='lat' dir='ltr'>et</span> <span class='ocrx_word' id='word_1_119' title='bbox 1030 938 1296 988; x_wconf 85' lang='lat' dir='ltr'>Anaxagoram</span> <span class='ocrx_word' id='word_1_120' title='bbox 1328 937 1439 977; x_wconf 91' lang='lat' dir='ltr'>alios-</span> 
     </span>
     <span class='ocr_line' id='line_1_23' title="bbox 103 996 1443 1049; baseline -0.002 -12"><span class='ocrx_word' id='word_1_121' title='bbox 103 1011 178 1049; x_wconf 87' lang='lat' dir='ltr'>que</span> <span class='ocrx_word' id='word_1_122' title='bbox 211 997 439 1049; x_wconf 84' lang='lat' dir='ltr'>nonnullos,</span> <span class='ocrx_word' id='word_1_123' title='bbox 477 1003 684 1047; x_wconf 86' lang='lat' dir='ltr'>antequam</span> <span class='ocrx_word' id='word_1_124' title='bbox 716 996 953 1047; x_wconf 71' lang='lat' dir='ltr'>Pythagoras</span> <span class='ocrx_word' id='word_1_125' title='bbox 985 996 1259 1047; x_wconf 89' lang='lat' dir='ltr'>philosophum</span> <span class='ocrx_word' id='word_1_126' title='bbox 1290 998 1443 1048; x_wconf 88' lang='lat' dir='ltr'>primus</span> 
     </span>
     <span class='ocr_line' id='line_1_24' title="bbox 100 1054 1440 1108; baseline -0.003 -12"><span class='ocrx_word' id='word_1_127' title='bbox 100 1058 372 1108; x_wconf 88' lang='lat' dir='ltr'>profiteretur:</span> <span class='ocrx_word' id='word_1_128' title='bbox 405 1067 477 1094; x_wconf 88' lang='lat' dir='ltr'>nec</span> <span class='ocrx_word' id='word_1_129' title='bbox 503 1055 558 1093; x_wconf 89' lang='lat' dir='ltr'>illi</span> <span class='ocrx_word' id='word_1_130' title='bbox 584 1054 793 1106; x_wconf 86' lang='lat' dir='ltr'>prophetas</span> <span class='ocrx_word' id='word_1_131' title='bbox 827 1060 982 1093; x_wconf 89' lang='lat' dir='ltr'>nostros</span> <span class='ocrx_word' id='word_1_132' title='bbox 1015 1056 1219 1093; x_wconf 81' lang='lat' dir='ltr'>universos</span> <span class='ocrx_word' id='word_1_133' title='bbox 1252 1057 1440 1106; x_wconf 86' lang='lat' dir='ltr'>temporis</span> 
     </span>
     <span class='ocr_line' id='line_1_25' title="bbox 101 1112 1439 1166; baseline -0.001 -12"><span class='ocrx_word' id='word_1_134' title='bbox 101 1117 330 1166; x_wconf 81' lang='lat' dir='ltr'>antiquitate</span> <span class='ocrx_word' id='word_1_135' title='bbox 358 1114 609 1165; x_wconf 89' lang='lat' dir='ltr'>praecedunt,</span> <span class='ocrx_word' id='word_1_136' title='bbox 642 1113 795 1164; x_wconf 91' lang='lat' dir='ltr'>quando</span> <span class='ocrx_word' id='word_1_137' title='bbox 829 1113 985 1163; x_wconf 84' lang='lat' dir='ltr'>quidem</span> <span class='ocrx_word' id='word_1_138' title='bbox 1017 1112 1170 1165; x_wconf 89' lang='lat' dir='ltr'>Thales,</span> <span class='ocrx_word' id='word_1_139' title='bbox 1201 1118 1291 1165; x_wconf 90' lang='lat' dir='ltr'>post</span> <span class='ocrx_word' id='word_1_140' title='bbox 1323 1125 1439 1164; x_wconf 89' lang='lat' dir='ltr'>quem</span> 
     </span>
     <span class='ocr_line' id='line_1_26' title="bbox 102 1171 1440 1224; baseline -0.001 -12"><span class='ocrx_word' id='word_1_141' title='bbox 102 1175 225 1212; x_wconf 90' lang='lat' dir='ltr'>ceteri</span> <span class='ocrx_word' id='word_1_142' title='bbox 257 1174 429 1224; x_wconf 83' lang='lat' dir='ltr'>suerunt,</span> <span class='ocrx_word' id='word_1_143' title='bbox 461 1177 649 1222; x_wconf 83' lang='lat' dir='ltr'>regnante</span> <span class='ocrx_word' id='word_1_144' title='bbox 675 1171 839 1209; x_wconf 86' lang='lat' dir='ltr'>Romulo</span> <span class='ocrx_word' id='word_1_145' title='bbox 873 1173 1084 1210; x_wconf 87' lang='lat' dir='ltr'>eminuisse</span> <span class='ocrx_word' id='word_1_146' title='bbox 1117 1172 1253 1224; x_wconf 85' lang='lat' dir='ltr'>fertur,</span> <span class='ocrx_word' id='word_1_147' title='bbox 1286 1172 1440 1222; x_wconf 89' lang='lat' dir='ltr'>quando</span> 
     </span>
     <span class='ocr_line' id='line_1_27' title="bbox 102 1229 1443 1287; baseline -0.001 -17"><span class='ocrx_word' id='word_1_148' title='bbox 102 1233 149 1271; x_wconf 95' lang='lat' dir='ltr'>de</span> <span class='ocrx_word' id='word_1_149' title='bbox 176 1231 349 1270; x_wconf 82' lang='lat' dir='ltr'>fontibus</span> <span class='ocrx_word' id='word_1_150' title='bbox 376 1231 496 1269; x_wconf 90' lang='lat' dir='ltr'>Israel</span> <span class='ocrx_word' id='word_1_151' title='bbox 521 1232 561 1268; x_wconf 90' lang='lat' dir='ltr'>in</span> <span class='ocrx_word' id='word_1_152' title='bbox 589 1232 644 1268; x_wconf 91' lang='lat' dir='ltr'>eis</span> <span class='ocrx_word' id='word_1_153' title='bbox 670 1230 822 1287; x_wconf 60' lang='lat' dir='ltr'>litteriS,</span> <span class='ocrx_word' id='word_1_154' title='bbox 855 1242 952 1279; x_wconf 84' lang='lat' dir='ltr'>quae</span> <span class='ocrx_word' id='word_1_155' title='bbox 986 1235 1067 1268; x_wconf 89' lang='lat' dir='ltr'>toto</span> <span class='ocrx_word' id='word_1_156' title='bbox 1100 1229 1194 1268; x_wconf 91' lang='lat' dir='ltr'>orbe</span> <span class='ocrx_word' id='word_1_157' title='bbox 1227 1236 1443 1282; x_wconf 84' lang='lat' dir='ltr'>manarent,</span> 
     </span>
     <span class='ocr_line' id='line_1_28' title="bbox 101 1287 1443 1342; baseline -0.001 -13"><span class='ocrx_word' id='word_1_158' title='bbox 101 1290 328 1342; x_wconf 86' lang='lat' dir='ltr'>prophetiae</span> <span class='ocrx_word' id='word_1_159' title='bbox 360 1289 505 1328; x_wconf 80' lang='lat' dir='ltr'>flumen</span> <span class='ocrx_word' id='word_1_160' title='bbox 541 1290 680 1339; x_wconf 87' lang='lat' dir='ltr'>erupit.</span> <span class='ocrx_word' id='word_1_161' title='bbox 702 1308 715 1319; x_wconf 54' lang='grc' dir='ltr'><em>ι</em></span> <span class='ocrx_word' id='word_1_162' title='bbox 743 1287 823 1326; x_wconf 90' lang='lat' dir='ltr'>Soli</span> <span class='ocrx_word' id='word_1_163' title='bbox 854 1289 973 1338; x_wconf 85' lang='lat' dir='ltr'>igitur</span> <span class='ocrx_word' id='word_1_164' title='bbox 1005 1288 1058 1326; x_wconf 91' lang='lat' dir='ltr'>illi</span> <span class='ocrx_word' id='word_1_165' title='bbox 1090 1288 1260 1338; x_wconf 84' lang='lat' dir='ltr'>theologi</span> <span class='ocrx_word' id='word_1_166' title='bbox 1291 1294 1443 1341; x_wconf 91' lang='lat' dir='ltr'>poetae,</span> 
     </span>
     <span class='ocr_line' id='line_1_29' title="bbox 102 1346 1441 1401; baseline -0.001 -14"><span class='ocrx_word' id='word_1_167' title='bbox 102 1349 301 1401; x_wconf 87' lang='lat' dir='ltr'>Orpheus,</span> <span class='ocrx_word' id='word_1_168' title='bbox 339 1347 477 1399; x_wconf 82' lang='lat' dir='ltr'>Linus,</span> <span class='ocrx_word' id='word_1_169' title='bbox 515 1347 695 1385; x_wconf 90' lang='lat' dir='ltr'>Musaeus</span> <span class='ocrx_word' id='word_1_170' title='bbox 736 1351 774 1385; x_wconf 92' lang='lat' dir='ltr'>et</span> <span class='ocrx_word' id='word_1_171' title='bbox 813 1347 844 1384; x_wconf 91' lang='lat' dir='ltr'>si</span> <span class='ocrx_word' id='word_1_172' title='bbox 884 1347 969 1396; x_wconf 89' lang='lat' dir='ltr'>quis</span> <span class='ocrx_word' id='word_1_173' title='bbox 1010 1346 1106 1385; x_wconf 93' lang='lat' dir='ltr'>alius</span> <span class='ocrx_word' id='word_1_174' title='bbox 1139 1346 1238 1397; x_wconf 90' lang='lat' dir='ltr'>apud</span> <span class='ocrx_word' id='word_1_175' title='bbox 1272 1346 1441 1386; x_wconf 88' lang='lat' dir='ltr'>Graecos</span> 
     </span>
     <span class='ocr_line' id='line_1_30' title="bbox 103 1405 1440 1458; baseline -0.001 -12"><span class='ocrx_word' id='word_1_176' title='bbox 103 1409 188 1458; x_wconf 86' lang='lat' dir='ltr'>fuit,</span> <span class='ocrx_word' id='word_1_177' title='bbox 219 1407 279 1445; x_wconf 92' lang='lat' dir='ltr'>his</span> <span class='ocrx_word' id='word_1_178' title='bbox 305 1406 508 1457; x_wconf 88' lang='lat' dir='ltr'>prophetis</span> <span class='ocrx_word' id='word_1_179' title='bbox 534 1405 734 1457; x_wconf 83' lang='lat' dir='ltr'>Hebraeis,</span> <span class='ocrx_word' id='word_1_180' title='bbox 767 1416 935 1455; x_wconf 88' lang='lat' dir='ltr'>quorum</span> <span class='ocrx_word' id='word_1_181' title='bbox 961 1406 1106 1455; x_wconf 85' lang='lat' dir='ltr'>scripta</span> <span class='ocrx_word' id='word_1_182' title='bbox 1137 1406 1176 1443; x_wconf 86' lang='lat' dir='ltr'>in</span> <span class='ocrx_word' id='word_1_183' title='bbox 1209 1407 1440 1444; x_wconf 89' lang='lat' dir='ltr'>auctoritate</span> 
     </span>
     <span class='ocr_line' id='line_1_31' title="bbox 101 1462 1441 1517; baseline -0.001 -13"><span class='ocrx_word' id='word_1_184' title='bbox 101 1465 302 1517; x_wconf 90' lang='lat' dir='ltr'>habemus,</span> <span class='ocrx_word' id='word_1_185' title='bbox 333 1466 444 1502; x_wconf 90' lang='lat' dir='ltr'>annis</span> <span class='ocrx_word' id='word_1_186' title='bbox 476 1465 729 1515; x_wconf 88' lang='lat' dir='ltr'>reperiuntur</span> <span class='ocrx_word' id='word_1_187' title='bbox 759 1465 923 1514; x_wconf 88' lang='lat' dir='ltr'>priores.</span> <span class='ocrx_word' id='word_1_188' title='bbox 987 1462 1062 1501; x_wconf 91' lang='lat' dir='ltr'>Sed</span> <span class='ocrx_word' id='word_1_189' title='bbox 1096 1475 1168 1501; x_wconf 90' lang='lat' dir='ltr'>nec</span> <span class='ocrx_word' id='word_1_190' title='bbox 1199 1465 1273 1514; x_wconf 90' lang='lat' dir='ltr'>ipsi</span> <span class='ocrx_word' id='word_1_191' title='bbox 1306 1475 1441 1503; x_wconf 90' lang='lat' dir='ltr'>verum</span> 
     </span>
     <span class='ocr_line' id='line_1_32' title="bbox 102 1521 1439 1575; baseline -0.002 -12"><span class='ocrx_word' id='word_1_192' title='bbox 102 1524 326 1575; x_wconf 88' lang='lat' dir='ltr'>theologum</span> <span class='ocrx_word' id='word_1_193' title='bbox 354 1528 532 1561; x_wconf 91' lang='lat' dir='ltr'>nostrum</span> <span class='ocrx_word' id='word_1_194' title='bbox 559 1522 729 1573; x_wconf 72' lang='lat' dir='ltr'>Moysen,</span> <span class='ocrx_word' id='word_1_195' title='bbox 762 1523 828 1572; x_wconf 87' lang='lat' dir='ltr'>qui</span> <span class='ocrx_word' id='word_1_196' title='bbox 860 1533 983 1560; x_wconf 89' lang='lat' dir='ltr'>unum</span> <span class='ocrx_word' id='word_1_197' title='bbox 1016 1533 1150 1560; x_wconf 87' lang='lat' dir='ltr'>verum</span> <span class='ocrx_word' id='word_1_198' title='bbox 1178 1521 1300 1560; x_wconf 91' lang='lat' dir='ltr'>Deum</span> <span class='ocrx_word' id='word_1_199' title='bbox 1332 1534 1439 1560; x_wconf 80' lang='lat' dir='ltr'>vera-</span> 
     </span>
     <span class='ocr_line' id='line_1_33' title="bbox 103 1581 1441 1635; baseline -0.002 -13"><span class='ocrx_word' id='word_1_200' title='bbox 103 1585 200 1622; x_wconf 88' lang='lat' dir='ltr'>citer</span> <span class='ocrx_word' id='word_1_201' title='bbox 225 1582 473 1634; x_wconf 86' lang='lat' dir='ltr'>praedicavit,</span> <span class='ocrx_word' id='word_1_202' title='bbox 502 1582 614 1619; x_wconf 89' lang='lat' dir='ltr'>cuius</span> <span class='ocrx_word' id='word_1_203' title='bbox 641 1592 745 1619; x_wconf 91' lang='lat' dir='ltr'>nunc</span> <span class='ocrx_word' id='word_1_204' title='bbox 771 1581 915 1630; x_wconf 91' lang='lat' dir='ltr'>scripta</span> <span class='ocrx_word' id='word_1_205' title='bbox 947 1581 985 1635; x_wconf 72' lang='lat' dir='ltr'>in</span> <span class='ocrx_word' id='word_1_206' title='bbox 1019 1581 1260 1618; x_wconf 89' lang='lat' dir='ltr'>auctoritatis</span> <span class='ocrx_word' id='word_1_207' title='bbox 1293 1592 1441 1619; x_wconf 90' lang='lat' dir='ltr'>canone</span> 
     </span>
     <span class='ocr_line' id='line_1_34' title="bbox 102 1638 1440 1693; baseline -0.002 -13"><span class='ocrx_word' id='word_1_208' title='bbox 102 1643 227 1693; x_wconf 89' lang='lat' dir='ltr'>prima</span> <span class='ocrx_word' id='word_1_209' title='bbox 259 1646 368 1692; x_wconf 88' lang='lat' dir='ltr'>sunt,</span> <span class='ocrx_word' id='word_1_210' title='bbox 408 1646 581 1690; x_wconf 84' lang='lat' dir='ltr'>tempore</span> <span class='ocrx_word' id='word_1_211' title='bbox 614 1639 994 1690; x_wconf 17' lang='lat' dir='ltr'>praevenerunss-fac</span> <span class='ocrx_word' id='word_1_212' title='bbox 1026 1650 1097 1689; x_wconf 91' lang='lat' dir='ltr'>per</span> <span class='ocrx_word' id='word_1_213' title='bbox 1128 1638 1218 1685; x_wconf 85' lang='lat' dir='ltr'>hoc,</span> <span class='ocrx_word' id='word_1_214' title='bbox 1252 1644 1440 1689; x_wconf 85' lang='lat' dir='ltr'>quantum</span> 
     </span>
     <span class='ocr_line' id='line_1_35' title="bbox 103 1696 1440 1749; baseline -0.001 -11"><span class='ocrx_word' id='word_1_215' title='bbox 103 1700 149 1738; x_wconf 90' lang='lat' dir='ltr'>ad</span> <span class='ocrx_word' id='word_1_216' title='bbox 188 1700 357 1738; x_wconf 88' lang='lat' dir='ltr'>Graecos</span> <span class='ocrx_word' id='word_1_217' title='bbox 395 1698 559 1749; x_wconf 91' lang='lat' dir='ltr'>adtinet,</span> <span class='ocrx_word' id='word_1_218' title='bbox 598 1699 635 1735; x_wconf 91' lang='lat' dir='ltr'>in</span> <span class='ocrx_word' id='word_1_219' title='bbox 677 1709 750 1748; x_wconf 88' lang='lat' dir='ltr'>qua</span> <span class='ocrx_word' id='word_1_220' title='bbox 788 1697 918 1746; x_wconf 87' lang='lat' dir='ltr'>lingua</span> <span class='ocrx_word' id='word_1_221' title='bbox 956 1697 1107 1735; x_wconf 89' lang='lat' dir='ltr'>litterae</span> <span class='ocrx_word' id='word_1_222' title='bbox 1146 1696 1263 1735; x_wconf 90' lang='lat' dir='ltr'>huius</span> <span class='ocrx_word' id='word_1_223' title='bbox 1296 1697 1440 1736; x_wconf 88' lang='lat' dir='ltr'>saeculi</span> 
     </span>
     <span class='ocr_line' id='line_1_36' title="bbox 104 1754 1441 1806; baseline -0.003 -8"><span class='ocrx_word' id='word_1_224' title='bbox 104 1760 268 1797; x_wconf 89' lang='lat' dir='ltr'>maxime</span> <span class='ocrx_word' id='word_1_225' title='bbox 313 1756 561 1806; x_wconf 81' lang='lat' dir='ltr'>ferbuerunt,</span> <span class='ocrx_word' id='word_1_226' title='bbox 605 1755 700 1794; x_wconf 91' lang='lat' dir='ltr'>nihil</span> <span class='ocrx_word' id='word_1_227' title='bbox 738 1754 882 1794; x_wconf 87' lang='lat' dir='ltr'>hahent</span> <span class='ocrx_word' id='word_1_228' title='bbox 920 1754 1022 1794; x_wconf 88' lang='lat' dir='ltr'>unde</span> <span class='ocrx_word' id='word_1_229' title='bbox 1061 1756 1288 1805; x_wconf 89' lang='lat' dir='ltr'>sapientiam</span> <span class='ocrx_word' id='word_1_230' title='bbox 1331 1767 1441 1795; x_wconf 89' lang='lat' dir='ltr'>suam</span> 
     </span>
     <span class='ocr_line' id='line_1_37' title="bbox 103 1813 1440 1868; baseline -0.003 -12"><span class='ocrx_word' id='word_1_231' title='bbox 103 1819 266 1868; x_wconf 86' lang='lat' dir='ltr'>iactent,</span> <span class='ocrx_word' id='word_1_232' title='bbox 304 1828 380 1866; x_wconf 87' lang='lat' dir='ltr'>quo</span> <span class='ocrx_word' id='word_1_233' title='bbox 420 1814 606 1865; x_wconf 87' lang='lat' dir='ltr'>religione</span> <span class='ocrx_word' id='word_1_234' title='bbox 646 1819 796 1862; x_wconf 86' lang='lat' dir='ltr'>nostra,</span> <span class='ocrx_word' id='word_1_235' title='bbox 835 1813 900 1851; x_wconf 89' lang='lat' dir='ltr'>ubi</span> <span class='ocrx_word' id='word_1_236' title='bbox 939 1825 1029 1852; x_wconf 83' lang='lat' dir='ltr'>vera</span> <span class='ocrx_word' id='word_1_237' title='bbox 1067 1814 1253 1864; x_wconf 89' lang='lat' dir='ltr'>sapientia</span> <span class='ocrx_word' id='word_1_238' title='bbox 1294 1819 1369 1866; x_wconf 87' lang='lat' dir='ltr'>est,</span> <span class='ocrx_word' id='word_1_239' title='bbox 1407 1815 1440 1852; x_wconf 91' lang='lat' dir='ltr'>si</span> 
     </span>
     <span class='ocr_line' id='line_1_38' title="bbox 104 1870 1439 1926; baseline -0.004 -11"><span class='ocrx_word' id='word_1_240' title='bbox 104 1888 181 1914; x_wconf 92' lang='lat' dir='ltr'>non</span> <span class='ocrx_word' id='word_1_241' title='bbox 220 1875 418 1926; x_wconf 88' lang='lat' dir='ltr'>superior,</span> <span class='ocrx_word' id='word_1_242' title='bbox 467 1872 602 1910; x_wconf 90' lang='lat' dir='ltr'>saltem</span> <span class='ocrx_word' id='word_1_243' title='bbox 641 1872 816 1910; x_wconf 87' lang='lat' dir='ltr'>videatur</span> <span class='ocrx_word' id='word_1_244' title='bbox 854 1872 1107 1922; x_wconf 66' lang='lat' dir='ltr'>antiquior.-⁴&#39;&#39;</span> <span class='ocrx_word' id='word_1_245' title='bbox 1131 1870 1290 1923; x_wconf 88' lang='lat' dir='ltr'>Verum,</span> <span class='ocrx_word' id='word_1_246' title='bbox 1335 1871 1439 1922; x_wconf 89' lang='lat' dir='ltr'>quod</span> 
     </span>
     <span class='ocr_line' id='line_1_39' title="bbox 105 1928 1443 1983; baseline -0.003 -11"><span class='ocrx_word' id='word_1_247' title='bbox 105 1933 303 1972; x_wconf 78' lang='lat' dir='ltr'>fatendum</span> <span class='ocrx_word' id='word_1_248' title='bbox 348 1938 427 1983; x_wconf 89' lang='lat' dir='ltr'>est,</span> <span class='ocrx_word' id='word_1_249' title='bbox 471 1943 547 1970; x_wconf 89' lang='lat' dir='ltr'>non</span> <span class='ocrx_word' id='word_1_250' title='bbox 587 1930 742 1981; x_wconf 91' lang='lat' dir='ltr'>quidem</span> <span class='ocrx_word' id='word_1_251' title='bbox 780 1931 819 1968; x_wconf 92' lang='lat' dir='ltr'>in</span> <span class='ocrx_word' id='word_1_252' title='bbox 859 1928 1035 1982; x_wconf 90' lang='lat' dir='ltr'>Graecia,</span> <span class='ocrx_word' id='word_1_253' title='bbox 1079 1928 1146 1968; x_wconf 91' lang='lat' dir='ltr'>sed</span> <span class='ocrx_word' id='word_1_254' title='bbox 1185 1930 1225 1967; x_wconf 90' lang='lat' dir='ltr'>in</span> <span class='ocrx_word' id='word_1_255' title='bbox 1264 1929 1443 1969; x_wconf 86' lang='lat' dir='ltr'>barbaris</span> 
     </span>
     <span class='ocr_line' id='line_1_40' title="bbox 104 1987 1440 2043; baseline -0.003 -12"><span class='ocrx_word' id='word_1_256' title='bbox 104 1992 303 2043; x_wconf 83' lang='lat' dir='ltr'>gentibus,</span> <span class='ocrx_word' id='word_1_257' title='bbox 336 1992 438 2030; x_wconf 88' lang='lat' dir='ltr'>sicut</span> <span class='ocrx_word' id='word_1_258' title='bbox 468 1991 507 2028; x_wconf 91' lang='lat' dir='ltr'>in</span> <span class='ocrx_word' id='word_1_259' title='bbox 539 1989 842 2040; x_wconf 87' lang='lat' dir='ltr'>Aegypt0,-iam</span> <span class='ocrx_word' id='word_1_260' title='bbox 877 1988 1003 2026; x_wconf 84' lang='lat' dir='ltr'>fuerat</span> <span class='ocrx_word' id='word_1_261' title='bbox 1035 1993 1122 2026; x_wconf 91' lang='lat' dir='ltr'>ante</span> <span class='ocrx_word' id='word_1_262' title='bbox 1154 1987 1311 2039; x_wconf 71' lang='lat' dir='ltr'>Moysen</span> <span class='ocrx_word' id='word_1_263' title='bbox 1345 2000 1440 2028; x_wconf 86' lang='lat' dir='ltr'>non·</span> 
     </span>
     <span class='ocr_line' id='line_1_41' title="bbox 105 2046 1439 2101; baseline -0.004 -12"><span class='ocrx_word' id='word_1_264' title='bbox 105 2050 208 2089; x_wconf 91' lang='lat' dir='ltr'>nulla</span> <span class='ocrx_word' id='word_1_265' title='bbox 241 2050 434 2101; x_wconf 88' lang='lat' dir='ltr'>doctrina,</span> <span class='ocrx_word' id='word_1_266' title='bbox 472 2059 570 2099; x_wconf 87' lang='lat' dir='ltr'>quae</span> <span class='ocrx_word' id='word_1_267' title='bbox 609 2047 762 2086; x_wconf 91' lang='lat' dir='ltr'>illorum</span> <span class='ocrx_word' id='word_1_268' title='bbox 802 2047 989 2097; x_wconf 84' lang='lat' dir='ltr'>sapientia</span> <span class='ocrx_word' id='word_1_269' title='bbox 1021 2046 1236 2097; x_wconf 82' lang='lat' dir='ltr'>diceretur3</span> <span class='ocrx_word' id='word_1_270' title='bbox 1268 2046 1439 2097; x_wconf 91' lang='lat' dir='ltr'>alioquin</span> 
     </span>
     <span class='ocr_line' id='line_1_42' title="bbox 106 2104 1438 2159; baseline -0.004 -12"><span class='ocrx_word' id='word_1_271' title='bbox 106 2121 181 2148; x_wconf 90' lang='lat' dir='ltr'>non</span> <span class='ocrx_word' id='word_1_272' title='bbox 227 2110 416 2159; x_wconf 89' lang='lat' dir='ltr'>scriptum</span> <span class='ocrx_word' id='word_1_273' title='bbox 460 2112 565 2146; x_wconf 87' lang='lat' dir='ltr'>esset</span> <span class='ocrx_word' id='word_1_274' title='bbox 609 2107 647 2145; x_wconf 92' lang='lat' dir='ltr'>in</span> <span class='ocrx_word' id='word_1_275' title='bbox 687 2105 797 2144; x_wconf 88' lang='lat' dir='ltr'>libris</span> <span class='ocrx_word' id='word_1_276' title='bbox 836 2106 997 2156; x_wconf 85' lang='lat' dir='ltr'>sanctis,</span> <span class='ocrx_word' id='word_1_277' title='bbox 1040 2104 1198 2155; x_wconf 80' lang='lat' dir='ltr'>Moysen</span> <span class='ocrx_word' id='word_1_278' title='bbox 1243 2105 1438 2144; x_wconf 88' lang='lat' dir='ltr'>eruditum</span> 
     </span>
     <span class='ocr_line' id='line_1_43' title="bbox 105 2163 1441 2217; baseline -0.004 -11"><span class='ocrx_word' id='word_1_279' title='bbox 105 2168 225 2206; x_wconf 81' lang='lat' dir='ltr'>fuisse</span> <span class='ocrx_word' id='word_1_280' title='bbox 264 2168 369 2205; x_wconf 87' lang='lat' dir='ltr'>omni</span> <span class='ocrx_word' id='word_1_281' title='bbox 407 2166 594 2217; x_wconf 87' lang='lat' dir='ltr'>sapientia</span> <span class='ocrx_word' id='word_1_282' title='bbox 631 2165 924 2215; x_wconf 85' lang='lat' dir='ltr'>Aegyptiorum,</span> <span class='ocrx_word' id='word_1_283' title='bbox 963 2168 1056 2202; x_wconf 86' lang='lat' dir='ltr'>tunc</span> <span class='ocrx_word' id='word_1_284' title='bbox 1094 2163 1246 2215; x_wconf 89' lang='lat' dir='ltr'>utique,</span> <span class='ocrx_word' id='word_1_285' title='bbox 1287 2163 1441 2214; x_wconf 87' lang='lat' dir='ltr'>quando</span> 
     </span>
    </p>
   </div>
   <div class='ocr_carea' id='block_1_10' title="bbox 199 2256 503 2300">
    <p class='ocr_par' dir='ltr' id='par_1_10' title="bbox 199 2256 503 2300">
     <span class='ocr_line' id='line_1_44' title="bbox 199 2256 503 2300; baseline -0.003 -10"><span class='ocrx_word' id='word_1_286' title='bbox 199 2257 257 2300; x_wconf 86' lang='lat'>35)</span> <span class='ocrx_word' id='word_1_287' title='bbox 282 2256 363 2290; x_wconf 75' lang='lat' dir='ltr'>Act.</span> <span class='ocrx_word' id='word_1_288' title='bbox 390 2259 422 2298; x_wconf 85' lang='lat'>7,</span> <span class='ocrx_word' id='word_1_289' title='bbox 449 2259 503 2289; x_wconf 77' lang='lat'>22.</span> 
     </span>
    </p>
   </div>
  </div>
 </body>
</html>
