1548 2562
428 179 480 204 DE
500 178 689 205 cmTATE
708 179 777 203 DEI
797 179 828 203 L.
848 179 931 203 XXI.
951 178 980 204 c.
1001 180 1041 204 27.
1318 169 1401 210 547

69 273 162 306 cata.
225 267 337 306 Tales
378 273 507 305 autem
547 267 787 317 elemosynas
826 279 902 312 non
943 267 1096 306 dicendi
1134 272 1225 305 sunt
1262 268 1402 319 facere,

69 327 135 376 qui
168 326 282 364 vitam
310 324 447 363 nolunt
473 337 492 362 a
519 325 802 363 consuetudine
834 325 1027 363 scelerum
1057 327 1096 363 in
1128 324 1266 363 melius
1299 337 1401 363 com·

67 390 231 423 mutare.
293 382 390 428 Quia
422 388 460 421 et
492 384 530 420 in
556 383 630 421 hoc
662 383 764 433 quod
797 384 868 422 ait:
908 384 1072 429 Quando
1104 386 1177 422 um'
1206 396 1257 422 ex
1288 385 1400 422 mini-

67 443 140 480 mis
171 443 267 480 meis
298 452 375 480 non
398 440 563 489 fecz‘ste's,
595 442 694 479 mihi
722 452 798 479 non
827 440 992 489 fecistis,
1025 441 1194 480 ostendit
1225 453 1291 479 eos
1324 453 1402 479 non

68 500 196 538 facere
229 500 345 537 etiam
375 498 528 549 quando
556 511 596 536 se
629 498 756 536 facere
790 500 1021 537 existimant.
1084 499 1124 538 Si
1157 501 1259 538 enim
1293 499 1401 538 Chri·
1428 507 1448 537 5

69 559 193 596 stiano
233 558 420 595 esurienti
458 568 596 607 panem
636 562 831 607 tamquam
869 556 1087 595 Christiano
1120 558 1274 606 darent,
1312 570 1399 608 pro—

68 616 169 653 fecto
209 614 283 653 sibi
320 626 459 665 panem
496 615 688 666 iustitiae,
733 614 835 665 quod
877 616 959 665 ipse
993 614 1170 654 Christus
1204 621 1280 667 est,
1322 628 1401 653 non

2 691 10 698 ·
67 678 271 724 negarent3
310 674 492 723 quoniam
525 671 646 724 Deus,
686 685 763 710 non
796 674 859 710 eui
892 672 1025 724 detur,
1063 673 1130 711 sed
1164 686 1240 723 quo
1273 675 1400 711 animo

68 731 199 782 detur,
231 730 415 769 adtendit.
479 729 553 775 Qui
586 742 677 781 ergo
711 729 908 769 Christum
941 730 1065 781 diligit
1096 733 1135 769 in
1169 731 1401 783 Christiano,

66 789 139 827 hoc
172 790 298 827 animo
337 790 372 826 ei
410 789 575 839 porrigit
607 788 882 840 elemosynam,
921 801 997 839 quo
1031 789 1180 827 accedit
1211 789 1257 827 ad
1292 789 1399 828 Chri·
1429 799 1470 829 10

67 852 182 899 stum,
214 858 291 885 non
325 858 400 896 quo
434 845 513 884 vult
545 846 729 885 recedere
761 848 963 897 inpunitus
997 859 1017 885 a
1049 847 1214 886 Christo.
1277 847 1399 886 Tanto

68 906 169 943 enim
201 906 322 955 magis
362 905 527 954 quisque
561 903 707 942 deserit
738 904 955 956 Christum,
988 910 1131 955 quanto
1164 907 1284 956 magis
1317 905 1400 943 dili-

66 964 122 1013 git
154 962 256 1013 quod
294 962 475 1013 inprobat
507 961 697 1001 Christus.
758 962 853 1000 Nam
893 963 984 1013 quid
1017 965 1197 1013 cuiquam
1229 964 1401 1015 prodest,

67 1021 169 1071 quod
214 1020 446 1071 baptizatur,
491 1021 522 1058 si
566 1032 643 1058 nou
686 1019 948 1059 iustificatur‘?
1008 1021 1143 1059 Nonne
1184 1023 1250 1072 qui
1288 1022 1400 1060 dixit:

66 1080 155 1118 Nisi
190 1081 277 1127 quis
309 1082 474 1117 renatus
503 1077 633 1127 fuerit
663 1091 714 1117 ex
745 1091 852 1126 aqua
884 1084 922 1118 et
952 1080 1124 1128 Spiritu,
1163 1091 1241 1118 non
1274 1082 1399 1118 intra-
1428 1089 1469 1119 15

66 1139 121 1176 bit
162 1139 202 1176 in
243 1148 410 1185 reynum
442 1137 536 1184 Dei,
577 1138 660 1187 ipse
703 1138 818 1174 etiam
860 1137 972 1175 dixit:
1014 1138 1102 1176 Nisi
1132 1139 1402 1176 abundaverit

66 1196 219 1234 iustitia
259 1199 391 1233 vestra
431 1206 552 1244 super
592 1196 821 1233 scribarum
862 1200 900 1234 et
941 1196 1276 1243 Pharisaeorum,
1320 1208 1400 1234 mm

68 1254 269 1291 intrabitis
296 1254 336 1291 in
365 1264 533 1301 requam
566 1250 798 1291 caelorum?
848 1252 926 1291 Cur
958 1253 1050 1291 illud
1084 1254 1256 1292 timendo
1288 1253 1400 1292 multi

66 1317 232 1349 currunt
267 1310 469 1361 baptizari,
511 1316 548 1349 et
588 1310 661 1348 hoc
694 1323 770 1348 non
804 1310 974 1349 timendo
1007 1323 1084 1349 non
1118 1311 1228 1349 multi
1261 1317 1400 1349 curant

65 1366 295 1407 iustificari?
357 1368 466 1406 Sicut
507 1380 599 1418 ergo
641 1380 718 1406 non
760 1369 869 1407 fratri
901 1381 972 1407 suo
1004 1369 1114 1407 dicit:
1155 1370 1299 1417 Fatue,
1332 1371 1399 1420 qui
1426 1379 1468 1410 20

67 1439 156 1465 cum
187 1426 260 1464 hoc
293 1426 386 1464 dicit
422 1438 500 1464 non
537 1428 611 1476 ipsi
643 1427 894 1478 fraternitati,
933 1427 999 1465 sed
1032 1433 1192 1478 peccato
1226 1429 1309 1466 eius
1341 1429 1398 1466 in-

65 1485 199 1523 fensus
232 1490 291 1522 est
323 1480 512 1537 (alioquin
539 1496 631 1522 reus
663 1486 738 1523 erit
764 1484 961 1535 gehennae
994 1481 1133 1538 ignis):
1170 1486 1223 1523 ita
1255 1497 1274 1523 e
1308 1497 1397 1523 con-

65 1544 197 1594 trario,
229 1543 296 1593 qui
326 1543 492 1593 porrigit
523 1542 783 1593 elemosynam
810 1542 1042 1595 Christiano,
1074 1555 1151 1581 non
1178 1542 1397 1582 Christiano

65 1602 242 1652 porrigit,
274 1602 341 1651 qui
373 1612 450 1638 non
482 1601 522 1638 in
556 1612 600 1638 eo
633 1600 756 1651 diligit
788 1600 1003 1652 Christum3
1042 1613 1119 1639 non
1152 1606 1281 1639 autem
1314 1601 1396 1639 dili-

65 1660 120 1709 git
146 1658 355 1710 Christum,
388 1660 454 1709 qui
487 1659 688 1697 iustificari
720 1665 876 1697 recusat
906 1660 946 1697 in
973 1658 1139 1698 Christo.
1200 1658 1249 1697 Et
1282 1671 1396 1709 quem
1424 1668 1466 1698 ‘25

67 1717 111 1755 ad
153 1716 310 1755 modum
351 1718 383 1755 si
422 1718 508 1767 quis
546 1722 854 1767 praeoccupatus
893 1718 1011 1755 fuerit
1048 1717 1121 1756 hoc
1160 1716 1322 1768 delicto,
1354 1721 1399 1755 ut

66 1775 176 1813 fratri
208 1787 278 1813 suo
311 1774 429 1813 dicat:
461 1775 599 1822 Fatue,
631 1774 669 1813 id
702 1780 772 1827 est,
803 1787 881 1813 non
914 1777 997 1813 eius
1029 1781 1231 1825 peccatum
1266 1775 1397 1813 volens

67 1833 220 1871 auferre
266 1834 506 1871 convicietur
543 1834 708 1880 iniuste,
747 1845 883 1883 parum
923 1838 982 1871 est
1020 1833 1074 1871 illi
1113 1833 1158 1871 ad
1191 1833 1264 1871 hoc
1296 1832 1396 1871 redi-

66 1890 250 1929 mendum
282 1890 521 1941 elemosynas
554 1891 699 1942 facere,
737 1892 812 1928 nisi
850 1893 964 1929 etiam
998 1891 1100 1942 quod
1133 1891 1187 1929 ibi
1219 1892 1397 1941 sequitur

66 1948 283 1987 remedium
326 1948 653 1987 reconciliationis
703 1949 885 1999 adiungat
936 1945 1008 2001 (ihi
1053 1951 1155 1987 enim
1200 1949 1396 1999 sequitur:
1422 1958 1466 1988 30

72 2007 115 2045 Sa·
151 2018 246 2055 erqo
287 2007 433 2054 offeres
470 2018 612 2046 munus
651 2012 759 2046 tuum
797 2009 852 2051 ad
888 2010 1019 2046 altare
1050 2012 1088 2046 et
1119 2008 1175 2046 ibi
1203 2008 1395 2045 recorda-

159 2108 195 2151 4)
221 2107 285 2141 Mt.
312 2110 368 2150 25,
394 2109 450 2141 45.
503 2108 560 2151 16)
586 2107 635 2141 10,
664 2112 695 2151 3,
723 2111 753 2141 5.
808 2110 863 2149 18)
889 2108 953 2141 Mt.
983 2111 1014 2150 5,
1041 2111 1096 2143 20.
1147 2108 1206 2150 22)
1232 2107 1282 2141 lb.
1310 2110 1365 2141 22.

162 2237 204 2268 15
231 2233 364 2277 spiritu
389 2244 476 2275 mss;
510 2233 569 2278 Sp.
597 2235 722 2267 sancto
748 2244 767 2267 υ
787 2235 798 2277 ΙΙ
818 2236 862 2267 20
888 2244 960 2267 non
985 2232 1092 2267 fratri
1118 2244 1182 2267 suo
1209 2233 1299 2268 dicit
1323 2233 1395 2267 ΒΑ

66 2281 123 2323 (cf.
150 2283 318 2315 23:110n
345 2279 551 2314 Christiano
576 2279 763 2324 porrigit);
795 2290 867 2314 non
899 2279 931 2313 d.
962 2279 1005 2314 fr.
1039 2291 1065 2313 s.
1098 2290 1117 2313 v
1149 2281 1160 2323 ΙΙ
1191 2283 1232 2314 31
1268 2279 1395 2314 offeres

66 2326 100 2360 A
128 2326 236 2361 Parr.
258 2327 390 2370 plerr.;
418 2326 563 2361 offerres
589 2326 645 2368 R,·
671 2325 776 2360 offers
803 2336 820 2359 e
843 2336 864 2359 v

1044 2383 1115 2417 35*
