1548 2562
375 169 427 194 DE
447 169 634 195 CIVITATE
654 169 723 194 Dm
742 170 774 194 L.
794 169 858 194 xv.
878 169 907 194 o.
927 170 968 194 20.
1255 159 1336 200 103

10 258 251 296 adnumerati
281 263 373 295 sunt
404 257 482 309 filii,
514 258 636 296 donec
669 258 906 296 undenarius
939 269 1126 296 numerus
1158 257 1336 308 implere-

10 322 92 365 tur,
131 327 206 365 quo
239 316 478 365 significatur
509 322 723 366 peccatum.
786 316 991 359 Adduntur
1023 317 1125 353 enim
1158 321 1238 353 tres
1271 315 1338 353 filii

10 379 49 412 et
79 385 155 411 una
186 373 290 411 filias
333 373 482 411 Uxores
508 379 636 412 autem
669 374 770 412 aliud
802 379 967 424 possunt
999 374 1228 425 significare,
1260 386 1338 411 non

9 431 82 470 hoc
115 431 217 481 quod
257 444 360 469 nunc
397 431 746 470 commendandum
787 432 950 471 videtur.
1011 432 1122 470 Nunc
1155 433 1257 469 enim
1291 431 1337 469 de

10 489 325 540 generationibus
357 490 570 540 loquimur,
602 489 687 528 illae
719 502 809 528 vero
844 490 944 528 unde
978 492 1055 528 sint
1086 491 1251 541 genitae,
1283 495 1336 528 ta-

11 550 130 586 citum
162 554 231 586 est.
293 548 484 593 Quoniam
521 560 614 598 ergo
651 547 712 586 lex
756 548 913 586 denario
946 560 1108 586 numero
1142 547 1336 598 praedica-

10 611 85 656 tur,
117 605 218 643 unde
246 611 306 644 est
330 605 591 644 memorabilis
616 605 679 644 ille
701 606 920 658 decalogus,
946 607 1123 657 profecto
1150 618 1338 645 numerus

10 665 266 715 undenarius,
312 666 493 714 quoniam
535 664 821 714 transgreditur
859 665 1081 716 denarium,
1122 670 1337 714 transgres-

10 723 158 760 sionem
198 722 294 771 legis
335 735 378 760 ac
416 735 485 773 per
526 723 599 760 lioc
636 728 839 772 peccatum
877 723 1078 773 significat.
1140 722 1238 760 Hinc
1280 728 1339 760 est

10 780 113 830 quo'd
150 782 189 818 in
230 780 479 819 tabernaculo
512 782 741 832 testimonii,
780 781 881 830 quod
914 786 998 819 erat
1028 783 1066 818 in
1100 782 1239 819 itinere
1271 793 1337 831 po-

9 838 90 889 puli
121 838 190 876 Dei
222 839 326 877 velut
357 839 543 889 templum
577 839 892 890 ambulatorium,
931 839 1112 877 undecim
1144 839 1226 876 vela
1258 838 1337 877 cili-

10 898 95 934 cina
122 897 206 934 fieri
231 904 437 947 praecepta
463 902 564 935 sunt.
626 897 668 935 In
696 897 820 934 cilicio
854 899 996 947 quippe
1030 897 1247 935 recordatio
1282 902 1340 935 est

9 960 257 1005 peccatorum
306 961 467 1006 propter
513 955 656 993 haedos
694 955 739 992 ad
787 957 984 993 sinistram
1024 956 1194 1006 futuros,
1237 955 1337 1005 quod

9 1014 239 1051 confitentes
264 1015 302 1050 in
325 1013 450 1051 cilicio
482 1015 769 1064 prosternimur
801 1019 996 1064 tamquam
1029 1013 1203 1051 dicentes
1236 1013 1339 1063 quod

9 1073 47 1109 in
80 1071 226 1122 psalmo
259 1073 448 1121 scriptum
481 1077 556 1109 est:
589 1073 640 1109 Ec
665 1076 877 1120 peecatum
909 1083 1036 1110 meum
1068 1076 1161 1110 ante
1193 1083 1252 1109 me
1284 1076 1342 1110 est

8 1141 172 1178 semper.
234 1129 446 1179 Progenies
485 1142 576 1180 ergo
618 1142 663 1167 ex
703 1129 820 1167 Adam
864 1142 935 1180 per
977 1129 1069 1168 Cain
1107 1129 1339 1168 sceleratum

9 1187 223 1225 undenario
265 1200 428 1226 numero
468 1188 621 1239 finitur,
661 1200 737 1238 quo
778 1194 981 1238 peccatum
1014 1188 1271 1239 significatur,
1304 1193 1342 1225 et

9 1248 92 1296 ipse
119 1258 307 1284 numerus
334 1246 474 1284 semina
502 1246 705 1297 clauditur,
738 1258 756 1283 a
784 1258 859 1296 quo
882 1258 975 1284 sexu
1009 1248 1163 1284 initium
1198 1247 1340 1284 sactum

10 1310 70 1342 est
106 1306 271 1355 peccati,
309 1316 379 1354 per
418 1304 519 1354 quod
558 1316 693 1342 omnes
731 1307 930 1342 morimur.
993 1304 1251 1342 Commissum
1284 1310 1342 1341 est

10 1368 150 1413 autem,
182 1368 225 1400 ut
256 1367 295 1400 et
326 1362 501 1413 voluptas
534 1364 679 1413 carnis,
719 1375 815 1412 qnae
849 1364 1003 1413 spiritui
1036 1363 1251 1414 resisteret,
1283 1374 1339 1399 se-

10 1426 209 1470 queretur.
276 1419 371 1458 Nam
413 1427 451 1458 et
491 1422 573 1471 ipsa
616 1420 690 1458 tilia
732 1420 899 1458 Lamech
940 1421 1125 1458 Noemma
1166 1420 1341 1470 voluptas

11 1480 304 1528 interpretatur.
366 1478 441 1516 Per
481 1478 575 1516 Seth
614 1485 741 1517 autem
780 1479 826 1516 ab
858 1478 979 1516 Adam
1025 1492 1149 1528 usque
1182 1479 1228 1516 ad
1261 1478 1341 1515 Noe

11 1536 192 1574 denarius
217 1538 438 1575 insinuatur
462 1537 657 1587 legitimus
693 1549 890 1575 numerus.
953 1536 1024 1574 Cui
1058 1537 1138 1574 Noe
1165 1542 1245 1574 tres
1278 1536 1340 1574 ad-

10 1596 182 1633 iciuntur
219 1594 304 1646 filii,
343 1595 445 1633 unde
477 1607 554 1633 uno
588 1595 692 1645 lapso
732 1595 808 1633 duo
850 1594 1137 1632 benedicuntur
1169 1606 1188 1632 a
1220 1600 1341 1644 patre,

10 1658 54 1691 ut
85 1658 235 1690 remoto
274 1653 442 1703 reprobo
483 1658 522 1691 et
559 1653 731 1703 probatis
762 1652 850 1690 filiis
883 1653 928 1690 ad
962 1665 1169 1690 numerum
1202 1652 1341 1690 additis

11 1712 127 1749 etiam
165 1710 428 1749 duodenarius
467 1723 655 1749 numerus
687 1712 906 1761 intimetur,
939 1712 1005 1760 qui
1039 1716 1076 1748 et
1107 1712 1146 1748 in
1178 1711 1339 1761 patriar-

11 1769 171 1807 charum
209 1774 249 1807 et
285 1770 323 1806 in
362 1769 626 1819 apostolorum
663 1781 826 1807 numero
863 1770 1027 1819 insignis
1067 1774 1142 1818 est,
1181 1774 1341 1819 propter

12 1828 222 1878 septenarii
254 1832 383 1877 partes
416 1827 575 1865 alteram
607 1839 677 1877 per
709 1827 868 1865 alteram
900 1826 1184 1877 multiplicatas.
1246 1826 1340 1864 Nam

11 1891 71 1923 ter
115 1887 294 1935 quaterni
326 1885 384 1923 vel
427 1890 564 1935 quater
603 1886 705 1923 terni
737 1887 864 1936 ipsum
896 1886 1053 1923 faciunt.
1116 1885 1183 1922 His
1215 1887 1267 1923 ita
1300 1896 1340 1923 se

10 1942 242 1982 habentibus
273 1943 383 1981 video
416 1943 741 1982 considerandum
773 1948 812 1981 et
844 1943 1237 1995 commemorandum,
1269 1945 1342 1981 ista

11 2008 176 2051 utraque
208 2003 426 2053 progenies,
458 2014 556 2052 (luae
582 2001 775 2039 distinctis
808 2001 1124 2051 generationibus
1157 2000 1252 2039 duas
1285 2003 1340 2039 in-

11 2061 140 2097 sinuat
185 2061 380 2112 civitates,
424 2071 539 2097 unam
582 2061 889 2110 terrigenarum,
934 2059 1093 2097 alteram
1137 2071 1340 2110 regenera-

11 2123 157 2170 torum,
196 2130 272 2168 quo
310 2117 424 2156 modo
462 2124 596 2168 postea
628 2119 683 2155 sic
716 2119 921 2156 commixta
955 2118 1072 2155 fuerit
1103 2124 1218 2168 atque
1251 2129 1341 2156 con-

106 2221 162 2262 12)
188 2218 299 2253 Exod.
327 2222 383 2262 26,
411 2222 441 2253 7.
493 2221 548 2262 16)
575 2218 633 2253 Ps.
661 2221 715 2260 50,
743 2222 773 2253 5.

105 2328 147 2357 21
175 2334 346 2358 noemma
378 2323 503 2364 VRF;
529 2323 671 2357 Noema
695 2333 715 2356 v

1367 788 1409 819 10

1369 1079 1409 1109 15

1368 1660 1411 1690 25

1368 1952 1412 1982 30
