1548 2562
432 143 482 167 DE
502 142 690 168 οΙνΙΤΑΤΕ
708 142 778 167 DEI
797 142 830 167 L.
850 142 965 168 xvm.
984 142 1012 168 c.
1032 143 1073 168 13.
1334 134 1419 175 273

89 236 269 282 stuprum
295 235 449 281 raptum
481 229 788 280 pulcherrimum
820 242 984 281 puerum
1011 230 1283 283 Ganymedem,
1316 232 1418 282 quod

90 289 197 327 nefas
230 300 297 326 rex
323 287 507 326 Tantalus
540 288 631 325 fecit
663 294 701 326 et
733 288 811 326 Iovi
844 288 969 326 fabula
1001 288 1150 339 tribuit,
1180 288 1239 327 vel
1271 288 1418 328 Danaes

89 359 159 397 per
197 345 361 384 imbrem
401 357 561 383 aureum
600 345 794 396 adpetisse
827 344 1095 397 concubitum,
1133 346 1200 384 ubi
1230 347 1418 397 intellegi-

88 410 152 442 tur
195 403 380 455 pudicitia
430 402 603 441 mulieris
648 415 741 441 auro
791 404 911 442 fuisse
956 410 1158 455 corrupta,
1203 416 1300 454 quae
1344 405 1418 443 illis

87 460 328 512 temporibus
365 460 423 499 vel
467 461 566 499 facta
597 459 656 499 vel
688 461 776 499 ficta
807 466 918 512 sunt,
959 467 1025 500 aut
1056 463 1154 500 facta
1186 461 1232 500 ab
1265 462 1348 500 aliis
1380 467 1418 500 et

88 520 176 558 ficta
209 519 256 557 de
289 518 389 571 love,
421 518 498 556 dici
530 530 607 556 non
639 524 769 569 potest
801 525 987 569 quantum
1020 520 1107 557 mali
1139 519 1186 558 de
1218 519 1418 558 hominum

87 578 421 628 praesumpserint
448 576 644 628 cordibus,
677 576 778 626 quod
805 583 965 627 possent
990 578 1062 615 ista
1088 579 1282 628 patienter
1314 579 1417 616 ferre

87 635 303 687 mendacia,
346 646 443 685 quae
477 641 604 673 tamen
637 635 752 672 etiam
784 634 951 673 libenter
983 635 1148 685 amplexi
1180 642 1282 674 sunt.
1344 636 1419 681 Qui

86 694 222 743 utique
255 698 399 743 quanto
432 692 608 730 devotius
641 691 768 730 Iovem
801 692 945 741 colunt,
976 699 1082 731 tanto
1116 705 1194 744 eos,
1227 695 1293 743 qui
1324 693 1418 731 haec

85 749 161 801 <de
203 750 295 800 illo>
342 750 471 788 dIcere
512 751 595 788 ausi
636 755 746 801 sunt,
791 752 963 788 severius
1005 752 1143 801 punire
1186 751 1417 789 debuerunt.

86 808 197 847 Nunc
237 820 327 846 vero
368 820 445 846 non
478 807 602 845 solum
638 809 714 859 eis,
758 809 824 858 qui
855 809 928 846 ista
960 809 1177 860 finxerunt,
1221 811 1308 847 irati
1341 821 1418 847 non

88 872 189 918 sunt,
222 866 288 904 sed
316 872 358 904 ut
383 865 472 904 talia
498 866 678 915 figmenta
706 867 820 903 etiam
846 868 884 903 in
912 865 1074 904 theatris
1107 872 1278 918 agerent,
1310 868 1416 917 ipsos

87 924 180 962 deos
230 925 358 974 potius
408 925 526 961 iratos
575 922 718 961 habere
769 924 994 961 timuerunt.
1057 923 1124 962 His
1175 924 1417 974 temporibus

87 981 231 1020 Latona
262 981 476 1032 Apollinem
516 982 688 1031 peperit,
731 993 807 1019 non
847 981 971 1031 illum,
1012 983 1124 1019 cuius
1162 982 1317 1020 oracula
1358 994 1416 1020 so-

87 1040 166 1077 lere
212 1039 361 1077 consuli
405 1040 585 1089 superius
623 1038 898 1089 loquebamur,
942 1039 1008 1077 sed
1049 1039 1177 1091 illum,
1222 1041 1288 1089 qui
1329 1052 1418 1078 cum

87 1097 253 1135 Hercule
295 1097 452 1134 servivit
483 1096 662 1147 Admet03
705 1098 771 1146 qui
813 1102 939 1134 tamen
979 1098 1034 1135 sic
1075 1103 1134 1135 est
1165 1096 1261 1135 deus
1295 1098 1416 1136 credi-

87 1162 167 1207 tus,
204 1160 246 1193 ut
288 1154 444 1205 plurimi
476 1166 519 1192 ac
551 1166 671 1204 paene
705 1166 840 1192 omnes
872 1167 993 1193 unum
1027 1155 1271 1205 eundemque
1304 1155 1416 1206 Apol-

86 1213 203 1250 linem
243 1213 362 1250 fuisse
401 1213 621 1262 opinentur.
684 1212 792 1249 Tunc
831 1218 869 1250 et
901 1212 1017 1250 Liber
1049 1218 1159 1263 pater
1190 1213 1345 1251 bellavit
1377 1215 1415 1251 in

87 1270 205 1322 India,
237 1271 303 1320 qui
330 1270 469 1308 multas
495 1269 628 1307 habuit
654 1271 693 1307 in
720 1271 892 1308 exercitu
920 1271 1094 1321 feminas,
1121 1283 1218 1321 quae
1245 1271 1416 1309 Bacchae

88 1328 298 1378 appellatae
344 1334 452 1379 sunt,
495 1340 573 1365 non
617 1333 693 1365 tam
738 1329 879 1366 virtute
924 1328 1072 1366 nobiles
1114 1340 1228 1378 quam
1272 1330 1416 1367 surore.

88 1386 215 1436 Aliqui
256 1397 346 1423 sane
388 1391 426 1424 et
466 1387 609 1423 vietum
659 1385 835 1424 scribunt
876 1387 993 1424 istum
1034 1385 1218 1424 Liberum
1259 1392 1298 1425 et
1341 1389 1418 1424 vin-

88 1450 210 1494 ctum3
252 1443 428 1481 nonnulli
469 1449 506 1481 et
544 1445 715 1481 occisum
754 1445 792 1481 in
831 1455 957 1494 pugna
992 1456 1011 1481 a
1044 1444 1206 1495 PerseO,
1248 1456 1319 1483 nec
1352 1444 1417 1483 ubi

89 1502 206 1539 fuerit
245 1501 419 1552 sepultus
459 1507 606 1551 tacent3
648 1507 687 1539 et
724 1507 850 1539 tamen
897 1504 980 1539 eius
1020 1501 1123 1539 velut
1162 1502 1222 1540 dei
1262 1504 1417 1541 nomine

24 1579 27 1581 ·
87 1571 157 1610 per
195 1559 402 1597 inmundos
440 1559 647 1597 daemones
680 1559 927 1597 Bacchanalia
967 1571 1074 1597 sacra
1108 1560 1165 1597 vel
1196 1562 1326 1609 potius
1359 1572 1415 1598 sa—

88 1616 244 1667 crilegia
271 1623 362 1655 sunt
386 1618 574 1668 instituta,
592 1615 653 1655 ‘''de
681 1629 847 1667 quorum
873 1617 1022 1654 rabiosa
1056 1617 1297 1667 turpitudine
1330 1624 1417 1668 post

88 1680 165 1713 tam
198 1675 340 1712 multos
378 1686 499 1712 annos
533 1676 587 1712 sic
620 1681 776 1712 senatus
809 1674 983 1724 erubuit,
1022 1680 1064 1712 ut
1096 1676 1134 1712 in
1167 1674 1263 1712 urbe
1297 1675 1416 1713 Roma

89 1744 174 1770 esse
215 1731 451 1783 prohiberet.
512 1731 587 1769 Per
626 1744 668 1770 ea
707 1738 880 1782 tempora
920 1731 1087 1770 Perseus
1125 1738 1164 1770 et
1200 1745 1297 1770 uxor
1335 1735 1417 1771 eius

90 1789 332 1828 Andromeda
371 1788 504 1840 postea
537 1802 650 1840 quam
684 1797 775 1828 sunt
806 1792 967 1840 mortui,
1007 1791 1061 1827 sic
1094 1802 1160 1827 eos
1194 1791 1233 1828 in
1266 1791 1416 1829 eaelum

89 1852 267 1898 receptos
306 1859 390 1885 esse
430 1847 700 1899 crediderunt,
738 1853 781 1886 ut
812 1849 997 1898 imagines
1030 1860 1164 1885 eorum
1198 1848 1318 1886 stellis
1351 1848 1415 1886 de-

89 1908 240 1956 signare
279 1917 491 1956 eorumque
530 1905 721 1955 appellare
760 1905 981 1944 nominibus
1014 1918 1091 1944 non
1124 1905 1415 1954 erubescerent,

89 1975 164 2001 non
199 1965 391 2001 timerent.

184 2102 226 2132 10
253 2098 296 2131 de
322 2098 386 2132 illo
412 2108 475 2132 om.
503 2098 538 2132 R

158 2353 232 2373 Δσο.
252 2353 292 2372 nt
311 2353 372 2373 ew.
393 2354 456 2373 m-:L
484 2348 526 2375 11.
1098 2347 1139 2378 18

1447 759 1488 790 10

1448 1048 1487 1078 15

1445 1338 1488 1368 20

1444 1627 1488 1657 25

1444 1916 1488 1947 30
