1611 2465
105 97 190 139 306
643 104 671 131 s,
693 103 910 131 Auocszrnu

585 247 741 291 CAPUT
774 248 964 290 XXXIV.

107 338 166 376 De
192 337 408 386 prophetia
440 335 621 373 Danielis
653 338 692 372 et
722 333 1001 384 Hiezecliielis,
1032 344 1136 381 quae
1167 335 1208 371 in
1244 332 1442 371 Christum

501 394 789 440 ecclesiamque
820 393 1051 430 concordat.

225 476 267 514 In
301 477 383 527 ipsa
420 486 539 526 porro
572 473 803 524 Babyloniae
843 474 1063 524 captivitate
1094 474 1204 524 prius
1236 472 1442 524 propheta-

62 544 82 574 5
108 541 250 574 verunt
281 533 414 572 Daniel
447 539 486 572 et
517 531 748 580 Hiezeehiel‚
780 531 843 570 alii
876 531 1026 570 scilieet
1056 530 1132 570 duo
1165 543 1212 570 ex
1243 531 1445 582 prophetis

108 593 331 633 maioribus.
394 592 570 638 Quorum
608 590 742 629 Daniel
779 591 895 629 etiam
932 596 1105 641 tempus,
1145 601 1223 640 quo
1255 595 1445 628 venturus

109 653 237 691 suerat
263 651 441 690 Christus
467 657 583 701 atque
608 661 808 701 passurus,
840 660 1004 687 numero
1031 648 1204 687 definivit
1234 660 1445 699 annorum3

110 710 213 762 quod
239 710 398 761 longum
425 714 485 748 est
516 707 777 763 computando
809 713 1041 759 monstrare,
1073 712 1111 745 et
1142 706 1188 745 ab
1221 706 1304 745 aliis
1337 707 1445 745 sacti-

109 776 233 808 tatnm
271 774 331 807 est
368 773 455 807 ante
494 779 576 806 nos.
638 766 693 805 De
734 771 926 817 potestate
964 777 1056 803 vero
1095 766 1179 803 eius
1212 770 1251 803 et
1281 764 1446 804 ecc-lesia

42 836 83 867 10
111 830 166 867 sic
198 828 353 866 locutus
385 832 462 866 est:
503 827 707 872 Videbam,
739 825 884 876 inquit,
917 826 957 862 in
988 826 1073 863 visu
1105 826 1250 870 noctis,
1283 828 1322 863 et
1353 835 1447 862 ecce

112 898 203 926 cum
234 887 406 925 nubibus
437 887 542 924 caeli
571 890 615 923 ut
640 886 750 931 filius
781 884 950 922 hominis
982 884 1142 921 veniens
1173 887 1282 929 erat,
1314 886 1353 920 et
1382 893 1445 920 us-

111 958 186 994 que
223 946 279 983 ad
314 948 507 983 vetustum
546 945 701 982 dierum
734 943 936 991 pervenit,
975 946 1013 979 et
1044 943 1085 979 in
1117 945 1329 990 conspectu
1362 942 1447 979 eius

107 1006 317 1054 praelatus
355 1007 434 1048 est;
471 1007 510 1041 et
546 1004 622 1051 ipsi
659 1003 778 1039 datus
810 1005 868 1039 est
893 1001 1150 1048 principatus
1182 1004 1219 1038 et
1250 1000 1378 1038 honor
1410 1003 1448 1037 et

111 1073 297 1111 reanum,
335 1066 373 1100 et
412 1072 543 1099 omnes
580 1061 735 1109 populi,
780 1059 924 1106 tribus,
962 1059 1125 1106 linquae
1156 1059 1232 1106 ipsi
1261 1059 1446 1096 servient.

44 1129 85 1160 15
112 1122 292 1160 ‘Potestas
330 1122 416 1159 eius
448 1123 624 1168 potestas
656 1122 873 1167 perpetua,
911 1128 1014 1164 quae
1053 1126 1133 1154 non
1172 1116 1377 1163 transibit,
1410 1119 1447 1154 et

112 1190 281 1228 reanum
312 1180 397 1217 eius
428 1189 506 1216 non
538 1181 830 1225 corrumpetur.

230 1235 450 1275 Hiezechiel
489 1247 644 1286 quoque
686 1246 794 1272 more
825 1232 1054 1284 prophetico
1085 1244 1157 1284 per
1188 1231 1307 1270 David
1340 1231 1446 1270 Chri-

113 1302 216 1335 stum
248 1295 482 1346 signifieans,
513 1295 603 1344 quia
635 1304 793 1331 carnem
825 1292 871 1330 de
903 1290 1021 1329 David
1055 1292 1202 1329 semine
1234 1290 1449 1341 adsumpsit

114 1352 296 1407 (propter
328 1365 443 1404 quam
476 1353 639 1391 sormam
672 1352 786 1403 servi,
818 1362 892 1400 qua
925 1350 1049 1388 faetus
1081 1355 1142 1388 est
1172 1349 1300 1401 homo,
1333 1350 1448 1388 etiam

44 1422 88 1453 20
116 1425 252 1452 servus
283 1411 353 1450 Dei
385 1412 528 1450 dicitur
559 1410 662 1448 idem
694 1409 762 1448 Dei
795 1405 934 1461 filius),
972 1409 1027 1446 sic
1059 1419 1149 1447 eum
1180 1407 1448 1459 prophetando

114 1472 364 1523 praenuntiat
402 1482 449 1508 ex
485 1480 652 1520 persona
684 1467 753 1506 Dei
790 1467 934 1506 Patris:
972 1467 1025 1505 Et
1053 1467 1272 1515 suscitabo,
1309 1467 1449 1517 inquit,

114 1542 236 1580 super
257 1540 411 1578 pecora
436 1540 525 1567 mea
546 1532 749 1577 pastorem
776 1537 897 1565 unum
928 1527 998 1573 qui
1022 1530 1168 1575 pascat
1200 1536 1260 1573 ea,
1291 1535 1449 1564 servum

116 1600 243 1628 meum
268 1588 402 1626 David
408 1601 422 1633 ;
454 1592 492 1625 et
517 1589 600 1635 ipse
620 1590 762 1635 pascet
788 1596 836 1623 ea
867 1589 906 1623 et
937 1586 1018 1633 ipse
1050 1585 1129 1623 erit
1158 1585 1214 1622 eis
1246 1585 1286 1622 in
1314 1587 1447 1633 pasto-

116 1659 210 1687 rem.
273 1647 359 1694 qu
397 1651 529 1684 autem
567 1646 758 1683 Dominus
798 1654 867 1682 ero
899 1644 955 1681 eis
987 1644 1029 1680 in
1060 1642 1204 1689 Deum,
1243 1646 1281 1681 et
1310 1652 1450 1680 servus

47 1713 90 1744 25
117 1717 225 1745 meus
257 1706 392 1743 David
417 1706 607 1753 princeps
640 1705 680 1741 in
712 1703 839 1741 medio
872 1711 1031 1746 eorum;
1068 1712 1140 1749 eqo
1173 1701 1364 1739 Dominus
1394 1702 1446 1739 lo-

118 1770 234 1804 cutus
259 1775 355 1802 sum.
417 1762 466 1800 Et
491 1762 563 1799 alio
591 1761 695 1799 loco:
728 1761 779 1799 Et
809 1771 896 1806 rex,
928 1760 1067 1810 inquit,
1096 1770 1200 1797 unus
1226 1761 1304 1797 erit
1328 1760 1448 1797 omni-

118 1825 190 1862 bus
222 1824 445 1871 imperans;
484 1825 522 1858 et
558 1831 637 1858 non
666 1824 788 1859 erunt
818 1821 926 1856 ultra
958 1819 1064 1855 duae
1091 1822 1247 1865 qentes,
1285 1828 1359 1856 nec
1391 1818 1448 1855 cli—

118 1883 303 1920 videntur
339 1881 507 1928 amplius
544 1880 585 1916 in
624 1879 701 1916 duo
741 1887 891 1924 reginem
928 1886 1054 1923 neque
1080 1876 1310 1923 polluentur
1340 1876 1450 1913 ultra

119 1942 158 1977 in
186 1941 300 1977 idolis
330 1940 413 1976 suis
439 1941 476 1975 et
507 1936 866 1974 abominationibus
898 1938 937 1972 et
967 1935 1006 1971 in
1042 1935 1197 1971 cunctis
1230 1934 1447 1981 iniquitati-

49 2005 93 2036 30
119 1999 190 2036 bus
215 1999 308 2036 suis.
371 1995 429 2034 Et
446 1997 574 2033 salvos
600 2006 664 2032 eos
685 1993 839 2041 faciam
866 1993 914 2030 de
940 1992 1135 2029 universis
1166 1992 1325 2030 sedibus
1356 1992 1450 2039 suis,

215 2100 272 2141 16)
297 2096 388 2131 Dan.
417 2100 448 2139 7,
478 2099 518 2130 13
547 2106 599 2138 sq.
649 2095 707 2137 26)
734 2092 904 2127 Hiezech.
930 2096 986 2135 34,
1013 2095 1056 2126 23
1083 2103 1135 2136 sq.

214 2229 233 2259 9
261 2224 416 2259 ecelesia
440 2223 533 2264 RA,·
558 2221 733 2257 ecelesiae
760 2221 907 2255 FParr.
934 2221 1043 2261 mell.;
1075 2219 1196 2264 gloria
1220 2230 1240 2254 v
1267 2221 1280 2263 ΙΙ
1314 2222 1356 2253 14
1381 2218 1449 2253 lin-

120 2283 213 2316 guae
238 2282 308 2306 mss
334 2275 372 2305 ut
398 2271 472 2306 cod.
499 2270 623 2311 Alex.;
656 2270 693 2303 et
716 2267 803 2313 ling.
831 2269 944 2311 091129
971 2266 1307 2301 abominationibus
1332 2265 1405 2299 suis
1430 2276 1450 2299 v
