1611 2465
70 765 110 795 10

70 1058 110 1088 15

67 1350 110 1381 20

66 1936 109 1966 30

141 132 225 172 612
671 141 699 167 s,
720 140 935 167 Auensnm

140 233 264 283 mine,
306 230 409 282 quod
451 236 508 269 est
548 230 687 268 animal
726 231 910 269 rationale
950 236 988 269 et
1028 243 1073 269 ex
1112 231 1184 269 hoc
1219 233 1370 270 cunctis
1403 237 1479 270 ter-

139 291 245 328 renis
284 288 546 328 animantibus
585 288 839 328 excellentius
872 295 987 340 atque
1020 291 1301 342 praestantius,
1340 289 1406 328 sed
1439 291 1479 328 in

139 348 312 399 qualibet
344 348 605 386 minutissima
643 347 818 386 muscula
851 347 949 386 bene
983 348 1246 386 consideranti
1278 354 1477 399 stuporem

138 408 280 445 mentis
313 408 465 457 ingerat
496 405 728 457 laudemque
761 408 885 457 pariat
918 406 1125 445 Creatoris.

255 464 342 516 Ipse
369 466 499 515 itaque
527 466 675 503 animae
709 465 899 504 humanae
926 471 1097 503 mentem
1130 465 1247 516 dedit,
1279 465 1348 504 ubi
1381 467 1478 504 ratio

139 529 177 562 et
209 523 475 574 intellegentia
506 524 547 562 in
579 523 726 562 infante
761 525 885 575 sopita
917 529 976 562 est
1010 524 1176 574 quodam
1209 523 1334 576 modo,
1369 525 1479 574 quasi

138 582 243 620 nulla
269 583 330 634 sit,
362 582 565 620 excitanda
592 582 742 621 scilicet
767 588 881 633 atque
910 582 1102 620 exerenda
1137 584 1272 621 aetatis
1306 594 1478 634 accessu,

138 653 213 691 qua
252 642 302 679 sit
339 642 524 679 scientiae
564 653 683 692 capax
724 647 838 691 atque
872 641 1070 679 doctrinae
1104 646 1142 679 et
1173 640 1312 679 habilis
1343 653 1478 692 perce-

136 700 261 750 ptioni
292 701 466 738 veritatis
498 705 536 738 et
569 700 712 737 amoris
744 699 853 750 boni3
887 711 961 750 qua
994 700 1204 750 capacitate
1236 699 1389 737 hauriat
1421 712 1477 738 sa-

136 759 323 808 pientiam
349 757 638 808 virtutibusque
667 759 716 796 sit
747 758 933 808 praedita,
967 757 1108 808 quibus
1141 757 1368 809 prudenter,
1401 758 1477 796 for·

139 818 250 869 titer,
293 822 560 867 temperanter
605 822 643 855 et
686 818 788 855 iuste
834 816 1019 854 adversus
1065 828 1221 855 errores
1265 822 1303 855 et
1348 822 1478 855 cetera

136 876 363 926 ingenerata
401 876 491 913 vitia
531 875 690 913 dimicet
728 887 849 926 eaque
890 874 1033 913 nullius
1072 876 1130 913 rei
1169 874 1362 913 desiderio
1402 876 1476 913 nisi

136 933 229 971 boni
269 933 373 972 illius
420 935 562 972 summi
603 938 719 984 atque
761 933 1000 972 inmutabilis
1042 934 1180 972 vincat.
1250 932 1361 979 Quod
1404 934 1478 972 etsi

138 1004 215 1030 uon
248 992 373 1044 faciat,
406 994 488 1043 ipsa
515 992 649 1030 talium
674 991 868 1030 honorum
894 993 1085 1043 capacitas
1118 993 1157 1030 in
1189 997 1327 1030 natura
1360 993 1474 1030 ratio-

137 1050 215 1088 nali
252 1050 436 1089 divinitus
475 1052 655 1088 instituta
696 1056 885 1101 quantum
923 1052 973 1089 sit
1004 1050 1114 1102 boni,
1155 1062 1269 1101 quam
1302 1049 1476 1088 mirabile

138 1108 427 1159 Omnipotentis
461 1121 580 1160 opus,
613 1110 701 1159 quis
735 1113 1004 1160 competenter
1036 1110 1176 1147 effatur
1207 1114 1274 1147 aut
1306 1105 1477 1159 cogitat?

137 1167 298 1206 Praeter
336 1169 439 1205 enim
478 1173 582 1205 artes
620 1167 719 1205 bene
758 1167 911 1205 vivendi
950 1173 987 1206 et
1025 1167 1070 1205 ad
1112 1166 1358 1205 inmortalem
1388 1179 1476 1218 per-

137 1225 317 1263 veniendi
359 1225 602 1276 felicitatem,
645 1237 743 1276 quae
781 1227 945 1265 virtutes
984 1231 1172 1264 vocantur
1210 1231 1249 1264 et
1287 1224 1366 1263 sola
1407 1224 1476 1263 Dei

137 1285 280 1335 gratia,
325 1295 423 1337 quae
463 1285 501 1321 in
541 1283 695 1322 Christo
736 1289 816 1336 est,
857 1284 944 1322 filiis
982 1285 1253 1335 promissionis
1286 1285 1476 1334 regnique

137 1342 343 1394 donantur,
375 1354 504 1380 nonne
531 1341 700 1380 humano
732 1343 887 1393 ingenio
921 1348 977 1380 tot
1008 1348 1217 1392 tantaeque
1250 1347 1352 1380 artes
1385 1346 1476 1380 sunt

137 1402 315 1439 inventae
349 1405 387 1439 et
420 1401 632 1452 exercitae,
675 1402 817 1451 partim
849 1402 1091 1439 necessariae
1130 1401 1272 1451 partim
1303 1399 1474 1451 volupta-

137 1461 238 1510 riae,
283 1464 327 1497 ut
365 1464 442 1496 tam
482 1458 676 1496 excellens
715 1460 771 1497 vis
810 1460 950 1497 mentis
989 1464 1105 1510 atque
1144 1459 1305 1497 rationis
1343 1459 1384 1497 in
1415 1458 1474 1496 his

138 1519 252 1555 etiam
285 1517 422 1568 rebus,
455 1529 550 1567 quas
584 1517 820 1569 superfluas,
853 1519 970 1555 immo
1004 1523 1043 1555 et
1075 1517 1314 1568 periculosas
1346 1518 1473 1568 perni-

138 1578 341 1626 ciosasque
369 1577 528 1627 appetit,
561 1581 749 1625 quantum
776 1575 921 1614 bonum
947 1575 1087 1614 habeat
1118 1577 1157 1613 in
1190 1580 1340 1627 natura,
1371 1575 1473 1613 unde

94 1644 105 1649 ”
136 1636 209 1673 ista
234 1636 362 1685 potuit
388 1633 447 1672 vel
473 1635 647 1672 invenire
681 1633 741 1672 vel
773 1634 925 1672 discere
957 1634 1014 1672 vel
1048 1645 1245 1686 exercere,
1277 1631 1475 1672 testetur?

136 1692 468 1731 Vestimentorum
506 1698 542 1731 et
583 1692 848 1731 aedificiorum
887 1692 931 1730 ad
975 1704 1092 1743 opera
1125 1704 1241 1743 quam
1274 1691 1473 1743 mirabilia,

137 1763 251 1801 quam
279 1751 471 1802 stupenda
497 1750 689 1799 industria
722 1751 887 1789 humana
920 1753 1160 1802 pervenerit3
1194 1762 1270 1801 quo
1302 1751 1343 1788 in
1375 1751 1471 1801 agri-

137 1809 301 1861 cultura,
334 1822 410 1860 quo
437 1812 476 1846 in
503 1810 745 1858 navigatione
771 1809 1000 1860 profecerit3
1031 1821 1128 1860 quae
1155 1810 1194 1847 in
1222 1808 1473 1847 fabricatione

137 1880 382 1918 quorumque
425 1879 605 1905 vasorum
644 1867 703 1905 vel
744 1869 859 1905 etiam
898 1873 1114 1906 statuarum
1153 1873 1192 1906 et
1231 1868 1473 1918 picturarum

138 1927 319 1964 varietate
347 1927 623 1975 excogitaverit
650 1931 688 1964 et
713 1925 948 1977 impleverit3
981 1938 1078 1976 quae
1105 1927 1144 1964 in
1172 1925 1333 1964 theatris
1360 1926 1472 1964 mira-

135 1984 223 2022 bilia
258 1983 546 2035 spectantibus,
579 1983 826 2022 audientibus
858 1983 1101 2022 incredibilia
1133 1983 1307 2022 sacienda
1339 1989 1379 2022 et
1410 1995 1471 2022 ex-

137 2042 301 2081 hibenda
341 2041 471 2080 molita
510 2044 576 2093 sit,
616 2043 656 2080 in
695 2042 892 2092 capiendis
925 2042 1149 2081 occidendis
1182 2042 1383 2081 domandis
1414 2043 1470 2080 in-

135 2100 388 2139 rationalibus
427 2100 688 2138 animantibus
726 2112 823 2151 quae
865 2106 905 2138 et
945 2106 1088 2151 quanta
1126 2102 1366 2151 reppererit3
1410 2100 1472 2138 ad-

229 2263 247 2292 7
281 2259 482 2293 exercenda
513 2260 548 2293 A
577 2260 588 2303 ΙΙ
620 2263 661 2293 21
695 2259 923 2294 uoluntariae
955 2259 1026 2293 ΒΑ
1051 2260 1063 2303 ΙΙ
1094 2263 1136 2293 31
1165 2260 1302 2304 expect.
1329 2259 1401 2302 R¹;
1426 2259 1471 2301 cf·

132 2306 196 2340 vol.
224 2306 260 2347 Ι,
286 2309 369 2348 -1-84,
394 2307 536 2350 121132
564 2306 883 2341 inrationabilibus
909 2305 945 2340 R
