1548 2562
415 190 468 215 DE
488 189 675 216 CIVITATE
695 190 764 215 DEI
783 189 815 214 L.
836 189 933 214 xxn.
953 189 982 215 c.
1002 189 1026 215 5.
1046 190 1070 215 6.
1330 179 1413 220 561

84 284 201 330 atque
242 279 282 316 in
321 277 470 316 caelum
503 280 730 316 ascensione
763 277 923 330 dicitur,
963 277 1176 315 multorum
1208 276 1414 315 incredibi-

83 337 178 376 lium
209 337 430 375 testimonia
467 342 573 374 tanta
619 337 865 386 congerimus
904 340 943 374 et
974 335 1146 374 nondum
1178 334 1224 373 ad
1257 334 1417 372 creden-

83 395 176 434 dum
208 394 401 432 horrenda
439 394 584 433 duritia
620 394 843 432 incredulos
885 393 1089 432 flectimus.
1151 392 1193 431 Si
1223 405 1314 431 vero
1347 404 1417 443 per

83 453 277 504 apostolos
319 452 484 505 Christi,
531 458 574 491 ut
615 454 670 491 eis
715 452 944 490 crederetur
987 453 1319 490 resurrectionem
1363 456 1416 489 at-

82 523 158 562 que
197 512 464 549 ascensionem
503 509 816 561 praedicantibus
849 509 1011 562 Christi,
1052 511 1167 548 etiam
1198 511 1271 548 ista
1303 510 1416 547 mira-
1444 517 1463 548 5

83 569 168 608 cula
199 569 298 607 facta
330 581 415 607 esse
448 580 526 607 non
559 569 736 618 credunt,
767 568 841 606 hoc
873 568 984 606 nobis
1016 580 1138 607 unum
1170 567 1316 618 grande
1348 568 1416 605 mi-

82 627 258 666 raculum
307 627 470 678 sufficit,
520 627 623 677 quod
673 639 758 665 eam
806 631 1003 665 terrarum
1052 626 1158 664 orbis
1202 628 1285 664 sine
1328 625 1417 664 ullis

81 685 278 724 miraculis
310 685 485 724 credidit.

615 821 770 864 CAPUT
802 822 876 864 VI.

90 909 203 954 Quod
232 908 361 946 Roma
403 909 649 946 conditorem
680 918 793 944 suum
826 907 1037 945 Romulum
1070 908 1270 955 diliyendo
1304 909 1419 946 deum
1448 914 1489 945 10

166 964 330 1014 fecerit,
369 967 539 1004 ecelesia
572 969 702 1003 autem
740 965 938 1003 Christum
970 965 1097 1003 Deum
1130 967 1331 1004 credendo

654 1024 852 1061 dilexerit.

200 1105 431 1143 Recolamus
477 1105 592 1142 etiam
635 1103 708 1141 hoc
751 1103 836 1141 loco
880 1104 992 1155 illud,
1036 1104 1138 1154 quod
1177 1103 1224 1142 de
1265 1103 1420 1142 Romuli

84 1163 232 1202 credita
258 1163 457 1201 divinitate
484 1162 633 1200 Tullius
660 1161 882 1200 admiratur.
933 1161 1057 1200 Verba
1085 1163 1169 1200 eius
1203 1167 1243 1201 ut
1277 1164 1420 1213 scripta

84 1227 176 1260 sunt
212 1223 391 1259 inseram.
453 1219 606 1272 „Magis
644 1226 723 1273 est,
764 1221 909 1271 inquit,
946 1222 986 1258 in
1024 1220 1188 1258 Romulo
1230 1220 1419 1258 admiran-
1449 1229 1490 1259 15

84 1280 188 1331 dum,
221 1279 323 1330 quod
356 1280 495 1330 ceteri,
528 1279 595 1328 qui
626 1278 678 1317 dii
711 1290 756 1316 ex
787 1278 1013 1317 hominibus
1045 1280 1135 1316 facti
1167 1291 1252 1317 esse
1286 1279 1419 1317 dicun·

84 1343 161 1388 tur,
192 1339 322 1376 minus
349 1336 514 1375 eruditis
540 1336 740 1374 hominum
774 1336 938 1375 saeculis
972 1336 1144 1388 fuerunt,
1176 1342 1219 1375 ut
1250 1337 1421 1387 fingendi

83 1396 267 1447 proclivis
309 1401 413 1433 esset
451 1396 570 1446 ratio,
615 1406 704 1433 cum
742 1396 913 1445 imperiti
951 1395 1061 1433 facile
1103 1395 1149 1433 ad
1182 1395 1420 1433 credendum

84 1454 396 1504 impellerentur3
435 1452 589 1491 Romuli
621 1458 748 1491 autem
782 1458 946 1491 aetatem
978 1455 1107 1491 minus
1138 1452 1199 1491 his
1232 1454 1421 1491 sescentis

84 1514 195 1550 annis
227 1513 302 1550 iam
332 1513 558 1550 inveteratis
599 1510 739 1549 litteris
771 1517 886 1561 atque
920 1511 1107 1550 doctrinis
1140 1512 1322 1562 omnique
1355 1511 1419 1549 illo
1447 1520 1490 1550 20

85 1572 245 1621 antiquo
287 1582 332 1608 ex
374 1569 520 1608 inculta
561 1569 761 1608 hominum
808 1571 883 1608 vita
931 1582 1065 1607 errore
1107 1569 1258 1608 sublato
1300 1570 1419 1608 fuisse

87 1624 323 1667 cernimus.“
382 1627 432 1666 Et
456 1627 570 1678 paulo
597 1632 685 1678 post
712 1628 758 1666 de
793 1629 929 1667 eodem
955 1628 1120 1666 Romulo
1152 1629 1205 1666 ita
1236 1627 1421 1679 loquitur,

86 1686 190 1737 quod
223 1686 268 1725 ad
301 1686 405 1725 hunc
436 1688 609 1737 pertinet
640 1698 816 1725 sensum:
846 1686 935 1738 „Ex
967 1699 1043 1737 quo
1076 1685 1248 1736 intellegi
1280 1690 1421 1738 potest,

85 1746 224 1796 inquit,
255 1744 461 1795 permultis
488 1745 598 1782 annis
624 1750 712 1782 ante
738 1744 951 1783 Homerum
983 1745 1103 1783 fuisse
1136 1756 1251 1794 quam
1277 1744 1420 1782 Romu-

86 1802 179 1854 lum,
212 1808 255 1841 ut
285 1804 360 1840 iam
387 1803 511 1841 doctis
536 1802 758 1841 hominibus
785 1815 828 1841 ac
857 1802 1097 1854 temporibus
1129 1804 1223 1853 ipsis
1257 1802 1420 1840 eruditis
1447 1810 1490 1842 25

87 1860 133 1899 ad
172 1861 397 1911 fingendum
433 1861 495 1898 vix
534 1862 742 1911 quicquam
784 1867 887 1900 esset
918 1861 1004 1899 loci.
1065 1861 1284 1910 Antiquitas
1318 1861 1421 1898 enim

87 1920 236 1970 recepit
268 1918 433 1971 fabulas,
465 1919 574 1957 fictas
607 1920 721 1957 etiam
754 1931 1045 1970 nonnumquam
1078 1918 1292 1970 incondite5
1324 1918 1420 1957 haec

87 1983 191 2016 aetas
232 1983 360 2016 autem
400 1978 476 2015 iam
513 1977 665 2016 exculta
700 1979 932 2028 praesertim
971 1977 1132 2017 eludens
1171 1989 1284 2015 omne
1317 1976 1421 2027 quod

183 2079 240 2122 14)
269 2077 357 2122 Rep.
384 2082 415 2121 2,
446 2081 497 2111 10.

181 2208 225 2239 20
252 2205 486 2249 omniumque
512 2216 580 2240 mss
610 2208 622 2250 11
653 2210 697 2240 24
722 2217 788 2250 per
812 2207 949 2241 multos
974 2217 1087 2240 annos
1113 2206 1147 2240 A
1178 2207 1190 2250 ΙΙ
1215 2210 1257 2240 27
1283 2206 1424 2250 recepit,

87 2250 165 2293 Rv,·
190 2251 323 2296 recipit
347 2253 440 2296 Aefgy
459 2254 470 2296 ΙΙ
490 2257 533 2287 28
560 2256 601 2286 ut
626 2254 745 2287 editur
769 2263 858 2294 mss;
883 2253 1102 2297 praesertim
1126 2256 1328 2297 suspectum
1354 2256 1423 2294 θείς

86 2298 334 2379 ἡῗΠΙΙΒΘΧΟΠΙϊε,
364 2299 580 2344 praesertim
611 2301 648 2334 et
676 2299 834 2344 prudens
862 2300 1038 2344 Madviffi
1069 2300 1129 2334 sed
1152 2300 1232 2336 vide
1258 2302 1348 2342 565,
1373 2303 1422 2334 12

87 2355 104 2379 e

158 2415 232 2436 AUG.
252 2415 294 2434 DE
315 2415 375 2434 σιν.
394 2416 458 2435 nm.
495 2410 534 2436 ΙΙ.
1095 2409 1139 2440 36
