1548 2562
427 158 480 183 DE
499 157 686 183 CIVITATE
706 157 775 182 DEI
794 157 826 182 L.
846 157 961 182 xvm.
981 156 1009 182 c.
1029 157 1054 182 8.
1330 147 1416 187 265

85 247 291 286 suetudine
329 259 373 286 ac
411 247 688 296 superstitione
731 245 978 284 Graecorum.
1040 245 1083 283 In
1121 243 1262 296 quibus
1294 244 1416 283 Criasi

84 307 188 356 regis
232 306 373 344 coniux
404 304 672 342 Melantomice
719 308 756 342 et
796 303 970 342 Phorbas
1009 303 1110 342 filius
1147 315 1304 350 eorum,
1350 305 1416 353 qui

83 370 172 414 post
202 369 352 414 patrem
389 375 457 400 rex
490 362 720 412 Argivorum
766 367 898 400 sextus
930 362 1019 413 fuit,
1058 368 1096 400 et
1127 362 1281 412 septimi
1313 363 1416 411 regis

85 422 249 472 Triopae
288 421 389 460 filius
421 420 529 458 Iasus
568 425 607 458 et
644 432 713 458 rex
744 432 871 458 nonus
904 420 1107 458 Sthenelas
1139 421 1218 458 sive
1253 419 1414 457 Sthene-

84 480 168 518 leus
207 481 286 518 sive
320 478 548 529 Sthenelus,
592 479 695 516 varie
735 479 876 528 quippe
916 480 955 516 in
994 478 1157 516 diversis
1189 477 1415 516 auctoribus

84 540 291 577 invenitur.
352 537 421 576 His
461 536 703 587 temporibus
749 538 863 574 etiam
903 536 1121 575 Mercurius
1165 537 1285 574 fuisse
1329 548 1415 586 per-

84 596 251 648 hibetur,
278 608 398 647 nepos
424 595 588 634 Atlantis
621 606 667 632 ex
692 594 788 632 Maia
809 594 896 646 filia,
924 594 1026 645 quod
1047 595 1280 645 vulgatiores
1302 596 1417 632 etiam

84 655 235 693 litterae
261 659 483 705 personant.
532 652 741 691 Multarum
768 659 896 691 autem
923 654 1065 690 artium
1090 654 1240 704 peritus
1268 652 1418 703 claruit,

86 725 180 763 quas
220 718 258 751 et
296 711 521 750 hominibus
562 711 737 762 tradidu3
779 723 855 761 quo
894 713 1032 749 merito
1075 723 1164 749 eum
1196 716 1284 761 post
1315 722 1416 749 mor-

84 777 163 810 tem
197 771 313 809 deum
344 782 430 809 esse
462 770 670 808 voluerunt
702 771 780 807 sive
813 770 927 807 etiam
961 769 1222 807 crediderunt.
1284 768 1416 807 Poste-

86 831 166 868 rior
206 829 325 867 suisse
364 828 554 866 Hercules
591 828 754 878 dicitur,
798 828 843 865 ad
882 840 925 865 ea
964 833 1092 865 tamen
1124 833 1300 878 tempora
1331 839 1418 878 per-

86 889 215 926 tinens
249 888 496 938 Argivorum,
536 887 710 936 quamvis
748 885 923 923 nonnulli
963 898 1051 924 eum
1083 886 1276 923 Mercurio
1309 897 1418 935 prae-

88 946 215 984 ferant
241 951 428 996 tempore,
455 957 552 995 quos
579 944 657 982 salli
683 945 873 982 existimo.
900 943 1012 982 fSed
1039 943 1213 993 quolibet
1245 949 1419 993 tempore

87 1006 166 1042 nati
205 1005 301 1055 sint,
341 1009 492 1042 constat
532 1004 634 1040 inter
666 1002 873 1040 historicos
905 1014 1059 1052 graves,
1098 1003 1163 1052 qui
1195 1001 1290 1039 haec
1323 1004 1418 1039 auti-

88 1075 162 1112 qua
195 1062 336 1100 litteris
368 1061 667 1112 mandaverunt,
699 1060 831 1098 ambos
864 1060 1041 1098 homines
1073 1060 1213 1111 fuisse,
1247 1066 1284 1098 et
1317 1060 1419 1110 quod

86 1120 315 1158 mortalibus
348 1120 393 1158 ad
426 1121 538 1157 istam
565 1120 681 1157 vitam
713 1118 953 1156 commodius
986 1118 1203 1156 ducendam
1234 1117 1421 1157 beneficia

87 1178 206 1217 multa
228 1178 477 1230 contulerint,
503 1178 672 1215 honores
692 1176 737 1214 ab
759 1179 814 1215 eis
835 1178 1025 1215 meruisse
1047 1177 1231 1238 divinosy·
1251 1176 1420 1214 Minerva

86 1249 177 1275 vero
218 1237 331 1287 longe
372 1236 433 1274 his
471 1237 684 1287 antiquior3
726 1247 813 1273 nam
851 1234 1092 1286 temporibus
1126 1234 1183 1285 Og
1210 1236 1248 1285 gi
1286 1235 1331 1272 ad
1370 1235 1419 1273 la—

87 1307 194 1347 cum,
233 1296 300 1345 qui
332 1295 504 1333 Tritonis
536 1293 697 1345 dicitur,
737 1293 912 1343 virginali
945 1294 1170 1344 apparuisse
1203 1294 1328 1331 fertur
1360 1305 1420 1331 ae-

88 1358 189 1401 tate,
234 1353 336 1391 unde
381 1358 420 1391 et
462 1352 637 1390 Tritonia
681 1357 902 1402 nuncupata
948 1358 1023 1403 est3
1068 1351 1281 1389 multorum
1329 1364 1419 1389 sane

88 1424 251 1462 operum
288 1412 481 1449 inventrix
521 1415 559 1448 et
597 1415 703 1448 tanto
735 1409 945 1460 proclivius
977 1409 1046 1447 dea
1080 1409 1245 1461 credita,
1277 1416 1420 1460 quanto

88 1471 217 1509 minus
259 1470 366 1519 origo
410 1471 492 1507 eius
536 1470 717 1507 innotuit.
780 1468 890 1513 Quod
931 1470 1032 1506 enim
1071 1468 1117 1505 de
1157 1470 1280 1518 eapite
1322 1468 1421 1506 Iovis

87 1533 176 1566 nata
220 1529 396 1578 canitur,
438 1528 565 1578 poetis
605 1532 643 1565 et
683 1526 846 1577 sabulis,
890 1539 968 1564 non
1008 1526 1191 1564 historiae
1224 1526 1421 1576 rebusque

88 1587 208 1636 gestis
240 1591 299 1624 est
330 1585 611 1636 adplicandum.
685 1584 926 1635 Quamquam
965 1584 1121 1634 Og³gus
1152 1586 1234 1635 ipse
1269 1584 1421 1634 quaudo

89 1645 223 1695 suerit,
262 1645 374 1682 cuius
412 1643 654 1694 temporibus
692 1644 807 1681 etiam
845 1642 1032 1680 diluvium
1064 1654 1245 1693 magnum
1277 1643 1422 1680 sactum

90 1708 161 1753 est,
193 1714 270 1740 non
297 1701 390 1739 illud
418 1703 638 1752 maximum,
672 1713 747 1751 quo
773 1700 868 1738 nulli
894 1700 1070 1738 homines
1097 1707 1316 1752 evaserunt,
1349 1702 1423 1739 uisi

90 1761 156 1811 qui
200 1761 240 1798 in
284 1771 371 1798 arca
416 1771 500 1797 esse
539 1765 773 1810 potuerunt,
818 1758 920 1809 quod
959 1760 1132 1809 gentium
1174 1770 1245 1796 neo
1278 1758 1423 1797 Graeca

89 1830 162 1856 nec
194 1817 328 1856 Latina
367 1819 473 1856 novit
504 1817 682 1868 historia,
721 1817 787 1855 sed
826 1823 955 1855 tamen
987 1818 1110 1855 maius
1143 1829 1257 1867 quam
1288 1823 1422 1868 postea

90 1882 265 1927 tempore
298 1875 543 1914 Deucalionis
584 1876 674 1926 suit,
718 1877 820 1913 inter
862 1876 1074 1926 scriptores
1117 1875 1303 1913 historiae
1345 1887 1421 1913 non

90 1936 281 1973 convenit.
353 1933 449 1971 Nam
493 1933 613 1971 Varro
657 1933 746 1971 inde
791 1945 954 1972 exorsus
999 1939 1056 1972 est
1100 1933 1265 1985 librum,
1310 1935 1420 1972 cuius

90 1994 327 2031 mentionem
361 1993 542 2043 superius
583 1992 674 2043 feci,
713 1997 751 2030 et
784 1991 877 2030 nihil
909 1991 999 2043 sibi,
1038 2004 1083 2030 ex
1117 2003 1192 2041 quo
1224 1993 1423 2041 perveniat

90 2051 134 2088 ad
162 2062 226 2088 res
252 2050 455 2100 Romanas,
486 2051 669 2101 proponit
702 2051 897 2100 antiquius
930 2062 1045 2100 quam
1072 2049 1193 2100 Ogygi
1224 2049 1422 2101 diluvium,

90 2108 164 2146 hoc
214 2114 274 2146 est
317 2108 438 2159 Ogygi
489 2110 633 2146 factum
678 2107 932 2159 temporibus,
1006 2108 1139 2146 Nostri
1184 2113 1312 2146 autem
1356 2111 1423 2158 qui

91 2166 275 2204 chronica
312 2168 576 2218 scripserunt,
620 2167 730 2217 prius
767 2166 981 2217 Eusebius,
1026 2172 1113 2216 post
1152 2165 1422 2218 HieronymuS,

183 2316 228 2346 24
255 2323 395 2357 ogygus
420 2323 508 2355 mss‚·
534 2312 696 2358 ogygius
722 2325 741 2347 v

1445 777 1488 808 10

1449 1069 1489 1099 15
1517 1060 1545 1114 J·

1447 1360 1490 1390 20

1448 1651 1491 1681 25

1447 1943 1491 1972 30
