1495 2489
82 59 136 101 98
618 68 644 94 s.
665 68 882 95 AUGUSTIM

606 211 762 255 CAPUT
789 212 901 254 XIX.

218 299 277 336 De
307 299 612 346 sifflzificatione,
644 309 748 345 quae
780 300 819 336 in
852 299 992 338 Enoch
1024 302 1286 338 translatione

623 362 881 395 monslrctlur.

200 438 295 475 Nam
340 443 378 475 et
415 439 487 475 ista
528 449 720 489 propago,
763 440 875 476 cuius
914 444 974 477 est
1011 444 1121 489 pater
1154 439 1267 491 Seth,
1305 441 1345 478 in
1377 453 1421 479 ea

35 505 54 534 5
82 498 333 547 generatione
372 494 489 533 habet
528 494 781 534 dedicationis
819 509 979 549 nomen,
1021 509 1119 547 quae
1159 499 1323 548 septima
1363 505 1422 538 est

82 567 128 593 ex
150 555 269 592 Adam
296 554 549 592 adnumerato
570 554 700 593 Adam.
765 554 963 606 Septimus
996 557 1099 593 enim
1132 556 1177 594 ab
1210 556 1274 594 illo
1307 562 1421 596 natus

83 619 142 651 est
179 612 333 664 Enoch,
378 612 481 663 quod
519 613 802 664 interpretatur
847 614 1049 653 dedicatio.
1119 614 1196 653 Sed
1234 616 1317 665 ipse
1363 621 1422 654 est

80 671 144 709 ille
177 671 401 723 translatus,
434 672 618 721 quoniam
643 671 789 722 placuit
814 671 906 724 Deo,
940 678 978 710 et
1009 674 1152 723 insigni
1184 685 1348 711 numero
1380 676 1421 712 in

81 729 217 768 ordine
250 731 563 780 generationum,
602 742 678 780 quo
711 729 915 768 sabbatum
947 737 1219 769 consecratum
1252 738 1328 783 est,
1361 744 1418 770 se-

12 797 54 827 10
80 790 201 839 ptimo
241 788 390 826 scilicet
427 787 473 826 ab
512 788 642 826 Adam.
704 788 760 826 Ab
804 790 888 839 ipso
933 794 1063 828 autem
1106 795 1217 840 patre
1254 791 1419 829 istarum

81 848 394 898 generationum,
434 858 531 897 quae
566 847 845 885 discernuntur
877 859 897 885 a
928 849 1115 898 progenie
1149 847 1259 900 Cain,
1290 848 1329 887 id
1362 855 1422 888 est

81 917 101 943 a
141 905 252 956 Seth,
297 910 430 943 sextus
469 910 546 956 est,
592 911 710 955 quoto
750 906 810 944 die
849 906 976 945 factus
1015 911 1074 944 est
1111 906 1226 944 homo
1260 912 1298 946 et
1330 919 1419 946 con-

82 965 288 1002 summavit
314 963 418 1001 Deus
445 965 572 1001 omnia
600 976 717 1014 opera
744 976 823 1002 sua.
889 964 964 1002 Sed
992 964 1107 1003 huius
1133 964 1268 1004 Enoch
1295 971 1419 1004 trans-

79 1021 169 1060 latio
218 1027 373 1060 nostrae
419 1021 673 1060 dedicationis
717 1028 776 1060 est
813 1024 1070 1074 praefigurata
1108 1023 1250 1062 dilatio.
1313 1023 1420 1070 Quae

12 1089 54 1119 15
83 1080 240 1131 quidem
285 1082 360 1118 iam
399 1081 498 1118 sacta
538 1086 597 1118 est
633 1082 671 1118 in
712 1080 866 1120 Christo
906 1083 1030 1132 capite
1069 1087 1221 1134 nostro,
1259 1084 1326 1133 qui
1365 1085 1420 1122 sic

82 1140 312 1191 resurrexit,
344 1145 387 1177 ut
413 1151 490 1176 non
518 1140 706 1177 moriatur
734 1139 911 1192 ulterius,
944 1140 1011 1178 sed
1040 1141 1154 1178 etiam
1180 1142 1263 1191 ipse
1295 1146 1419 1179 trans-

80 1197 181 1235 latus
215 1203 290 1248 est,
330 1203 452 1235 restat
490 1203 618 1235 autem
658 1197 777 1236 altera
809 1197 999 1237 dedicatio
1032 1200 1237 1237 universae
1270 1199 1420 1252 domus,

81 1257 193 1294 cuius
235 1257 318 1306 ipse
359 1255 537 1294 Christus
576 1261 635 1294 est
673 1256 987 1308 fundamentum,
1025 1269 1122 1307 quae
1162 1257 1342 1296 differtur
1379 1259 1421 1296 in

80 1315 215 1366 finem,
255 1314 408 1364 quando
442 1316 516 1352 erit
549 1315 722 1352 omnium
754 1317 994 1353 resurrectio
1028 1328 1104 1353 non
1137 1317 1420 1354 moriturorum

9 1381 54 1411 20
83 1372 258 1424 amplius.
322 1372 409 1410 Sive
455 1378 584 1411 autem
629 1373 766 1411 domus
805 1373 875 1412 Dei
918 1374 1070 1412 dicatur
1108 1375 1187 1412 sive
1231 1374 1419 1425 templum

78 1430 148 1469 Dei
181 1433 259 1469 sive
294 1432 428 1469 civitas
460 1430 547 1481 Dei,
591 1431 629 1469 id
663 1433 790 1482 ipsum
825 1438 883 1470 est
915 1445 986 1470 nec
1026 1432 1211 1471 abhorret
1242 1444 1262 1471 a
1293 1432 1420 1471 Latini

79 1489 223 1540 eloquii
262 1489 557 1528 consuetudine.
619 1490 714 1528 Nam
754 1496 792 1528 et
831 1489 1022 1541 Vergilius
1059 1492 1418 1542 imperiosissimam

80 1549 275 1586 civitatem
308 1547 466 1586 domum
498 1548 665 1598 appellat
695 1549 883 1601 Assaraci,
916 1549 1110 1587 Romanos
1142 1549 1275 1587 volens
1306 1549 1418 1588 intel-

79 1606 171 1658 legi,
211 1608 277 1657 qui
315 1606 361 1644 de
394 1606 581 1644 Assaraco
620 1619 690 1657 per
722 1607 911 1645 Troianos
949 1609 1139 1657 originem
1180 1607 1348 1659 ducunt,
1382 1613 1421 1646 et

11 1674 53 1703 25
82 1665 240 1703 domum
271 1664 423 1703 Aeneae
457 1665 615 1703 eosdem
646 1667 769 1717 ipsos,
811 1667 899 1716 quia
933 1678 977 1704 eo
1009 1666 1108 1704 duce
1140 1665 1298 1704 Troiani
1330 1678 1418 1704 cum

78 1723 225 1761 ltaliam
252 1725 451 1761 venissent
477 1722 522 1760 ab
551 1725 606 1761 eis
639 1724 793 1762 condita
826 1730 885 1762 est
911 1724 1042 1763 Roma.
1104 1724 1281 1763 Imitatus
1314 1736 1417 1762 nam-

80 1794 154 1831 que
189 1787 248 1819 est
272 1786 386 1832 poeta
412 1781 474 1819 ille
501 1781 651 1820 litteras
685 1794 825 1833 sacras,
857 1784 896 1820 in
930 1783 1071 1833 quibus
1105 1783 1247 1821 dicitur
1280 1783 1418 1821 domus

80 1839 193 1877 Iacob
226 1841 301 1877 iam
333 1841 470 1890 ingens
502 1840 669 1890 populus
702 1840 981 1879 Hebraeorum.

174 1956 232 1995 22)
258 1954 346 1987 Aen.
376 1957 407 1995 1,
434 1956 524 1994 2S4;
552 1956 583 1994 3,
611 1956 665 1987 97.

175 2084 194 2113 6
221 2080 266 2114 ab
293 2080 412 2114 Adam
437 2091 456 2115 v
482 2082 493 2124 ΙΙ
521 2085 560 2114 11
589 2080 790 2125 propagine
817 2092 835 2115 v
855 2082 867 2124 Η
888 2085 929 2115 13
955 2081 1221 2116 translatione?
1242 2084 1316 2126 {128
1343 2082 1415 2116 iam

87 2126 233 2160 VRAF
255 2128 335 2168 (rol.
365 2128 400 2170 J,
427 2130 510 2169 130¹,
536 2130 580 2169 2,·
606 2131 688 2170 151,
715 2131 800 2170 w),-
827 2130 903 2162 tam
933 2139 950 2162 υ
