1548 2562
384 81 437 106 DE
457 81 645 106 01vrrA'rE
665 81 735 105 Dm
755 81 787 106 L.
807 81 871 105 xx.
891 81 920 106 c.
940 81 982 106 11.
1002 82 1043 105 12.
1290 71 1376 112 435

47 170 134 208 dam
178 169 292 208 modo
332 170 478 220 tegitur
515 170 696 207 inimicus
734 171 933 221 antiquus3
971 175 1009 207 et
1046 169 1092 207 de
1130 174 1234 207 tecto
1272 170 1378 220 ipsae

48 233 183 279 erunt,
229 227 381 278 quando
425 229 465 265 in
509 232 688 278 apertum
732 227 863 265 odium
900 227 946 265 de
989 233 1125 278 operto
1167 232 1378 277 erupturae

47 292 149 325 sunt.
212 285 323 330 Quod
355 297 446 323 vero
480 287 548 323 ait:
582 287 632 323 Et
664 287 935 324 ascenderunt
965 298 1090 334 supra
1122 290 1258 324 terrae
1290 288 1377 324 lata·-

46 347 221 383 tudz'nem
253 348 290 382 et
324 346 541 382 cinxerunt
573 348 710 382 castra
738 349 968 382 sanctorum
1001 349 1038 382 et
1069 346 1253 382 dilectam
1285 346 1377 382 0ἱυὶ-
1405 365 1425 396 5

47 408 185 441 tatem:
226 414 304 440 non
344 403 479 452 utique
522 401 567 439 ad
609 413 732 439 unum
770 401 898 440 locum
935 404 1087 440 venisse
1125 402 1183 440 vel
1223 403 1378 440 venturi

47 473 133 499 esse
174 461 380 511 significati
425 466 533 511 sunt,
578 461 688 510 quasi
726 472 803 498 uno
844 460 971 510 aliquo
1009 460 1094 498 1000
1132 461 1264 498 sutura
1301 462 1380 498 sint

47 523 172 557 castra
199 524 423 557 sanctorum
449 524 487 556 et
519 518 657 556 dilecta
690 519 836 570 civitas,
867 531 954 556 011111
986 518 1081 557 11300
1113 531 1191 557 11011
1223 520 1273 557 sit
1304 520 1379 557 nisi

47 577 190 616 Christi
231 576 393 615 ecclesia
430 581 512 614 toto
549 581 744 615 terrarum
782 576 875 615 orbe
917 577 1071 627 diffus33
1116 590 1159 615 30
1196 589 1266 627 per
1305 576 1379 615 1100

46 635 282 686 ubicumque
310 640 403 673 tunc
429 636 516 686 erit,
549 647 645 685 quae
672 636 712 672 in
739 634 919 673 omnibus
945 635 1125 685 gentihus
1157 637 1243 686 erit,
1276 635 1378 686 quod

46 694 303 744 significatum
330 698 390 731 est
420 695 576 731 nomine
602 693 816 731 latitudinis
848 699 988 745 terrae,
1020 693 1073 731 ibi
1105 700 1221 732 erunt
1253 698 1379 732 eastra
1406 704 1449 734 10

46 757 288 803 sanctorum,
320 751 373 789 ibi
404 753 478 789 erit
510 751 648 789 dilecta
680 751 759 789 Deo
792 753 925 790 civitas
958 754 1061 804 eius,
1092 751 1146 790 ibi
1178 751 1224 790 ab
1258 753 1377 790 omni-

45 809 120 849 hus
151 811 318 848 inimicis
351 811 449 861 suis,
491 811 580 859 quia
612 814 651 847 et
681 811 755 860 ipsi
786 811 825 848 in
859 809 1039 848 omnibus
1071 822 1159 848 cum
1192 810 1254 848 illa
1286 822 1377 861 gen-

45 868 150 907 tibus
182 873 322 920 erunt,
359 869 645 918 persecutionis
677 868 780 906 illius
811 869 1037 906 inmanitate
1071 870 1266 920 cingetur,
1305 868 1378 906 1100

46 932 124 978 est,
162 928 202 964 in
240 927 437 977 angustias
468 925 731 964 tribulationis
763 925 953 965 artabitur
985 926 1191 977 urgebitur
1223 927 1378 965 conclu-

45 985 176 1035 detur3
227 996 298 1022 nec
348 984 522 1022 militiam
571 996 680 1022 suam
724 984 897 1036 deseret,
947 996 1044 1035 quae
1088 984 1274 1023 vocabulo
1320 990 1379 1023 est
1406 996 1448 1026 15

45 1043 233 1094 appellata
265 1048 494 1081 castrorum.

567 1201 724 1244 CAPUT
751 1203 844 1244 XII.

44 1289 106 1326 Αη
138 1289 194 1326 ad
222 1289 401 1325 ultimum
425 1289 661 1336 supplicium
689 1290 892 1335 perle'neat
923 1289 1142 1336 impiorum,
1175 1289 1283 1335 quod
1312 1290 1377 1327 de-

178 1347 379 1384 scendisse
411 1347 514 1393 iynz's
546 1347 595 1384 de
626 1348 738 1383 caelo
770 1351 808 1384 et
838 1347 992 1384 eosdem
1024 1348 1239 1385 comedisse

582 1408 836 1441 memoratur.
1404 1417 1448 1448 20

162 1485 273 1530 Quod
300 1497 390 1523 vero
418 1486 486 1523 ait:
518 1486 571 1523 Et
595 1487 799 1524 descendit
824 1488 928 1533 iynis
960 1487 1009 1524 de
1040 1488 1151 1524 eaelo
1183 1490 1223 1524 et
1252 1498 1377 1526 come-

44 1546 104 1583 dit
133 1555 221 1582 eos:
252 1555 328 1581 non
362 1548 578 1581 extremum
604 1543 819 1594 putandum
852 1548 912 1581 est
942 1543 981 1581 id
1013 1555 1098 1582 esse
1132 1544 1378 1597 supplicium,

45 1602 146 1652 quod
187 1602 278 1653 erit,
323 1614 411 1640 cum
450 1601 620 1640 dicetur:
664 1603 866 1639 Discedite
904 1613 929 1639 a
966 1613 1044 1649 me,
1082 1605 1304 1651 maledicti,
1337 1606 1378 1642 in

44 1663 174 1708 iynem
207 1665 424 1698 aeternum.
485 1660 595 1698 Tune
634 1661 776 1710 quippe
816 1661 855 1697 in
895 1661 1023 1710 ignem
1055 1661 1260 1698 mittentur
1291 1663 1377 1713 ipsi,

44 1730 121 1756 non
154 1719 254 1768 ignis
286 1717 332 1755 de
365 1718 471 1756 caelo
509 1719 637 1756 veniet
675 1719 714 1755 in
746 1719 862 1768 ipsos.
924 1718 994 1756 Hic
1027 1723 1156 1756 autem
1188 1718 1286 1757 hene
1318 1721 1375 1757 in·
1403 1732 1446 1762 25

43 1776 241 1827 tellegitur
272 1778 377 1824 ἐφιεὶς
409 1777 458 1815 de
483 1778 594 1815 caelo
626 1776 673 1813 de
705 1777 787 1826 ipsa
818 1776 999 1814 firmitate
1033 1782 1269 1829 sanctorum,
1302 1790 1377 1828 qua

43 1846 121 1872 non
153 1835 303 1872 cessuri
335 1839 427 1872 sunt
472 1833 749 1886 saevientibus,
790 1840 833 1872 ut
864 1846 1001 1873 eorum
1033 1836 1174 1873 saciant
1204 1836 1375 1874 volunta-

44 1898 133 1931 tem.
195 1892 500 1931 Firmamentum
533 1897 592 1931 est
623 1894 726 1931 enim
758 1892 925 1944 caelum,
966 1894 1078 1931 cuius
1110 1894 1290 1932 firmitate
1322 1894 1377 1932 illi

43 1950 324 1989 cruciabuntur
355 1951 625 1989 ardentissimo
652 1950 745 2002 zelo,
777 1952 960 2001 quoniam
987 1964 1063 1989 non
1095 1956 1281 2002 poterunt
1312 1953 1375 1991 ad-

43 2009 198 2047 trahere
224 2010 264 2046 in
289 2014 420 2060 partes
445 2009 675 2048 Antichristi
707 2014 861 2047 sanctos
888 2008 1043 2048 Christi.
1105 2009 1154 2047 Et
1185 2011 1268 2061 ipse
1301 2012 1376 2049 erit
1401 2023 1444 2054 30

137 2110 196 2152 22)
222 2110 335 2153 Apoc.
363 2113 417 2151 20,
445 2113 475 2143 9.
528 2112 585 2152 21)
611 2110 676 2143 Mt.
703 2113 758 2152 25,
785 2113 840 2143 41.

136 2242 156 2272 3
184 2249 292 2282 super
316 2248 335 2270 v
355 2239 365 2280 ΙΙ
386 2242 426 2270 21
456 2248 478 2271 a
501 2237 578 2271 Deo
604 2238 661 2271 hie
686 2238 778 2272 deest
796 2239 807 2281 Η
827 2242 870 2271 25
898 2249 1005 2282 super
1029 2238 1129 2282 ipsos
1153 2249 1174 2273 v

1023 2296 1093 2331 28*
