1548 2562
393 126 444 151 DE
463 125 650 152 cmTATE
670 126 740 151 DEI
759 126 794 152 L.
814 127 912 152 xxn.
932 125 961 152 o.
981 127 1007 152 s.
1270 116 1351 157 571

27 214 133 253 velut
164 215 447 252 contemnentis
479 219 518 252 et
548 214 675 266 vultu,
711 215 763 253 ita
797 219 847 266 ut*
868 213 931 252 illa
963 219 1172 261 metueret,
1211 226 1258 252 ne
1292 214 1356 252 ali-

28 272 131 324 quod
164 272 487 311 contumeliosum
518 272 681 311 verbum
720 273 915 323 proferret
946 273 985 310 in
1018 271 1231 324 Christum,
1269 272 1356 310 reli-

28 333 134 381 giosa
186 330 403 369 urbanitate
452 331 701 381 respondisse
750 331 894 369 fertur:
942 329 1175 382 ,‚Putabam,
1220 331 1358 381 inquit,

27 400 209 439 magnum
236 388 379 439 aliquid
406 394 442 427 te
469 389 563 427 mihi
593 388 713 427 fuisse
746 385 973 427 dicturam.“
1032 389 1157 439 Atque
1189 388 1253 426 illa
1284 390 1359 426 iam

28 446 347 498 exhorrescente,
384 459 472 485 mox
510 446 672 485 addidit:
707 446 840 499 „Quid
881 446 1023 497 grande
1057 447 1149 485 fecit
1181 445 1359 485 Christus
1387 456 1405 485 5

27 517 163 544 sanare
197 517 400 557 cancrum,
437 506 502 555 qui
534 504 843 555 quadriduanum
875 510 1073 543 mortuum
1106 500 1362 544 suscitavit‘?“

27 562 110 601 Hoc
137 575 206 614 ego
234 575 323 601 cum
355 563 549 601 audissem
581 567 619 601 et
650 562 900 601 vehementer
933 563 1196 601 stomacharer
1227 565 1267 601 in
1298 562 1361 601 illa

29 623 182 660 civitate
216 626 331 671 atque
368 623 408 659 in
439 620 501 659 illa
540 632 707 672 persona
738 633 816 659 non
849 623 984 671 utique
1017 620 1184 660 obscura
1216 622 1360 659 factum

27 685 105 718 tam
136 681 273 729 ingens
310 678 540 717 miraculum
582 680 636 717 sic
668 679 806 731 latere,
843 679 934 717 hinc
967 691 1050 717 eam
1084 685 1121 718 et
1153 680 1360 718 admonen-

29 737 115 775 dam
153 742 192 775 et
227 749 348 788 paene
388 736 665 787 obiurgandam
702 738 844 788 putavi.
906 736 1012 782 Quae
1052 749 1140 776 cum
1172 737 1267 775 mihi
1299 749 1358 775 re·
1389 748 1430 778 10

28 795 250 847 spondisset
275 807 353 833 non
385 807 425 833 se
452 795 541 833 inde
567 797 748 847 tacuisse,
781 797 951 846 quaesivi
972 795 1018 833 ab
1044 797 1112 847 eis,
1138 808 1233 846 quas
1260 796 1360 834 sorte

28 860 122 892 tunc
152 859 349 892 matronas
376 854 627 892 amicissimas
654 866 786 892 secum
807 853 983 905 habebat,
1003 859 1135 892 utrum
1156 854 1229 892 11οο
1251 859 1363 892 antea

28 914 207 950 scissent.
257 911 560 962 Responderunt
586 924 626 950 se
647 913 802 950 omnino
824 913 1008 950 nescisse.
1059 911 1172 964 Ecce,
1193 913 1362 963 inquam,

29 982 106 1021 quo
132 970 246 1008 modo
273 981 350 1008 non
376 975 492 1022 taces,
524 975 568 1008 ut
593 982 663 1008 nec
696 972 792 1008 istae
826 970 993 1021 audiant,
1026 982 1123 1021 quae
1156 970 1226 1008 tihi
1258 975 1363 1008 tanta

29 1028 286 1066 familiaritate
327 1029 553 1078 iunguntur.
614 1027 662 1066 Et
704 1029 792 1078 quia
831 1027 1003 1066 breviter
1042 1028 1087 1066 ab
1127 1040 1170 1066 ea
1213 1029 1361 1078 quaesi·
1392 1039 1432 1069 15

28 1098 171 1138 veram,
202 1087 277 1124 feci
308 1091 369 1138 ut,
400 1086 474 1124 illis
507 1085 753 1124 audientibus
785 1086 1028 1136 multumque
1061 1085 1293 1124 mirantibus
1326 1091 1364 1124 et

29 1144 334 1195 glorificantibus
372 1143 513 1195 Deum,
550 1150 674 1183 toturn
708 1157 754 1183 ex
785 1145 938 1197 ordine,
979 1157 1094 1195 quem
1127 1144 1174 1183 ad
1206 1144 1363 1182 modum

28 1207 181 1253 gestum
214 1202 343 1254 fuerit,
374 1202 574 1241 indicaret.

147 1260 340 1298 Medicum
378 1261 570 1310 quendam
606 1261 821 1311 podagrum
857 1262 896 1299 in
936 1261 1070 1299 eadem
1101 1260 1216 1311 urbe,
1260 1259 1362 1310 [qui]

31 1330 120 1357 cum
152 1318 324 1356 dedisset
349 1330 491 1356 nomen
524 1318 567 1356 ad
601 1318 836 1369 baptismum
869 1324 906 1357 et
937 1318 1062 1369 pridie
1095 1330 1211 1369 quam
1242 1318 1363 1369 bapti·
1393 1331 1434 1361 -20

30 1382 185 1415 zaretur
216 1378 257 1414 in
289 1377 435 1414 somnis
466 1388 485 1414 a
517 1378 651 1427 pueris
682 1378 802 1427 nigris
836 1378 1006 1429 cirratis,
1038 1389 1134 1427 quos
1166 1377 1363 1427 intellege-

31 1435 98 1473 bat
138 1434 371 1486 daemones,
410 1434 596 1485 baptizari
641 1435 775 1474 eodem
827 1447 927 1473 anno
965 1434 1185 1486 prohibitus
1228 1436 1366 1473 fuisset

32 1495 166 1544 eisque
199 1504 277 1531 non
314 1492 587 1543 obtemperans
626 1495 739 1532 etiam
778 1493 1097 1532 conculcantibus
1129 1494 1248 1544 pedes
1281 1495 1365 1532 eius

31 1553 72 1590 in
113 1550 286 1589 dolorem
327 1552 581 1603 acerrimum,
625 1552 775 1602 qualem
818 1563 1029 1602 numquam
1073 1557 1257 1602 expertus
1295 1557 1365 1603 est,

31 1611 128 1648 isset
158 1610 357 1659 magisque
390 1621 457 1647 eos
488 1611 647 1648 vincens
679 1610 829 1648 lavacro
862 1611 1187 1662 regenerationis,
1227 1615 1270 1648 ut
1302 1622 1364 1647 vo·
1393 1621 1435 1652 25

32 1672 152 1719 verat,
184 1667 286 1705 ablui
312 1679 389 1705 non
423 1667 649 1720 distulisset,
680 1670 720 1706 in
752 1667 981 1719 baptismate
1013 1670 1097 1719 ipso
1130 1680 1207 1706 non
1241 1668 1366 1706 solum

34 1726 179 1777 dolore,
212 1737 289 1776 quo
323 1725 423 1764 ultra
456 1726 612 1765 solitum
645 1725 904 1778 cruciabatur,
936 1738 1070 1765 verum
1104 1727 1219 1764 etiam
1250 1726 1366 1777 poda-

33 1796 101 1835 gra
133 1785 304 1822 caruisse
337 1795 409 1822 nec
442 1784 624 1836 amplius,
656 1797 744 1823 cum
777 1785 841 1823 diu
874 1790 1007 1836 postea
1039 1786 1216 1835 vixisset,
1246 1785 1366 1835 pedes

35 1842 203 1880 doluisse
244 1843 330 1892 quis
369 1840 503 1881 novit?
563 1842 642 1881 Nos
680 1848 808 1881 tamen
852 1844 1029 1882 novimus
1072 1848 1111 1881 et
1141 1844 1366 1893 paucissimi

34 1900 175 1939 fratres
208 1899 253 1938 ad
286 1912 383 1950 quos
414 1900 452 1938 id
484 1902 611 1951 potuit
641 1902 856 1952 pervenire.
1393 1913 1437 1944 30

151 1957 209 1997 Ex
240 1959 357 1996 mimo
390 1958 545 2009 quidam
578 1958 840 1998 Curubitanus
873 1971 950 1998 non
983 1959 1107 1997 solum
1139 1970 1159 1996 a
1191 1959 1367 2011 paralysi,

34 2028 170 2055 verum
207 2017 324 2055 etiam
361 2016 407 2055 ab
445 2018 602 2056 informi
638 2017 811 2069 pondere
844 2017 1085 2069 genitalium,
1125 2029 1213 2055 cum
1244 2016 1365 2068 bapti-

130 2118 163 2160 6)
189 2116 238 2151 Io.
267 2120 320 2151 11.

132 2237 172 2268 19
199 2233 262 2277 qui
286 2237 485 2277 suspectum
511 2238 561 2269 est
578 2235 590 2278 11
609 2237 652 2269 25
679 2234 769 2269 isset
793 2233 887 2269 RAv
913 2234 1033 2277 (Flor.
1059 2237 1094 2279 1,
1119 2237 1170 2269 20
1195 2235 1234 2269 in
1259 2235 1366 2269 sudo-

35 2291 112 2315 rem
138 2282 252 2324 eunt);
280 2282 483 2315 aestuasset
506 2281 583 2326 βω
609 2281 809 2316 exstitisset
834 2281 886 2324 ef¹
