1548 2562
422 155 474 180 DE
493 154 681 180 CIVITATE
701 155 771 179 DEI
790 155 822 179 L.
843 155 955 180 XVIII.
975 155 1004 181 c.
1023 156 1066 181 32,
1332 146 1413 186 301

86 244 167 282 liati
199 249 290 282 sunt
327 243 373 281 ad
405 248 578 293 tempuS‚
616 249 660 281 ut
698 244 942 293 erigerentur
979 245 1019 282 in
1051 240 1288 282 aeternum“.
1351 245 1416 282 In-

81 314 244 351 gressus
282 306 466 340 aeternos
502 303 586 339 eius
619 313 696 349 pro
733 303 937 351 laboribus
974 303 1074 348 vidi,
1112 301 1185 340 hoc
1218 307 1278 340 est
1308 314 1416 353 „non

86 362 168 398 sine
195 359 372 398 mercede
400 360 639 397 aeternitatis
665 358 837 397 laborem
864 361 1034 398 caritatis
1061 356 1226 410 aspexi“.
1270 360 1415 398 Taber-

85 420 233 457 nacula
258 418 491 467 Aethiopum
517 422 783 466 expavescent
807 423 846 456 et
870 419 1133 457 tabernacula
1165 424 1302 457 terrae
1329 418 1416 456 Ma-

85 478 209 524 diam,
253 475 326 513 hoc
364 480 423 513 est
460 480 626 526 „gentes
664 481 825 526 repente
863 477 1095 526 perterritae
1134 478 1269 515 nuntio
1303 478 1415 514 mira-
1442 485 1462 515 5

84 533 220 572 bilium
246 539 405 572 tuorum
431 535 545 571 etiam
573 545 671 583 quae
698 545 776 571 non
803 540 894 572 sunt
918 535 957 571 in
983 536 1068 572 iure
1095 534 1268 573 Romano
1301 540 1417 573 erunt

84 593 124 630 in
156 591 299 643 populo
326 587 580 630 Christian0“.
642 592 844 639 Numquid
874 594 912 630 in
941 594 1172 639 fluminibus
1204 595 1334 631 iratus
1365 605 1417 640 es‘,

85 651 268 697 Domine,
307 655 379 689 aut
415 652 455 688 in
488 651 721 697 fluminibus
758 649 880 698 furor
921 656 1011 689 tuus
1037 655 1110 689 aut
1139 653 1180 689 in
1212 653 1319 689 mari
1348 653 1416 688 im-

80 713 197 757 petus
223 710 341 752 tuus?
372 707 445 746 hoc
472 707 558 746 ideo
591 707 737 746 dictum
770 714 840 760 est,
873 710 961 758 quia
993 720 1070 746 non
1102 710 1207 747 venit
1238 721 1343 747 nunc
1375 714 1418 747 ut

84 766 230 805 iudicet
273 766 485 817 mundum,
536 766 604 804 sed
647 772 691 804 ut
740 766 908 805 salvetur
952 766 1120 805 mundus
1163 779 1234 818 per
1276 768 1416 818 ipsum.
1445 775 1487 805 10

91 826 194 871 Quia
226 826 417 863 ascendes
454 836 574 873 super
606 836 726 872 equos
757 830 859 873 tuos,
898 830 937 864 et
976 827 1166 873 equitatio
1198 830 1268 863 tua
1299 828 1418 872 salus,

85 882 160 921 hoc
192 888 251 921 est
281 882 562 935 „evangelistae
590 884 647 920 tui
672 882 883 933 portabunt
914 888 964 935 te,
997 884 1061 933 qui
1094 889 1284 933 reguntur
1317 896 1336 921 a
1369 889 1418 935 te,

87 947 126 979 et
170 940 410 991 evangelium
453 946 565 978 tuum
604 940 706 978 salus
745 942 820 979 erit
857 942 933 993 eis,
978 942 1044 991 qui
1077 941 1242 979 credunt
1272 943 1312 979 in
1344 937 1417 979 te“.

87 1000 302 1038 Intendens
333 1000 513 1037 intendes
543 1010 684 1037 arcum
716 1003 824 1037 tuum
855 1011 977 1047 super
1006 1003 1178 1048 sceptra,
1211 1001 1310 1037 dicit
1340 1000 1417 1038 Do-

86 1060 225 1105 minus,
257 1057 330 1094 hoc
363 1062 422 1095 est
452 1056 776 1107 „comminaberis
808 1057 995 1095 iudIcium
1027 1063 1138 1095 tuum
1171 1059 1286 1095 etiam
1318 1058 1417 1107 regi·
1447 1066 1488 1096 15

86 1115 159 1154 hus
204 1110 368 1153 terrae“,
428 1116 674 1153 Fluminibus
716 1117 924 1154 scindetur
961 1120 1090 1163 terra,
1135 1115 1208 1153 hoc
1248 1121 1308 1154 est
1337 1117 1417 1167 „in-

85 1173 298 1212 fluentibus
348 1172 594 1211 sermonibus
644 1173 951 1223 praedicantium
1008 1179 1045 1211 te
1096 1175 1322 1224 aperientur
1372 1173 1418 1212 ad

86 1231 352 1270 confitendum
383 1231 584 1269 hominum
617 1231 745 1283 corda,
777 1231 918 1281 quihus
952 1238 1010 1270 est
1042 1231 1206 1270 dictum:
1239 1233 1419 1271 Scindite

87 1292 214 1329 corda
239 1294 372 1328 vestra
403 1294 442 1328 et
473 1301 550 1328 non
582 1290 845 1328 vestimenta“.
908 1290 1006 1335 Quid
1041 1296 1116 1328 est:
1158 1291 1353 1328 Videbunt
1383 1295 1420 1328 te

86 1353 125 1387 et
155 1349 343 1387 dolebunt
367 1350 515 1397 populi,
548 1349 622 1385 nisi
654 1353 697 1385 ut
728 1347 894 1397 lugendo
927 1350 1004 1386 sint
1036 1346 1170 1386 beati?
1209 1348 1309 1393 Quid
1342 1353 1419 1387 est:
1445 1356 1489 1388 20

88 1407 332 1455 Disperqens
364 1418 491 1454 aquas
524 1408 696 1452 incessu,
734 1418 780 1443 an
813 1406 1068 1457 „ambulando
1100 1408 1139 1444 in
1173 1408 1245 1457 eis,
1284 1408 1350 1456 qui
1382 1411 1419 1444 te

87 1476 211 1514 usque
245 1476 397 1514 quaque
430 1464 670 1515 adnuntiant,
701 1464 771 1501 hac
803 1470 917 1514 atque
950 1464 1020 1502 hac
1053 1465 1244 1515 dispergis
1275 1464 1419 1503 fluenta

87 1519 341 1561 doctrinae“‘?
402 1521 502 1567 Quid
541 1527 617 1560 est:
660 1523 781 1561 Dedit
819 1524 985 1572 abyssus
1024 1535 1156 1562 vocem
1195 1535 1328 1570 suam,
1372 1535 1420 1561 an

87 1580 355 1633 „profunditas
394 1580 523 1618 cordis
560 1580 719 1618 humani
751 1581 842 1630 quid
876 1583 911 1618 ei
942 1581 1142 1619 videretur
1174 1577 1420 1631 expressit“‘?

88 1640 264 1677 Altitudo
298 1640 539 1688 phantasiae
577 1650 675 1676 suae
712 1644 906 1688 tamquam
945 1651 1081 1677 versus
1113 1640 1328 1689 superioris
1361 1644 1420 1677 est
1447 1648 1489 1678 25

89 1698 297 1747 expositi03
341 1696 502 1734 altitudo
546 1697 649 1733 enim
694 1702 754 1734 est
797 1696 969 1747 abyssus.
1031 1696 1141 1742 Quod
1181 1702 1309 1735 autern
1351 1699 1420 1735 ait:

90 1756 335 1793 phantasiae
365 1766 483 1805 suae,
522 1753 831 1792 subaudiendum
864 1760 923 1793 est
958 1767 1122 1807 „vocem
1155 1752 1307 1806 dedit“;
1347 1755 1420 1793 hoc

90 1818 166 1864 est,
198 1812 301 1863 quod
334 1812 519 1864 diximus,
556 1812 679 1864 „quid
712 1814 746 1850 ei
778 1813 976 1851 videretur
1008 1809 1234 1864 expressit“.
1296 1813 1419 1851 Phan-

89 1872 185 1909 tasia
217 1872 360 1921 quippe
392 1872 487 1908 visio
520 1876 590 1921 est,
622 1883 736 1920 quam
769 1883 845 1909 non
878 1873 1014 1923 tenuit,
1046 1883 1123 1909 non
1156 1873 1321 1922 operuit,
1353 1872 1419 1909 sed

90 1929 309 1967 confitendo
348 1930 547 1967 eructavit.
610 1929 797 1967 Eleuatus
835 1934 891 1968 est
928 1932 1002 1976 sol,
1040 1935 1078 1968 et
1116 1933 1211 1968 luna
1242 1932 1350 1968 stetit
1381 1932 1420 1968 in
1448 1939 1490 1969 30

88 1989 232 2026 ordine
274 1998 366 2034 suo,
410 1986 483 2025 hoc
527 1992 587 2025 est
616 1987 848 2038 „adscendit
885 1986 1065 2027 Christus
1104 1989 1143 2025 in
1176 1987 1345 2040 caelum,
1384 1993 1422 2026 et

90 2045 267 2083 ordinata
311 2050 371 2083 est
414 2044 577 2083 ecclesia
621 2045 693 2083 sub
737 2057 828 2096 rege
873 2042 978 2085 suo“.
1042 2046 1089 2085 In
1127 2048 1253 2085 lucem
1285 2048 1421 2085 iacula

186 2146 243 2187 10)
268 2145 318 2180 10.
345 2148 376 2187 3,
406 2149 458 2179 17.
510 2148 565 2188 19)
592 2144 667 2180 Ioel
692 2150 725 2187 2,
754 2150 805 2180 13.

118 2307 125 2313 .
151 2306 158 2312 ·
184 2265 205 2294 4
230 2260 391 2295 madiam
415 2260 470 2302 R‚·
494 2260 643 2295 madian
668 2262 724 2295 Av
755 2262 767 2305 ΙΙ
798 2265 818 2296 8
844 2262 904 2296 uel
929 2262 967 2296 in
992 2262 1084 2296 mari
1107 2273 1126 2296 v
1152 2263 1164 2306 ΙΙ
1189 2266 1230 2296 21
1260 2273 1306 2296 an
1331 2273 1419 2305 mss3

90 2318 159 2341 msx
184 2317 205 2341 v
