1548 2562
405 144 456 168 DE
477 143 665 169 CIVITATE
684 144 752 168 DEI
772 143 805 168 L
825 143 938 168 xvm.
958 143 987 168 6.
1005 143 1048 168 46.
1306 131 1390 172 329

63 233 191 272 Ceteri
217 244 308 270 vero
335 233 529 271 excaecati
555 237 656 278 sunt,
689 231 735 269 de
757 231 898 281 quibus
924 230 1166 281 praedictum
1192 235 1268 269 est:
1300 231 1393 268 Fiat

62 303 197 330 mensa
234 302 370 329 eorum
407 287 571 339 <eoram
611 288 731 340 ipsis>
771 292 811 328 in
855 291 1038 337 laqueum
1071 294 1108 327 et
1146 290 1185 326 in
1217 290 1390 327 retribu-

62 352 206 388 tionem
238 353 276 387 et
305 350 551 388 scandalum.
621 349 896 387 Obscurentur
927 349 1035 386 oculi
1064 358 1216 393 eorum,
1255 359 1304 385 ne
1335 349 1389 384 vi-

63 409 205 452 areana:
237 411 274 445 et
299 408 459 446 dorsum
487 408 644 444 illorum
674 417 828 454 semper
859 408 1040 444 incurva.
1102 404 1269 443 Proinde
1302 416 1389 443 cum

63 466 269 515 scripturis
314 465 459 502 nostris
500 476 577 502 non
620 463 805 515 credunt,
844 463 1089 514 complentur
1128 465 1167 501 in
1201 464 1255 501 eis
1288 475 1393 515 suae,

62 535 157 573 quas
184 524 290 561 caeci
315 522 458 573 legunt.
521 522 603 560 Nisi
629 522 729 559 forte
762 523 849 572 quis
882 521 1022 559 dixerit
1054 521 1136 559 illas
1168 521 1393 572 prophetias

63 580 303 619 Christianos
327 581 484 618 finxisse
518 581 564 618 de
592 579 760 631 Christo,
792 592 889 629 quae
918 579 1081 629 Sibyllae
1116 581 1270 617 nomine
1303 591 1392 630 pro-

62 640 243 677 feruntur
267 639 327 676 vel
353 638 528 690 aliorum,
560 639 593 676 si
619 650 716 688 quae
743 644 845 688 sunt,
877 650 974 688 quae
1008 649 1085 675 non
1117 639 1316 687 pertinent
1346 637 1393 675 ad

61 697 248 748 populum
280 696 524 735 Iudaeorum.
585 695 705 734 Nobis
738 696 894 746 quidem
926 696 1011 734 illae
1044 696 1243 734 sufficiunt
1253 728 1263 747 ,
1296 708 1393 746 quae

62 755 109 793 de
158 761 384 793 nostrorum
431 756 678 792 inimicorum
727 753 926 792 codicibus
976 754 1252 805 proferuntur,
1296 766 1393 804 quos

62 815 309 864 agnoscimus
345 819 507 864 propter
545 812 618 850 hoc
657 813 944 863 testimonium,
989 812 1091 862 quod
1133 811 1244 850 nobis
1284 814 1394 850 inviti

60 871 270 922 perhibent
310 872 467 910 eosdem
508 871 662 909 codices
703 870 881 908 habendo
920 877 1034 920 atque
1076 870 1283 921 servando,
1324 883 1394 921 per

63 942 198 967 omnes
230 935 365 980 gentes
399 931 512 967 etiam
545 931 650 979 ipsos
683 941 768 966 esse
801 928 1021 980 dispersos,
1054 940 1206 978 quaqua
1238 940 1395 966 versum

63 987 206 1026 Christi
233 988 395 1026 ecclesia
421 987 613 1025 dilatatur.
675 986 770 1024 Nam
795 986 999 1037 prophetia
1024 987 1063 1023 in
1093 987 1264 1038 psalmis,
1297 999 1394 1036 quos

62 1046 196 1096 legunt
228 1047 355 1096 etiam,
387 1045 433 1083 de
466 1045 537 1083 hac
569 1057 611 1082 re
643 1046 855 1095 praemissa
889 1051 965 1095 est,
997 1043 1064 1082 nbi
1096 1045 1285 1094 scriptum
1318 1050 1394 1083 est:

63 1105 170 1142 Deus
201 1115 320 1150 meus,
352 1105 631 1142 misericordia
658 1105 742 1141 eius
768 1105 1004 1152 praeveniet
1034 1114 1116 1147 me‚·
1147 1104 1256 1141 Deus
1286 1114 1395 1141 meus

63 1164 348 1200 demonstravit
378 1163 475 1199 mihi
506 1164 546 1199 in
580 1163 750 1199 inimicis
780 1163 894 1207 meis,
927 1173 977 1199 ne
1008 1162 1206 1199 occideris
1238 1173 1314 1208 eos,
1346 1174 1396 1200 ne

62 1222 223 1268 quando
261 1221 547 1258 obliviscantur
585 1222 708 1267 leyem
745 1224 878 1264 tuam,-
917 1220 1102 1267 disperge
1140 1231 1204 1257 eos
1244 1222 1283 1257 in
1316 1222 1393 1257 vir—

63 1283 145 1317 tute
183 1283 263 1316 tua.
326 1277 611 1316 Demonstravit
649 1290 741 1327 ergo
774 1276 877 1315 Deus
916 1277 1103 1315 ecclesiae
1135 1278 1173 1315 in
1207 1279 1290 1315 61115
1324 1279 1392 1315 1111-

64 1338 174 1374 micis
206 1336 358 1374 Iudaeis
389 1337 550 1386 gratiam
583 1335 871 1373 misericordiae
905 1347 1014 1386 suae,
1053 1337 1252 1386 quoniam,
1294 1337 1394 1374 sicut

64 1394 157 1433 dicit
189 1394 404 1445 apostolus,
442 1396 628 1432 delictum
665 1396 821 1432 illorum
852 1396 961 1432 salus
989 1394 1197 1441 qenstbuae
1238 1400 1276 1432 et
1308 1394 1394 1432 ideo

64 1465 141 1490 non
184 1465 251 1490 eos
293 1452 454 1504 occidit,
498 1452 536 1490 id
578 1458 637 1490 est
675 1464 752 1489 non
790 1453 828 1489 in
868 1453 924 1490 eis
962 1451 1131 1502 perdidit
1169 1451 1271 1501 quod
1305 1459 1396 1490 sunt

62 1510 207 1562 Iudaei,
239 1512 412 1561 quamvis
444 1522 465 1548 a
491 1510 674 1548 Romanis
707 1510 853 1548 fuerint
884 1510 1025 1547 devicti
1057 1515 1095 1547 et
1126 1512 1315 1562 oppressi,
1347 1523 1395 1548 ne

64 1568 175 1607 obliti
205 1568 331 1619 legem
363 1568 432 1606 Dei
464 1568 510 1606 ad
542 1568 627 1619 hoc,
659 1568 705 1605 de
739 1580 815 1618 quo
848 1569 1009 1618 agimus,
1040 1569 1306 1606 testimonium
1339 1570 1394 1606 ni-

64 1627 118 1665 hil
156 1627 340 1665 valerent.
402 1626 492 1664 ldeo
524 1638 662 1676 parum
694 1627 784 1673 fuit,
826 1632 868 1663 ut
900 1625 1065 1663 diceret:
1109 1626 1167 1664 Ne
1197 1628 1395 1665 occideris

65 1697 151 1736 608,
191 1697 241 1723 ne
279 1686 439 1732 quando
477 1686 765 1723 obliviscantur
804 1686 928 1731 leyem
966 1688 1091 1730 tuam,
1131 1685 1205 1721 nisi
1237 1684 1396 1722 adderet

64 1744 197 1781 etiarn:
242 1743 438 1791 Disperqe
479 1731 798 1792 e0s;sq11011iam
842 1743 873 1778 si
923 1754 1012 1780 cum
1055 1743 1130 1779 isto
1173 1743 1396 1780 testimonio

65 1802 349 1851 scripturarum
406 1802 444 1838 in
501 1812 569 1838 sua
625 1799 890 1838 tantummodo
940 1805 1067 1851 terra,
1117 1811 1194 1837 non
1252 1800 1394 1850 ubique

66 1865 209 1911 essent,
241 1859 417 1909 profecto
450 1858 626 1909 ecclesia,
658 1870 754 1908 quae
788 1857 932 1907 ubique
966 1863 1044 1908 est,
1077 1869 1143 1895 eos
1174 1858 1394 1908 prophetia-

65 1929 164 1963 rum,
196 1929 293 1967 quae
326 1916 373 1954 de
406 1915 559 1954 Christo
592 1917 826 1966 praemissae
859 1922 962 1967 sunt,
993 1921 1113 1954 testes
1145 1917 1183 1953 in
1216 1915 1396 1955 omnibus

65 1974 247 2025 gentibus
279 1974 423 2012 habere
455 1987 532 2012 non
565 1980 727 2029 posset.)

159 2076 195 2118 4)
222 2074 280 2108 Ps.
307 2078 363 2118 68,
389 2079 431 2108 23
459 2086 509 2118 sq.
563 2076 618 2117 19)
645 2074 701 2108 Ps.
730 2078 785 2118 58,
814 2079 852 2108 11
881 2086 931 2117 sq.
983 2078 1040 2116 21)
1066 2073 1169 2108 Rom.
1200 2078 1253 2117 11,
1283 2079 1335 2110 11.

158 2206 335 2283 {hagam
365 2201 454 2245 ipsis
493 2212 557 2236 om.
590 2212 659 2236 mss
695 2206 836 2245 excepto
863 2201 902 2234 F
935 2204 946 2245 ΙΙ
983 2206 1002 2234 3
1035 2201 1073 2235 in
1106 2201 1227 2237 scand.
1255 2201 1333 2244 Fv‚·
1358 2203 1396 2236 in

65 2259 130 2284 om.
270 2259 343 2284 arr.

1363 2334 1378 2344 o

1422 761 1464 792 10

1423 1052 1464 1082 15

1421 1344 1464 1374 20

1421 1634 1465 1665 25

1422 1925 1466 1956 30
