1548 2562
419 125 469 149 DE
490 125 678 150 CIVITATE
697 125 767 149 DEI
785 125 818 149 L.
838 125 904 149 xv.
923 124 951 149 c.
972 126 1013 149 12.
1329 115 1383 155 81

51 214 196 264 inquit,
235 218 380 251 aestate
418 211 594 263 (unum)
634 212 943 251 determinabant
975 224 1117 250 annum
1150 217 1189 250 et
1220 212 1384 251 alterum

53 271 201 322 hieme,
245 270 308 308 alii
341 271 634 321 quadripertitis
666 271 927 322 temporibus,
966 272 1067 308 sicut
1098 270 1286 323 Arcades,
1327 272 1382 308 in-

53 330 154 379 quit,
194 340 361 379 quorum
405 330 495 366 anni
540 331 785 367 trimenstres
824 325 1020 367 fuerunt.“
1079 329 1228 367 Adiecit
1269 330 1384 367 etiam

53 387 257 437 aliquando
295 387 519 438 Aegyptios,
561 399 729 437 quorum
766 399 904 438 parvos
942 399 1063 425 annos
1102 393 1382 437 quaternorum

52 457 228 483 mensum
274 445 393 483 fuisse
439 457 556 495 supra
597 445 787 496 diximus,
830 445 943 483 lunae
982 446 1056 483 fine
1095 445 1279 483 limitasse
1318 458 1382 483 an-

53 515 156 541 num.
215 503 374 555 „ltaque
402 503 501 553 apud
528 515 607 555 eos,
638 505 776 555 inquit,
809 509 846 541 et
879 503 1027 553 singula
1059 503 1161 541 milia
1193 515 1383 542 annorum

52 562 193 599 vixisse
225 557 486 611 produntu1·.“

168 619 237 657 His
275 619 379 657 velut
422 618 688 669 probabilibus
732 621 972 669 argumentis
1010 619 1166 669 quidam
1203 631 1280 657 non
1319 620 1382 658 de-

52 682 250 716 struentes
276 677 392 715 11116111
426 689 556 715 sacrae
583 677 700 715 huius
726 676 923 728 historiae,
957 677 1022 714 sed
1050 684 1227 715 astruere
1259 679 1383 715 niten-

51 741 132 786 tes,
174 747 223 773 ne
267 737 316 774 sit
359 735 585 773 incredibile
632 734 734 785 quod
778 740 856 772 tam
900 735 1042 773 multos
1081 748 1202 773 annos
1242 737 1382 774 vixisse

51 794 279 832 reseruntur
311 795 475 845 antiqui,
512 798 794 844 persuaserunt
826 793 915 845 sibi,
955 806 1027 831 1166
1059 806 1100 831 se
1133 794 1295 832 suadere
1328 796 1383 832 in-

52 852 244 902 pudenter
278 853 518 903 existimant,
550 857 627 889 tam
660 853 841 901 exiguum
873 853 1040 901 spatium
1072 854 1259 902 temporis
1290 858 1384 890 tunc

53 922 197 948 annum
223 915 412 961 vocatum,
445 916 487 948 ut
519 909 573 947 illi
605 910 739 947 decem
772 911 850 947 sint
882 922 983 947 unus
1016 916 1149 947 noster
1181 916 1218 947 et
1251 911 1385 948 decem

52 970 176 1006 nostri
214 974 370 1006 centum
408 968 574 1005 illorum.
636 967 717 1005 Hoc
756 973 885 1006 autem
919 980 1003 1005 esse
1037 968 1286 1006 falsissimum
1318 969 1383 1006 do-

51 1032 232 1064 cumento
260 1026 550 1064 evidentissimo
578 1026 807 1064 ostenditur.
859 1025 968 1071 Quod
997 1031 1204 1076 antequam
1237 1027 1384 1078 faciam,

51 1097 128 1122 non
166 1084 259 1122 mihi
301 1084 509 1123 tacendum
546 1084 716 1135 videtur,
757 1096 855 1134 quae
888 1084 1112 1122 credibilior
1142 1086 1267 1134 possit
1299 1097 1383 1123 esse

52 1144 233 1193 suspicio.
295 1142 524 1181 Poteramus
567 1148 671 1180 certe
713 1143 811 1180 hanc
854 1142 1185 1180 adseverationem
1227 1155 1272 1180 ex
1310 1143 1383 1181 He-

50 1200 177 1239 braeis
219 1200 417 1239 codicibus
456 1201 691 1251 redarguere
731 1207 846 1251 atque
880 1202 1130 1252 convincere,
1168 1200 1234 1238 ubi
1266 1201 1384 1239 Adam

52 1271 128 1297 non
168 1258 427 1297 ducentorum
466 1260 642 1309 triginta,
681 1259 747 1296 sed
793 1264 950 1297 centum
994 1260 1152 1309 triginta
1194 1271 1384 1297 annorum

52 1318 171 1356 fuisse
210 1319 424 1368 reperitur,
465 1317 617 1367 quando
656 1319 815 1355 tertium
854 1318 989 1367 genuit
1021 1317 1158 1368 tilium,
1197 1319 1264 1367 (1111
1296 1320 1384 1355 anni

51 1377 83 1413 si
127 1375 315 1414 tredecim
359 1377 483 1413 nostri
528 1380 634 1423 sunt,
679 1375 814 1426 procul
851 1375 986 1426 dubio,
1029 1377 1197 1426 primum
1231 1376 1384 1425 quando

50 1435 202 1485 genuit,
246 1434 427 1471 undecim
471 1433 530 1471 vel
574 1446 651 1471 non
695 1434 815 1472 multo
860 1433 1024 1484 amplius
1070 1446 1260 1471 annorum
1302 1435 1384 1472 11111.

52 1492 147 1537 Quis
191 1497 321 1543 potest
370 1492 441 1529 hac
493 1497 616 1530 aetate
660 1504 848 1542 generare
894 1493 1033 1529 usitata
1077 1493 1150 1529 iste
1196 1492 1384 1543 nobisque

51 1551 251 1588 notissima
277 1550 360 1600 lege
388 1548 577 1588 naturae?
628 1550 703 1587 Sed
731 1550 833 1588 1111116
860 1552 1095 1601 omittamus,
1128 1552 1194 1600 qui
1222 1551 1383 1588 fortasse

51 1610 166 1647 etiam
211 1609 364 1659 quando
410 1614 564 1646 creatus
615 1614 674 1646 est
717 1610 860 1659 potuit3
906 1620 983 1645 non
1027 1609 1129 1645 enim
1175 1621 1263 1645 eum
1307 1614 1384 1646 tam

50 1679 223 1719 parvum,
257 1678 371 1717 quam
398 1667 565 1704 infantes
591 1668 715 1704 nostri
742 1671 844 1716 sunt,
877 1666 1020 1703 factum
1048 1666 1166 1703 fuisse
1200 1666 1384 1704 credibile

51 1730 121 1763 est.
185 1724 279 1763 Seth
311 1724 413 1762 filius
447 1726 530 1762 eius
563 1736 639 1762 non
673 1724 931 1762 ducentorum
964 1725 1148 1774 quinque,
1183 1726 1283 1763 sicut
1315 1737 1384 1763 nos

50 1783 231 1834 legimus,
274 1782 341 1821 sed
381 1788 537 1820 centum
578 1784 748 1832 quinque
782 1783 871 1833 11111,
912 1782 1064 1832 quando
1097 1784 1231 1832 genuit
1263 1783 1383 1834 Enos;

50 1853 93 1880 ac
135 1853 206 1892 per
249 1841 322 1879 hoc
366 1841 581 1878 secundum
624 1842 720 1879 istos
769 1841 942 1878 nondum
995 1840 1160 1878 habebat
1204 1841 1383 1879 undecim

49 1911 171 1938 annos
204 1901 351 1938 aetatis,
414 1898 514 1944 Quid
547 1899 671 1937 dicam
703 1899 749 1937 de
783 1898 925 1936 Cainan
959 1900 1042 1937 eius
1074 1899 1164 1950 filio,
1197 1901 1263 1949 qui
1295 1912 1383 1938 cum

143 2002 201 2043 20)
229 1999 314 2033 Gen.
343 2003 375 2044 5,
401 2005 421 2035 3
449 2012 524 2044 sqq.

144 2144 161 2173 1
189 2151 302 2173 unum
327 2150 392 2173 om.
425 2139 570 2173 VRAF
603 2141 614 2183 ΙΙ
651 2144 670 2174 3
697 2139 924 2173 trimenstres
958 2138 1007 2181 V3
1033 2138 1188 2173 trimest.
1214 2149 1234 2173 v
1265 2141 1277 2183 Η
1307 2140 1383 2174 1116-

51 2188 135 2220 runt,
160 2186 246 2227 VR‚·
270 2186 370 2220 fuere
394 2198 414 2220 v
434 2188 445 2230 ΙΙ
466 2191 506 2220 11
534 2186 752 2230 inpudenter
781 2185 924 2219 VRAF
945 2188 1019 2228 (59,
1046 2189 1126 2227 11);
1152 2185 1308 2229 imprud.
1335 2198 1354 2220 v
1375 2206 1376 2225 ;

51 2237 92 2267 21
121 2233 265 2276 quando
291 2233 419 2277 genuit
452 2233 596 2267 VRAF
618 2236 752 2277 (prom.
774 2244 812 2276 22.
841 2236 898 2274 77);
931 2232 1074 2276 genuit,
1102 2233 1246 2275 quando
1271 2235 1382 2277 v1127

50 2280 132 2314 seth
164 2279 272 2313 VAF
292 2283 426 2323 (prom.
448 2291 486 2323 p.
515 2283 572 2322 7);
597 2280 686 2314 sedh
711 2279 767 2320 R‚·
793 2279 864 2313 Sed
893 2289 913 2313 v

121 2350 194 2370 Auo.
214 2350 254 2368 DE
275 2350 334 2370 σιν.
355 2351 417 2370 Dm.
449 2345 487 2368 II.
1081 2341 1101 2371 0

1412 745 1453 775 10

1413 1036 1453 1065 15

1412 1327 1454 1357 20

1411 1618 1453 1648 ‘25

1410 1909 1453 1939 30
