1548 2562
400 142 451 167 DE
471 142 661 167 mvrrA'rE
681 142 749 166 DEI
768 142 801 166 L.
822 141 902 165 xix.
922 140 950 166 c.
971 141 1013 166 20.
1034 142 1075 165 21.
1318 128 1401 170 389

70 238 161 271 eant
208 231 401 270 nascendo
443 236 559 281 atque
604 230 826 281 moriendo,
871 229 936 267 sed
981 231 1020 267 in
1062 241 1137 278 qua
1178 227 1404 265 inmortales

69 295 249 329 maneant
274 289 370 328 nihil
396 289 547 327 adversi
572 289 730 326 omnino
762 288 961 338 patiendo:
993 289 1080 337 quis
1112 292 1171 324 est
1202 287 1268 336 qui
1301 285 1402 323 illam

71 350 185 387 vitam
228 348 287 386 vel
331 347 593 386 beatissimam
637 351 751 396 neget
796 346 853 383 vel
905 348 943 384 in
988 348 1072 384 eius
1116 346 1403 395 comparatione

70 409 195 456 istam,
228 418 325 457 quae
358 405 421 444 hic
453 407 599 455 agitur,
631 404 882 455 quantislibet
913 405 1031 442 animi
1061 409 1101 442 et
1131 404 1307 453 corporis
1340 414 1402 440 ex-

71 471 350 515 ternarumque
383 476 516 502 rerum
548 462 662 501 bonis
686 462 800 513 plena
826 465 887 511 sit,
919 475 997 500 non
1023 463 1280 500 miserrimam
1306 461 1402 499 iudi·
1430 467 1449 497 5

70 521 164 562 cet?
225 523 348 568 Quam
386 527 514 560 tamen
554 523 791 571 quicumque
830 522 885 559 sic
922 520 1058 572 habet,
1099 526 1142 558 ut
1173 521 1257 558 eius
1290 531 1404 557 usum

71 583 218 620 referat
243 581 289 619 ad
315 580 418 619 illius
445 581 573 631 finem,
606 591 719 630 quam
748 578 871 629 diligit
897 579 1168 617 ardentissime
1195 590 1238 616 ac
1264 577 1403 615 fidelis-

70 641 167 678 sime
201 644 348 690 sperat,
386 651 463 676 non
505 638 672 676 absurde
706 637 782 675 dici
814 639 929 676 etiam
961 649 1065 675 nunc
1097 636 1233 675 beatus
1264 641 1406 687 potest,

70 710 137 749 spe
170 697 231 736 illa
263 699 394 748 potius
427 709 542 748 quam
569 708 611 734 re
644 698 727 734 ista.
789 695 866 734 Res
897 697 971 734 ista
1002 707 1093 733 vero
1126 696 1209 733 sine
1243 707 1309 745 spe
1343 693 1404 732 illa

69 756 268 795 beatitudo
314 755 407 794 falsa
452 760 490 793 et
533 767 670 805 magna
714 756 870 793 miseria
914 759 990 805 est3
1034 766 1111 791 uon
1156 755 1259 791 enim
1303 754 1404 790 veris
1433 759 1475 790 10

70 816 186 852 animi
218 814 330 852 bonis
363 815 508 866 utitur,
540 815 721 864 quoniam
754 825 831 851 non
864 817 924 851 est
954 824 1044 850 vera
1076 813 1274 863 sapientia,
1307 822 1405 861 quae

70 874 327 911 intentionem
360 884 469 910 suam
502 873 540 910 in
573 872 651 922 his,
691 883 787 921 quac
821 871 1037 921 prudenter
1069 870 1274 920 discernit,
1306 870 1407 919 gerit

70 932 246 982 fortiter,
284 930 439 969 cohibet
476 935 741 980 temperanter
781 931 961 979 iusteque
995 928 1211 979 distribuit,
1248 940 1326 965 non
1359 927 1404 965 ad

70 989 178 1027 illum
210 989 342 1039 dirigit
373 990 507 1039 finem,
539 988 606 1026 ubi
638 989 714 1026 erit
745 987 848 1025 Deus
881 988 1008 1025 omnia
1040 988 1079 1025 in
1113 985 1313 1038 omnibus,
1345 997 1404 1023 ae-

70 1049 253 1086 ternitate
286 1052 391 1086 certa
423 1053 462 1085 et
493 1058 587 1097 pace
618 1047 802 1097 perfecta.
1435 1051 1476 1080 15

586 1182 738 1224 CAPUT
771 1183 884 1224 XXI.

100 1270 162 1307 An
198 1270 418 1307 secundum
456 1269 704 1314 definitiones
743 1269 958 1316 Scipionis,
997 1279 1100 1315 quae
1139 1269 1179 1305 in
1218 1269 1376 1314 clialoqo

147 1327 350 1365 Ciceronis
375 1331 477 1373 sunt,
501 1338 688 1374 umquam
710 1325 839 1374 fuerit
865 1326 1048 1364 Romana
1074 1338 1139 1364 res
1158 1327 1335 1374 publica.

190 1408 437 1459 Quapropter
468 1420 572 1445 nunc
604 1414 663 1446 est
693 1407 814 1459 locus,
847 1414 889 1446 ut
922 1419 1035 1458 quam
1068 1412 1205 1458 potero
1236 1405 1408 1444 breviter

72 1478 115 1505 ac
147 1466 314 1504 dilucide
342 1466 554 1518 expediam,
586 1465 689 1516 quod
722 1467 760 1504 in
793 1466 966 1504 secundo
998 1466 1114 1504 huius
1147 1466 1276 1515 operis
1307 1464 1406 1502 libro
1434 1472 1477 1501 ‘20

72 1537 133 1563 me
167 1525 524 1563 demonstraturum
567 1537 651 1563 esse
684 1525 863 1576 promisi,
901 1524 1115 1562 secundum
1149 1524 1407 1575 definitiones,

72 1582 214 1634 quibus
234 1583 335 1634 apud
357 1582 586 1621 Ciceronem
606 1584 730 1621 utitur
754 1582 882 1633 Scipio
904 1584 942 1620 in
962 1582 1072 1620 libris
1099 1582 1145 1619 de
1173 1593 1215 1619 re
1241 1581 1407 1632 publica,

72 1653 283 1692 numquam
316 1653 399 1679 rem
432 1640 626 1691 publicam
659 1642 778 1679 fuisse
811 1641 1032 1679 Romanam.
1096 1640 1272 1689 Breviter
1304 1641 1406 1677 enim

73 1712 156 1738 rem
188 1699 382 1750 publicam
424 1699 558 1737 definit
590 1711 674 1737 esse
708 1711 790 1737 rem
822 1699 965 1750 populi.
1029 1699 1136 1744 Quae
1169 1698 1341 1736 definitio
1374 1699 1406 1736 si

72 1770 161 1796 vera
202 1764 278 1809 est,
318 1769 530 1807 numquam
563 1758 636 1796 fuit
667 1756 837 1795 Romana
870 1769 934 1795 res
965 1757 1140 1808 pubbca,
1174 1758 1262 1807 quia
1294 1768 1404 1794 num-
1432 1763 1476 1794 25

72 1828 187 1867 quam
225 1816 299 1855 fuit
335 1827 399 1854 res
437 1815 591 1867 populi,
629 1827 744 1866 quam
783 1816 1047 1854 definitionem
1080 1815 1200 1853 voluit
1231 1827 1317 1853 esse
1350 1816 1407 1852 rei

71 1874 261 1925 publicae.
321 1873 514 1925 Populum
547 1875 650 1912 enim
683 1886 767 1912 esse
799 1874 973 1912 definivit
1005 1879 1160 1912 coetum
1192 1873 1405 1911 multitudi-

71 1934 132 1971 nis
181 1934 278 1971 iuris
328 1944 522 1971 consensu
572 1939 611 1971 et
661 1932 836 1971 utilitatis
886 1934 1158 1971 communione
1207 1933 1406 1971 sociatum.

72 1990 172 2036 Quid
214 1996 343 2029 autem
384 1991 487 2029 dicat
526 1992 622 2029 iuris
664 2003 919 2042 consensum,
957 1990 1190 2042 disputando
1230 1991 1406 2041 explicat,

72 2060 142 2100 per
168 2049 240 2087 hoc
267 2049 476 2087 ostendens
502 2050 585 2099 geri
617 2051 700 2087 sine
732 2051 878 2088 iustitia
911 2062 988 2088 non
1020 2060 1133 2099 posse
1167 2061 1249 2087 rem
1281 2048 1404 2100 publi·
1433 2055 1476 2085 30

72 2119 173 2159 cam;
205 2107 272 2145 ubi
304 2119 396 2158 ergo
428 2109 573 2146 iustitia
605 2120 694 2145 vera
727 2106 804 2145 non
836 2113 919 2159 est,
951 2119 1023 2146 nec
1054 2109 1115 2145 ius
1148 2113 1277 2157 potest
1308 2119 1405 2146 esse.

168 2197 222 2239 15)
251 2200 280 2230 1.
308 2195 387 2230 Cor.
416 2199 468 2239 15,
496 2198 550 2230 28.
601 2198 659 2239 20)
686 2196 722 2230 C.
749 2200 801 2230 21.

168 2305 209 2335 13
237 2301 284 2335 ad
309 2300 401 2343 RA,-
426 2300 464 2335 in
488 2301 542 2335 Lv
