1611 2465
147 43 230 83 228
689 49 715 75 s.
736 48 954 75 AUGUSTINI

146 141 256 180 valet.
319 140 403 178 Non
436 141 538 177 enim
567 138 711 177 Christi
743 131 877 189 ipsius,
911 137 1013 188 quod
1047 143 1106 176 est
1138 144 1253 189 caput
1285 136 1484 190 ecclesiae,

145 205 307 251 possent
346 199 509 237 inveniri
556 197 631 235 ulla
670 202 847 248 peccata,
886 208 984 246 quae
1023 208 1122 247 opus
1161 203 1266 235 esset
1306 196 1485 235 humanis

148 257 461 309 correptionibus
489 261 639 293 servata
666 254 933 293 misericordia
961 254 1145 293 divinitus
1172 255 1391 307 cohercer13
1418 254 1486 293 sed

147 319 186 356 in
214 318 298 355 eius
325 327 490 366 corpore
517 326 559 352 ac
586 313 783 361 membris,
817 313 919 364 quod
951 313 1119 364 populus
1152 315 1236 351 eius
1269 318 1339 352 est.
1396 312 1486 352 Ideo

102 383 122 413 5
148 378 187 414 in
231 374 330 412 libro
382 384 610 423 regnorum:
663 373 862 420 [niquitas
914 374 999 410 eius
1043 371 1205 423 dicitur3
1256 373 1295 409 in
1339 371 1487 422 psalmo

149 440 296 472 autem:
338 433 531 470 Filiorum
565 433 672 476 eius;
709 436 753 469 ut
784 430 1054 481 intellegamus
1087 430 1134 468 de
1167 432 1250 481 ipso
1284 430 1360 469 dici
1392 442 1487 481 quo-

149 493 235 530 dam
267 490 399 542 modo,
438 489 542 540 quod
574 489 621 527 ‹le
655 491 738 527 eius
770 501 935 539 corpore
969 489 1122 527 dicitur.
1185 488 1352 539 Propter
1384 488 1488 539 quod

149 552 264 589 etiam
297 551 379 599 ipse
413 548 460 586 de
493 548 616 599 eaelo,
655 560 744 586 cum
777 559 919 597 corpus
952 549 1054 598 eius,
1096 547 1196 597 quod
1232 552 1324 585 sunt
1355 547 1488 585 fideles

150 610 246 654 eius,
280 607 420 646 Saulus
446 611 769 657 persequeretur:
802 607 934 653 Saule,
966 606 1105 657 inquit,
1137 606 1269 652 Saule,
1302 607 1402 654 quid
1430 617 1490 645 me

83 676 124 705 10
147 667 429 716 persequeris?
496 664 642 703 Deinde
689 666 729 702 in
777 663 1110 714 consequentibus
1154 664 1308 715 psalmi:
1354 665 1491 713 Neque

151 726 316 772 nocebo,
355 725 500 775 inquit,
539 726 580 762 in
612 725 781 762 veritate
812 734 916 769 mea,
956 734 1083 770 neque
1110 722 1339 771 profanabo
1371 727 1489 762 testa-

151 788 323 823 mentum
366 794 514 829 meum,
559 787 597 821 et
633 793 737 830 quae
769 783 999 831 procedunt
1035 781 1084 819 de
1122 782 1238 820 labiis
1276 783 1372 820 meis
1411 793 1490 820 non

151 842 388 891 reprobabo.
451 841 581 880 Semel
610 842 745 878 iuraui
775 842 815 878 in
847 844 987 878 sancto
1019 851 1126 886 meo,
1157 842 1193 878 si
1223 840 1358 878 David
1385 851 1490 879 men-

153 903 256 946 τὰτη-
296 899 333 937 id
373 905 449 950 est,
490 910 736 949 nequaquam
768 898 886 936 David
919 898 1096 936 mentiar.
1160 897 1268 936 Solet
1299 899 1403 936 enim
1435 899 1490 937 sic

85 968 127 998 15
153 959 259 1009 loqui
291 959 496 1008 scriptura.
559 956 659 1002 Quid
699 962 828 995 autem
869 968 947 994 non
980 958 1208 1007 mentiatur,
1247 956 1422 1006 adiungit
1453 962 1492 995 et

154 1017 263 1055 dicit:
297 1017 435 1055 Samen
468 1018 552 1054 eius
584 1018 624 1053 in
657 1020 865 1054 aeteruum
896 1019 1049 1060 memet,-
1088 1020 1126 1053 et
1155 1016 1268 1053 sedes
1299 1017 1384 1053 eius
1415 1017 1490 1054 32¹0-

153 1080 197 1114 ut
236 1077 296 1113 sol
335 1077 375 1112 in
416 1078 628 1123 conspectu
668 1085 769 1120 meo,
811 1079 848 1112 et
877 1076 981 1111 sieut
1013 1075 1108 1112 luna
1135 1073 1322 1122 perfecta
1353 1075 1395 1113 in
1427 1086 1491 1113 ae-

155 1139 322 1183 teruum,
355 1138 393 1171 ec
424 1135 532 1171 testis
565 1134 605 1170 in
636 1134 748 1171 eaelo
775 1133 918 1178 fidelis.

707 1280 860 1324 CAPUT
886 1281 936 1323 X.

84 1378 128 1407 20
162 1370 288 1415 Quam
327 1368 488 1405 diuersa
526 1370 619 1404 acta
656 1368 736 1404 sim
773 1368 813 1404 2'72
851 1377 976 1414 reyno
1017 1370 1206 1405 terrenae
1242 1367 1492 1406 Hierusalem

156 1428 205 1465 ab
244 1427 321 1473 his,
353 1437 457 1473 quae
484 1427 728 1473 promiserat
759 1425 882 1471 Deus,
923 1429 968 1462 ut
999 1423 1298 1472 intelleqeretur
1324 1427 1492 1473 promis-

249 1485 371 1523 sionis
402 1485 552 1521 ueritas
584 1484 640 1521 ad
670 1485 837 1521 alterius
869 1485 977 1530 reqis
1009 1487 1047 1521 et
1077 1485 1195 1531 requi
1221 1485 1394 1531 §loriam

713 1543 931 1589 pertinere.

274 1623 367 1661 Post
393 1622 488 1660 haec
521 1628 648 1660 tantae
675 1623 946 1672 promissionis
979 1621 1210 1660 validissima
1242 1622 1496 1675 firmamenta,

87 1692 129 1721 ‘25
158 1695 206 1720 ne
238 1687 472 1732 putarentur
505 1682 543 1718 in
578 1680 782 1718 Salomone
815 1680 1023 1731 completa,
1065 1686 1262 1730 tamquam
1294 1681 1332 1719 id
1365 1693 1494 1732 spera-

157 1745 268 1778 retur
300 1751 372 1777 nec
404 1740 665 1776 inveniretur:
715 1739 769 1776 Tu
801 1751 913 1786 uero,
952 1740 1096 1790 inquit,
1135 1741 1346 1787 reppulisti
1375 1743 1414 1778 et
1443 1741 1499 1778 ad

157 1800 324 1837 nihilum
363 1798 582 1843 deduxisle',
625 1797 803 1835 Domine.
865 1796 947 1834 Iloc
987 1798 1129 1847 quippe
1169 1797 1313 1835 sactum
1353 1802 1412 1835 est
1450 1797 1495 1835 de

158 1868 279 1906 regno
322 1855 540 1893 Salomonis
583 1856 622 1892 in
663 1856 832 1904 posteris
873 1856 957 1893 eius
999 1866 1123 1904 usque
1166 1854 1210 1892 ad
1253 1855 1496 1893 eversionem

158 1916 282 1965 ipsius
326 1919 506 1952 terrenae
550 1912 817 1963 Hierusalem,
867 1924 965 1962 quae
1010 1913 1120 1962 regni
1165 1912 1339 1951 eiusdem
1383 1913 1496 1952 sedes

91 1982 133 2012 30
160 1973 251 2023 fuit,
283 1978 321 2010 et
353 1973 516 2009 maxime
550 1972 672 2021 ipsius
705 1970 839 2021 templi
871 1970 1013 2022 labem,
1046 1970 1148 2020 quod
1183 1971 1309 2010 fuerat
1340 1983 1361 2009 a
1393 1970 1498 2009 Salo-

257 2074 312 2115 10)
341 2072 418 2105 Act.
447 2075 478 2113 9,
506 2075 538 2104 4.
591 2073 646 2114 14)
674 2070 731 2104 Ps.
759 2074 815 2113 88,
841 2074 886 2105 34
913 2082 992 2114 sqq.
1046 2072 1102 2114 18)
1129 2070 1170 2104 V.
1199 2074 1241 2105 37
1268 2083 1319 2115 sq.

258 2216 299 2245 16
327 2212 451 2245 manet
476 2210 602 2252 RAF;
632 2210 795 2244 manebit
820 2221 840 2244 v
