1611 2465
218 42 301 82 192
754 50 781 76 S.
801 49 1018 76 AUGUSTINI

215 142 504 180 resurrectione
544 142 627 178 eius
666 139 890 177 adiunctum
930 145 1004 177 est:
1056 140 1149 186 Quis
1185 141 1396 178 suscitabit
1435 142 1549 178 eum?

215 199 289 237 hoc
321 205 391 251 est,
424 201 512 249 quia
545 198 674 236 nullus
700 198 914 248 hominum,
947 199 1020 236 nisi
1053 210 1093 236 se
1127 200 1221 250 ipse,
1254 200 1321 248 qui
1354 199 1470 236 ctiam
1502 198 1548 236 de

216 270 379 309 corpore
407 270 476 295 suo
504 257 616 295 dixit:
649 257 795 295 Solvite
826 259 1008 305 templum
1040 258 1125 303 hoe,
1158 263 1196 295 et
1226 259 1266 295 in
1299 259 1433 296 triduo
1463 269 1546 296 sus·

216 319 348 355 cltaho
382 318 488 354 illuct.
551 315 682 366 Ipsum
721 321 849 353 autem
887 327 1010 365 genus
1043 317 1195 365 mortis,
1234 315 1306 353 hoc
1339 321 1398 353 est
1430 315 1547 354 subli-

169 383 190 413 5
217 377 329 413 mitas
362 376 508 426 crucis,
545 376 584 411 in
616 386 693 411 uno
726 373 844 411 verbo
876 373 1131 424 intellegitur,
1164 373 1265 424 quod
1299 376 1368 412 ait:
1400 375 1547 413 Ascen—

216 436 317 472 (le'ste'.
370 433 481 478 Quod
507 444 598 470 vero
627 432 788 471 addidit:
821 433 1070 471 Recumbens
1096 435 1288 483 dormisti,
1315 433 1549 483 evangelista

216 494 385 543 exponit,
417 491 483 530 ubi
516 491 629 529 dicit:
674 492 723 529 Et
755 493 945 530 inclinato
978 493 1108 539 capite
1141 493 1312 529 tradidit
1342 493 1550 540 spiritam,-

215 557 281 589 aut
313 556 419 589 certe
452 549 651 600 sepultura
683 551 767 588 eius
800 551 1035 602 agnoscitur,
1067 551 1106 587 in
1138 561 1213 600 qua
1246 549 1427 588 recubuit
1459 550 1547 588 dor-

216 611 360 661 miens,
402 614 441 647 et
481 609 583 647 unde
626 608 733 646 illum
776 608 905 646 nullus
943 608 1161 659 hominum,
1203 610 1304 646 sicut
1335 608 1548 659 prophetae

148 676 189 706 10
215 668 365 718 aliquos
396 667 455 705 vel
487 669 590 705 sicut
620 668 702 718 ipse
736 666 850 718 alios,
883 668 1093 717 suscitavit,
1126 667 1193 704 sed
1227 668 1328 705 sicut
1359 680 1379 705 a
1412 679 1548 706 somno

214 728 298 777 ipse
337 727 518 764 surrexit.
581 725 686 764 Stola
727 737 844 775 porro
877 727 979 776 eius,
1017 737 1132 775 quam
1164 724 1262 763 lavat
1293 727 1333 764 in
1365 727 1472 777 vino,
1511 726 1549 764 id

215 791 275 823 est
328 784 489 823 mundat
538 797 557 822 a
606 786 776 835 peccatis
826 785 864 821 in
921 785 1108 834 sanguine
1160 796 1250 835 su0,
1303 785 1414 822 cuius
1464 796 1548 822 san-

215 845 343 894 guinis
370 849 654 881 sacramentum
686 842 865 893 baptizati
899 844 1038 893 sciunt,
1071 841 1173 880 unde
1207 848 1245 881 et
1276 842 1466 893 adiungit:
1499 844 1551 881 Et

215 905 255 941 in
287 905 485 950 sanquine
517 914 617 940 uvae
649 904 837 939 (antelam
867 913 999 947 suam,
1033 900 1125 951 quid
1159 906 1218 939 est
1250 902 1325 939 nisi
1357 899 1550 939 ecclesia?

147 969 187 999 15
214 960 264 999 Et
292 960 396 1009 falvi
425 963 533 999 oculi
562 963 646 999 eius
677 973 701 998 a
734 962 822 998 vino
855 959 1047 1010 spiritales
1080 961 1164 997 eius
1195 959 1376 998 inebriati
1407 959 1549 1010 poculo

215 1021 322 1066 eius,
367 1019 413 1057 de
459 1031 534 1069 quo
580 1020 681 1057 canit
725 1018 913 1069 psalmus:
965 1019 1017 1055 Et
1055 1020 1167 1056 calix
1210 1023 1300 1056 tuus
1345 1020 1549 1057 inebrians

214 1090 332 1126 qaam
371 1080 614 1126 praeclarus
657 1079 735 1115 est!
776 1078 827 1115 Et
858 1079 992 1115 dentes
1030 1079 1114 1114 etas
1146 1078 1403 1115 candidiores
1434 1079 1549 1128 lacte,

215 1136 318 1187 quod
344 1142 479 1187 potant
505 1136 604 1186 apud
632 1135 848 1187 apostolum
869 1135 1030 1186 parvuli,
1061 1134 1178 1173 verba
1207 1135 1355 1173 scilicet
1375 1137 1548 1174 nutrien-

215 1197 284 1247 tia,
326 1195 498 1233 nondum
536 1195 665 1232 idonei
697 1194 819 1232 solido
852 1193 950 1232 cibo.
1012 1192 1098 1244 Ipse
1131 1195 1250 1244 igitur
1282 1199 1359 1245 est,
1400 1195 1439 1232 in
1472 1206 1549 1244 quo

146 1262 188 1292 20
216 1255 385 1304 reposita
418 1259 529 1291 erant
560 1254 750 1304 promissa
783 1252 910 1304 Iudae,
944 1264 1040 1302 quae
1074 1252 1196 1289 donec
1229 1253 1407 1290 venirent
1438 1265 1547 1291 num-

215 1324 331 1363 quam
356 1314 565 1363 principes,
597 1312 669 1349 hoc
697 1317 756 1349 est
789 1323 900 1361 reges
927 1310 1056 1362 lsrael,
1089 1310 1134 1348 ab
1167 1310 1229 1348 illa
1261 1311 1382 1361 stirpe
1415 1310 1546 1349 defue-

213 1377 316 1409 runt.
380 1371 430 1408 Et
470 1374 552 1419 ipse
590 1372 816 1419 expectatio
851 1371 1052 1417 (semitam
1091 1369 1193 1419 quod
1232 1368 1373 1408 clarius
1406 1374 1465 1408 est
1495 1371 1547 1408 vi-

214 1429 340 1467 dendo
373 1441 488 1480 quam
520 1430 561 1467 fit
594 1428 833 1479 exponendo.

718 1564 874 1607 CAPUT
907 1565 1038 1607 XLII.

141 1661 186 1692 25
215 1653 274 1690 De
301 1654 397 1698 siliis
430 1653 583 1702 Ioseph,
614 1662 710 1699 quos
744 1651 866 1688 Iacob
894 1652 1131 1699 prophetica
1163 1662 1350 1688 manuum
1381 1662 1547 1689 suarum

594 1711 924 1747 transmutatione
956 1710 1169 1747 benedixit.

332 1791 441 1829 Sicut
472 1797 601 1829 autem
643 1791 719 1829 duo
752 1790 856 1828 Isaac
890 1790 974 1840 filii,
1013 1790 1114 1828 Esau
1148 1796 1186 1828 et
1218 1790 1347 1841 Iacob,
1386 1790 1546 1840 figuram

213 1850 478 1901 praebuerunt
517 1849 684 1888 duorum
715 1848 949 1899 populorum
988 1850 1026 1885 in
1059 1848 1209 1886 ludaeis
1248 1855 1286 1886 et
1318 1847 1546 1887 Christianis

215 1905 422 1961 (quamvis',
454 1907 557 1958 quod
584 1907 629 1945 ad
656 1909 783 1945 carnis
816 1908 1068 1957 propaginem
1099 1908 1281 1957 pertinet,
1314 1919 1385 1944 nec
1417 1906 1547 1946 ludaei

310 2023 344 2063 42»
370 2020 419 2054 10.
440 2025 471 2062 2,
495 2024 546 2053 19.
600 2021 633 2063 τ)
655 2021 703 2053 10.
727 2024 780 2061 19,
801 2022 855 2053 30.
908 2021 964 2061 17)
985 2019 1042 2053 Ps.
1065 2022 1119 2060 22,
1141 2023 1172 2053 5.
1225 2021 1281 2062 18)
1312 2024 1340 2054 1.
1364 2018 1440 2053 Cor.
1461 2023 1493 2063 3,
1513 2023 1544 2054 2.

312 2178 327 2206 1
358 2173 420 2215 qui
453 2172 518 2205 VA
538 2173 549 2215 Η
569 2175 588 2205 3
616 2172 653 2205 et
678 2181 743 2205 om.
774 2156 811 2204 'V
832 2173 843 2214 Η
868 2171 904 2204 in
931 2181 994 2205 om.
1023 2170 1098 2203 RF
1113 2172 1125 2215 ΙΙ
1145 2171 1328 2205 suscitabo
1363 2170 1467 2211 V¹F‚·
1491 2181 1546 2205 re-

218 2231 307 2254 susc.
344 2219 485 2253 1⁷2RA0
505 2220 516 2262 ΙΙ
539 2222 576 2251 11
605 2229 712 2262 porro
739 2228 804 2252 om.
840 2218 870 2250 Γ
887 2220 898 2259 Η
921 2222 959 2251 17
988 2217 1106 2251 clarus
1133 2217 1168 2251 R
1186 2220 1198 2259 ΙΙ
1217 2217 1293 2252 eius
1319 2228 1384 2252 om.
1420 2217 1464 2251 V¹
