1548 2562
382 142 434 166 DE
455 121 641 166 onumen:
661 141 729 165 DEI
750 141 782 166 L.
805 141 885 165 xxx.
905 140 935 166 c.
958 141 999 165 16.
1277 129 1361 170 383

551 259 704 302 CAPUT
731 260 846 302 XVI.
866 316 869 317 ⁷

388 346 448 384 De
478 357 604 393 aequo
637 348 726 384 iure
758 347 998 384 dominandi.

149 428 338 473 Quocirca
366 428 515 465 etiamsi
542 426 764 464 habuerunt
789 439 921 465 servos
947 428 1039 465 iusti
1066 432 1196 478 patres
1224 416 1360 477 nostri,

31 488 86 525 sic
118 485 438 524 administrabant
469 485 720 523 domesticam
751 486 909 536 pacem,
944 490 986 523 ut
1018 485 1233 524 secundum
1265 485 1360 522 llaec

31 544 257 595 temporalia
294 543 394 581 bona
432 543 600 581 filiorum
644 548 790 581 sortem
828 555 849 581 a
888 555 1090 582 servorum
1131 543 1358 581 condicione
1385 549 1405 579 5

31 603 335 653 distinguerent3
368 601 413 639 ad
446 601 568 639 Deum
600 606 728 639 autem
761 600 983 653 colendum,
1023 603 1060 639 in
1094 614 1170 652 quo
1203 607 1360 639 aeterna

31 662 131 699 hona
164 660 353 711 speranda
391 665 502 711 sunt,
543 659 723 697 omnihus
761 659 898 698 domus
937 672 1027 697 suae
1061 659 1245 697 memhris
1277 660 1360 709 pari

30 720 237 758 dilectione
271 718 531 756 consulerent.
593 717 703 762 Quod
742 718 928 756 naturalis
961 717 1055 756 ordo
1088 720 1139 756 ita
1170 719 1359 768 praescri-

31 778 104 829 bit,
140 782 184 815 ut
221 789 362 815 nomen
402 782 555 827 patrum
594 776 755 813 familias
794 776 885 814 hinc
917 782 1096 814 exortum
1129 777 1179 814 sit
1211 782 1249 814 et
1283 781 1360 813 tam

32 836 103 874 late
143 835 357 886 vulgatum,
397 840 440 873 ut
478 836 593 872 etiam
631 835 763 884 inique
801 834 1043 872 dominantes
1083 835 1155 872 hoc
1195 846 1236 872 se
1268 846 1357 884 gau-
1388 841 1430 872 10

31 894 146 932 deant
171 893 365 944 appellari.
428 892 503 937 Qui
529 898 658 930 autem
684 893 765 929 veri
791 898 920 942 patres
953 893 1114 930 familias
1147 898 1249 943 sunt,
1280 904 1359 930 om—

32 953 146 990 nibus
177 954 216 989 in
248 951 388 989 familia
429 962 497 989 sua
535 955 730 1000 tamquam
768 951 855 988 filiis
887 951 933 988 ad
965 950 1171 989 colendum
1204 956 1242 988 et
1272 963 1359 1001 pro-

32 1010 260 1049 merendum
297 1009 419 1048 Deum
458 1008 686 1059 consulunt,
722 1008 987 1046 desiderantes
1028 1014 1143 1058 atque
1182 1015 1360 1059 optantes

31 1071 162 1107 venire
189 1068 234 1106 ad
261 1067 466 1111 caelestem
493 1067 662 1118 domum,
693 1066 760 1105 ubi
792 1069 1056 1105 necessarium
1089 1079 1166 1105 non
1198 1069 1247 1105 sit
1279 1068 1359 1104 osti-

30 1130 132 1166 cium
159 1126 373 1177 imperandi
400 1125 641 1176 mortalibus,
673 1127 760 1175 quia
793 1127 1057 1163 necessarium
1090 1138 1167 1163 non
1201 1127 1275 1163 erit
1306 1126 1360 1163 of·
1390 1132 1430 1162 15

30 1187 160 1224 ficium
192 1184 420 1223 consulendi
457 1185 532 1221 iam
570 1185 608 1221 in
648 1183 710 1221 illa
748 1183 1021 1222 inmortalitate
1055 1183 1251 1234 felicibus,
1284 1196 1360 1233 quo

30 1244 153 1282 donee
194 1245 391 1293 veniatur,
434 1244 555 1292 magis
600 1241 743 1280 debent
783 1247 914 1292 patres
956 1242 1059 1292 quod
1101 1242 1361 1293 dominantur,

30 1314 144 1352 quam
189 1303 290 1340 servi
334 1301 499 1339 tolerare
544 1301 646 1350 quod
691 1302 876 1338 serviunt.
939 1299 980 1338 Si
1025 1302 1111 1350 quis
1151 1307 1279 1338 autem
1321 1302 1360 1338 in

29 1361 142 1398 domo
168 1372 239 1410 per
263 1359 591 1397 inoboedientiam
623 1359 857 1396 domesticae
890 1360 974 1409 paci
1006 1359 1244 1410 adversatur,
1276 1371 1360 1396 cor-

30 1420 171 1469 ripitur
212 1430 281 1456 seu
324 1417 441 1455 verbo
483 1429 551 1455 seu
590 1416 753 1455 verbere
792 1429 860 1455 seu
901 1417 1073 1467 quolibet
1111 1417 1183 1454 alio
1217 1429 1360 1467 genere
1387 1423 1431 1453 20

31 1488 177 1527 poenae
209 1478 312 1514 iusto
345 1482 458 1525 atque
491 1475 614 1526 licit0,
655 1480 842 1525 quantum
875 1477 1040 1513 societas
1073 1475 1238 1513 humana
1270 1488 1360 1513 con-
1418 1506 1420 1508 .

30 1535 149 1586 cedit,
181 1547 251 1585 pro
285 1536 369 1572 eius
401 1535 467 1584 qui
499 1535 711 1584 corripitur
743 1534 926 1584 utilitate,
959 1539 1001 1571 ut
1032 1535 1118 1584 paci
1151 1533 1252 1571 unde
1285 1533 1360 1572 dis-

29 1594 190 1632 siluerat
231 1598 444 1643 coaptetur.
507 1591 617 1630 Sicut
649 1593 752 1629 enim
785 1604 861 1629 non
895 1597 954 1629 est
986 1591 1263 1629 beneficentiae
1298 1591 1360 1629 ad-

29 1651 193 1690 iuvando
226 1652 395 1702 efficere,
427 1656 470 1689 ut
501 1650 645 1688 honum
678 1649 780 1699 quod
814 1651 936 1687 maius
969 1655 1028 1687 est
1060 1651 1276 1688 amittatur:
1308 1651 1361 1688 ita

30 1722 106 1747 non
134 1716 192 1747 est
217 1710 460 1747 innocentiae
487 1708 680 1758 parcendo
714 1710 854 1759 sinere,
886 1713 929 1746 ut
960 1709 1009 1746 in⁴
1033 1708 1174 1746 malum
1206 1709 1361 1758 gravius
1387 1714 1430 1745 25

28 1767 231 1806 incidatur.
294 1767 467 1805 Pertinet
500 1779 591 1816 ergo
630 1766 674 1804 ad
708 1768 926 1804 innocentis
959 1767 1150 1818 officium,
1192 1778 1268 1804 non
1301 1779 1359 1804 so-

30 1826 109 1864 lum
142 1827 287 1863 nemini
320 1825 461 1862 malum
493 1826 657 1876 inferre,
688 1836 822 1863 verum
856 1827 971 1862 etiam
1004 1824 1186 1862 cohibere
1220 1836 1238 1862 a
1271 1837 1359 1875 pec-

29 1890 113 1922 cato
145 1883 204 1921 vel
235 1884 374 1934 punire
413 1887 634 1933 peccatum,
671 1890 714 1921 ut
746 1888 812 1921 aut
843 1884 924 1933 ipse
958 1885 1023 1933 qui
1058 1883 1242 1933 plectitur
1276 1895 1359 1920 cor-

30 1944 176 1992 rigatur
216 1943 502 1993 experimentO,
541 1946 606 1979 aut
649 1941 712 1979 alii
750 1947 972 1980 terrcantur
1014 1941 1201 1991 exemplo.
1263 1941 1360 1986 Quia

29 2002 147 2049 igitur
186 2000 354 2037 hominis
393 2000 531 2037 domus
568 2001 722 2038 initium
745 2001 845 2047 ‚sive
887 1999 1093 2050 particula.
1118 1998 1233 2037 (lebet
1273 2011 1359 2038 esse
1385 2006 1430 2036 30

29 2059 217 2109 civitatis,
253 2064 380 2095 'omne
431 2064 559 2095 autem
603 2060 755 2096 initium
805 2058 851 2095 ad
895 2058 1061 2108 aliquem
1102 2059 1161 2095 sui
1205 2059 1360 2107 generis

29 2118 144 2153 linem
176 2122 215 2154 et
246 2118 371 2154 omnis
402 2128 491 2166 pars
525 2116 569 2154 ad
603 2118 791 2167 universi,
823 2117 935 2154 cuius
966 2128 1055 2166 pars
1088 2121 1163 2166 est,
1201 2117 1359 2166 integri-

29 2180 147 2212 tatem
179 2175 368 2222 refertur,
414 2176 506 2211 satis
539 2181 698 2224 apparet
730 2186 815 2212 esse
849 2186 1111 2224 consequenS,
1144 2179 1186 2212 ut
1218 2174 1261 2211 ad
1296 2186 1358 2224 pa-

29 2226 113 2270 cem
146 2234 304 2270 civicam
336 2244 406 2282 pax
441 2232 652 2270 domestica
685 2233 896 2284 referatur,
928 2233 965 2270 id
998 2238 1078 2283 est,
1109 2238 1153 2270 ut
1184 2232 1359 2270 ordinata

28 2290 242 2341 imperandi
280 2289 588 2340 oboediendique
626 2290 832 2340 concordia
871 2290 1176 2329 cohabitantium
1215 2291 1356 2328 refera-
1385 2297 1427 2329 35
