1611 2465
66 772 108 802 10

67 1062 109 1092 15

66 1352 110 1383 20

68 1759 112 1790 25

133 50 220 90 274
668 56 694 82 5.
714 56 929 83 AUGUS'HNI

653 187 804 231 CAPUT
831 188 946 231 XIV.

581 274 639 312 De
671 275 860 321 theoloqis
886 275 1023 321 poetis.

251 356 327 395 Per
353 355 456 393 idem
482 356 672 406 temporis
697 354 944 394 intervallum
976 355 1190 394 extiterunt
1221 361 1371 407 poetae,
1403 357 1470 406 qui

134 417 249 454 etiam
281 413 451 464 theologi
483 412 721 465 dicerentur,
754 414 936 463 quoniam
968 413 1015 451 de
1048 412 1121 451 diis
1153 415 1324 452 carmina
1355 414 1468 452 facie·

134 473 246 523 bant,
292 471 359 509 sed
398 470 540 509 talibus
578 470 672 523 diis,
717 472 783 521 qui
815 470 906 510 licet
938 472 1066 521 magni
1097 470 1296 522 homines,
1341 477 1470 510 tamen

133 531 310 569 homines
350 530 511 568 fuerunt
550 535 615 567 aut
652 529 786 568 mundi
819 528 952 580 huius,
985 541 1100 579 quern
1133 541 1248 567 verus
1281 528 1384 568 Deus
1416 530 1470 567 fe·

134 590 205 638 cit,
251 588 441 626 elementa
489 593 582 626 sunt
621 592 687 625 aut
724 588 764 625 in
802 586 1085 638 principatibus
1129 593 1167 625 et
1209 586 1469 639 potestatibus

133 658 203 697 pro
249 646 446 684 voluntate
491 644 688 684 Creatoris
732 650 770 683 et
814 646 895 683 suis
939 646 1088 684 meritis
1130 639 1398 698 ordinati,set
1438 646 1471 683 si

135 704 227 755 quid
268 703 315 742 de
358 716 436 742 uno
478 715 568 742 vero
610 702 690 741 Deo
734 704 835 741 inter
876 702 996 742 multa
1037 715 1132 742 vana
1170 709 1208 742 et
1247 703 1340 742 salsa
1372 705 1471 742 ceci-

135 764 283 813 nerint,
322 761 483 800 colendo
526 773 616 800 cum
653 760 717 799 illo
750 760 862 813 alios,
901 762 968 812 qui
1000 760 1053 800 dii
1084 773 1162 800 non
1195 767 1303 813 sunt,
1336 763 1470 812 eisque

136 820 354 859 exhibendo
382 819 623 870 famulatum,
657 820 722 871 qui
746 820 813 858 uni
836 825 987 858 tantum
1011 818 1176 858 debetur
1203 818 1299 871 Deo,
1326 831 1406 858 non
1437 821 1472 858 ei

134 880 270 929 utique
297 880 372 917 rite
403 879 625 916 servierunt
656 889 727 915 nec
760 889 780 914 a
812 877 986 916 sabuloso
1019 877 1182 917 deorum
1215 889 1377 917 suorum
1408 877 1472 916 de-

136 937 277 975 decore
318 938 434 974 etiam
480 937 555 987 ipsi
602 948 643 973 se
692 934 886 974 abstinere
927 941 1142 986 potuerunt
1183 957 1237 963 —-
1280 935 1474 987 OrpheuS,

136 994 329 1047 Musaeus,
361 993 523 1040 Linus.
556 992 699 1032 Verum
725 995 790 1031 isti
823 993 992 1044 theologi
1025 993 1117 1032 deos
1143 993 1363 1045 coluerunt,
1395 1005 1472 1032 non

136 1065 207 1103 pro
248 1053 320 1091 diis
359 1052 454 1091 culti
492 1057 600 1103 sunt3
639 1053 813 1101 quamvis
846 1051 1046 1102 Orpheum
1084 1053 1215 1090 nescio
1250 1064 1325 1102 quo
1358 1051 1473 1090 modo

137 1112 301 1149 internis
335 1112 455 1149 sacris
488 1109 546 1148 vel
577 1111 707 1160 potius
741 1109 953 1160 sacrilegiis
986 1110 1197 1161 p1aeficere
1230 1109 1351 1148 soleat
1383 1111 1473 1148 civi·

137 1176 195 1207 tas
227 1170 447 1220 impiorum.
510 1166 615 1206 Uxor
647 1173 777 1205 autem
808 1169 912 1217 regis
944 1168 1200 1219 Athamantis,
1234 1179 1330 1218 quae
1363 1180 1474 1206 voca-

136 1227 251 1265 batur
288 1226 374 1278 Ino,
414 1232 452 1264 et
491 1227 574 1264 eius
614 1225 714 1263 filius
747 1224 966 1264 MeIIcertes
997 1227 1225 1277 praecipitio
1259 1231 1475 1276 spontaneo

137 1287 177 1323 in
222 1286 319 1322 mari
363 1285 568 1336 perierunt.
613 1289 651 1321 et
688 1285 869 1334 opinione
910 1283 1112 1323 hominum
1151 1285 1191 1323 in
1232 1283 1325 1322 deos
1363 1283 1476 1323 relati

139 1348 242 1393 sunt,
275 1344 376 1380 sicut
408 1341 470 1380 alii
502 1342 678 1380 homines
711 1353 847 1381 eorum
881 1347 1120 1394 temporum,
1152 1341 1288 1381 Castor
1320 1347 1358 1380 et
1388 1341 1474 1380 Pol-

138 1402 213 1439 lux.
285 1400 392 1438 lllam
434 1412 526 1439 sane
570 1398 781 1438 Melicertis
826 1406 989 1438 matrem
1034 1399 1283 1439 Leucothean
1326 1399 1476 1452 Graeci,

138 1459 322 1497 Matutam
349 1457 474 1497 Latini
508 1464 755 1509 vocaverunt,
788 1459 942 1508 utrique
975 1463 1104 1497 tamen
1135 1463 1319 1510 putantes
1353 1458 1475 1497 deam.

673 1605 825 1648 CAPUT
857 1606 950 1649 XV.

140 1693 200 1732 De
231 1704 379 1731 occasu
412 1694 531 1740 reqm'
554 1693 807 1739 Arpinorum,
840 1703 916 1740 quo
949 1696 1122 1742 tempore
1153 1692 1264 1742 apud
1294 1691 1476 1730 Lauren-

165 1756 220 1791 tes
253 1751 374 1789 Picus
407 1750 578 1788 Saturni
603 1752 713 1797 filius
745 1761 911 1798 reanum
939 1752 1072 1798 patris
1098 1751 1254 1799 primus
1286 1751 1452 1798 accepit.

256 1831 332 1870 Per
358 1843 403 1870 ea
429 1837 605 1881 tempora
632 1842 794 1880 regnum
822 1830 974 1868 finitum
1001 1836 1060 1868 est
1079 1830 1322 1880 Argivorum,
1347 1835 1472 1868 trans-

140 1891 259 1928 latum
292 1889 337 1927 ad
370 1888 562 1940 Mycenas,
594 1888 697 1926 unde
731 1888 803 1925 suit
829 1888 1105 1938 Agamemnon,
1137 1894 1175 1925 et
1206 1894 1385 1926 exortum
1418 1893 1478 1925 est

140 1960 304 1997 regnum
336 1947 597 1997 Laurentum,
630 1945 696 1983 ubi
731 1946 888 1984 Saturni
920 1946 1021 1983 filius
1052 1945 1169 1984 Picus
1202 1957 1366 1996 regnum
1397 1947 1474 1996 pri-

139 2018 227 2044 mus
269 2006 439 2057 accepit,
479 2004 675 2042 iudicante
721 2003 821 2054 apud
860 2003 1059 2042 Hebraeos
1101 2004 1243 2042 semina
1280 2002 1478 2054 Debbora;

239 2107 295 2148 29)
324 2104 436 2141 ludio.
463 2108 493 2139 5.

240 2213 259 2243 9
288 2208 487 2243 cecinerint
511 2208 563 2252 R;
590 2208 800 2243 cecinerunt
825 2208 881 2242 Av
900 2209 912 2251 ῃ
933 2212 973 2242 17
1000 2207 1207 2242 adamantis
1233 2217 1302 2241 mss
