<?xml version="1.0" encoding="UTF-8"?>
<!DOCTYPE html PUBLIC "-//W3C//DTD XHTML 1.0 Transitional//EN"
    "http://www.w3.org/TR/xhtml1/DTD/xhtml1-transitional.dtd">
<html xmlns="http://www.w3.org/1999/xhtml" xml:lang="en" lang="en">
 <head>
  <title>
</title>
<meta http-equiv="Content-Type" content="text/html;charset=utf-8" />
  <meta name='ocr-system' content='tesseract 3.04.00' />
  <meta name='ocr-capabilities' content='ocr_page ocr_carea ocr_par ocr_line ocrx_word'/>
</head>
<body>
  <div class='ocr_page' id='page_1' title='image "./sanctiaureliiaug02auguuoft_0436.png"; bbox 0 0 1611 2465; ppageno 0'>
   <div class='ocr_carea' id='block_1_1' title="bbox 89 709 130 739">
    <p class='ocr_par' dir='ltr' id='par_1_1' title="bbox 89 709 130 739">
     <span class='ocr_line' id='line_1_1' title="bbox 89 709 130 739; baseline 0.024 -1"><span class='ocrx_word' id='word_1_1' title='bbox 89 709 130 739; x_wconf 92' lang='lat'>10</span> 
     </span>
    </p>
   </div>
   <div class='ocr_carea' id='block_1_2' title="bbox 89 1001 130 1032">
    <p class='ocr_par' dir='ltr' id='par_1_2' title="bbox 89 1001 130 1032">
     <span class='ocr_line' id='line_1_2' title="bbox 89 1001 130 1032; baseline 0 0"><span class='ocrx_word' id='word_1_2' title='bbox 89 1001 130 1032; x_wconf 88' lang='lat'>15</span> 
     </span>
    </p>
   </div>
   <div class='ocr_carea' id='block_1_3' title="bbox 90 1881 133 1912">
    <p class='ocr_par' dir='ltr' id='par_1_3' title="bbox 90 1881 133 1912">
     <span class='ocr_line' id='line_1_3' title="bbox 90 1881 133 1912; baseline 0.023 -1"><span class='ocrx_word' id='word_1_3' title='bbox 90 1881 133 1912; x_wconf 90' lang='lat'>30</span> 
     </span>
    </p>
   </div>
   <div class='ocr_carea' id='block_1_4' title="bbox 156 74 967 115">
    <p class='ocr_par' dir='ltr' id='par_1_4' title="bbox 156 74 967 115">
     <span class='ocr_line' id='line_1_4' title="bbox 156 74 967 115; baseline -0.009 0"><span class='ocrx_word' id='word_1_4' title='bbox 156 74 243 115; x_wconf 84' lang='lat'>430</span> <span class='ocrx_word' id='word_1_5' title='bbox 705 84 731 109; x_wconf 90' lang='lat' dir='ltr'>s.</span> <span class='ocrx_word' id='word_1_6' title='bbox 751 83 967 110; x_wconf 67' lang='lat' dir='ltr'>AUGcsnm</span> 
     </span>
    </p>
   </div>
   <div class='ocr_carea' id='block_1_5' title="bbox 156 173 1495 1572">
    <p class='ocr_par' dir='ltr' id='par_1_5' title="bbox 156 173 1495 1572">
     <span class='ocr_line' id='line_1_5' title="bbox 158 173 1493 225; baseline 0.001 -14"><span class='ocrx_word' id='word_1_7' title='bbox 158 173 250 224; x_wconf 82' lang='lat' dir='ltr'>dici3</span> <span class='ocrx_word' id='word_1_8' title='bbox 293 174 359 212; x_wconf 89' lang='lat' dir='ltr'>sed</span> <span class='ocrx_word' id='word_1_9' title='bbox 403 173 515 211; x_wconf 82' lang='lat' dir='ltr'>sedes</span> <span class='ocrx_word' id='word_1_10' title='bbox 555 175 869 223; x_wconf 85' lang='lat' dir='ltr'>praepositorum</span> <span class='ocrx_word' id='word_1_11' title='bbox 908 180 945 212; x_wconf 81' lang='lat' dir='ltr'>et</span> <span class='ocrx_word' id='word_1_12' title='bbox 982 175 1057 224; x_wconf 88' lang='lat' dir='ltr'>ipsi</span> <span class='ocrx_word' id='word_1_13' title='bbox 1095 175 1306 225; x_wconf 78' lang='lat' dir='ltr'>praepositi</span> <span class='ocrx_word' id='word_1_14' title='bbox 1344 173 1493 212; x_wconf 85' lang='lat' dir='ltr'>intelle-</span> 
     </span>
     <span class='ocr_line' id='line_1_6' title="bbox 157 231 1493 283; baseline 0.001 -14"><span class='ocrx_word' id='word_1_15' title='bbox 157 232 273 282; x_wconf 86' lang='lat' dir='ltr'>gendi</span> <span class='ocrx_word' id='word_1_16' title='bbox 300 238 403 283; x_wconf 83' lang='lat' dir='ltr'>sunt,</span> <span class='ocrx_word' id='word_1_17' title='bbox 435 243 506 282; x_wconf 85' lang='lat' dir='ltr'>per</span> <span class='ocrx_word' id='word_1_18' title='bbox 532 243 630 281; x_wconf 89' lang='lat' dir='ltr'>quos</span> <span class='ocrx_word' id='word_1_19' title='bbox 658 232 821 270; x_wconf 86' lang='lat' dir='ltr'>ecclesia</span> <span class='ocrx_word' id='word_1_20' title='bbox 853 244 957 270; x_wconf 92' lang='lat' dir='ltr'>nunc</span> <span class='ocrx_word' id='word_1_21' title='bbox 990 232 1240 283; x_wconf 84' lang='lat' dir='ltr'>gubernatur.</span> <span class='ocrx_word' id='word_1_22' title='bbox 1303 231 1493 271; x_wconf 83' lang='lat' dir='ltr'>Iudicium</span> 
     </span>
     <span class='ocr_line' id='line_1_7' title="bbox 157 289 1494 343; baseline 0 -14"><span class='ocrx_word' id='word_1_23' title='bbox 157 296 286 329; x_wconf 88' lang='lat' dir='ltr'>autem</span> <span class='ocrx_word' id='word_1_24' title='bbox 329 290 461 328; x_wconf 86' lang='lat' dir='ltr'>datum</span> <span class='ocrx_word' id='word_1_25' title='bbox 500 289 649 328; x_wconf 89' lang='lat' dir='ltr'>nullum</span> <span class='ocrx_word' id='word_1_26' title='bbox 691 290 830 329; x_wconf 86' lang='lat' dir='ltr'>melius</span> <span class='ocrx_word' id='word_1_27' title='bbox 863 291 1131 341; x_wconf 86' lang='lat' dir='ltr'>accipiendum</span> <span class='ocrx_word' id='word_1_28' title='bbox 1164 291 1334 343; x_wconf 76' lang='lat' dir='ltr'>videtur,</span> <span class='ocrx_word' id='word_1_29' title='bbox 1379 303 1494 342; x_wconf 88' lang='lat' dir='ltr'>quam</span> 
     </span>
     <span class='ocr_line' id='line_1_8' title="bbox 157 349 1494 399; baseline 0.001 -12"><span class='ocrx_word' id='word_1_30' title='bbox 157 349 195 387; x_wconf 93' lang='lat' dir='ltr'>id</span> <span class='ocrx_word' id='word_1_31' title='bbox 238 349 339 399; x_wconf 87' lang='lat' dir='ltr'>quod</span> <span class='ocrx_word' id='word_1_32' title='bbox 387 349 534 386; x_wconf 87' lang='lat' dir='ltr'>dictum</span> <span class='ocrx_word' id='word_1_33' title='bbox 579 354 654 387; x_wconf 84' lang='lat' dir='ltr'>est:</span> <span class='ocrx_word' id='word_1_34' title='bbox 705 350 816 396; x_wconf 75' lang='lat' dir='ltr'>Quae</span> <span class='ocrx_word' id='word_1_35' title='bbox 854 352 1075 398; x_wconf 58' lang='lat' dir='ltr'>[macerias</span> <span class='ocrx_word' id='word_1_36' title='bbox 1115 351 1155 388; x_wconf 81' lang='lat' dir='ltr'>in</span> <span class='ocrx_word' id='word_1_37' title='bbox 1196 354 1327 398; x_wconf 81' lang='lat' dir='ltr'>terra,</span> <span class='ocrx_word' id='word_1_38' title='bbox 1367 352 1494 398; x_wconf 71' lang='lat' dir='ltr'>liqata</span> 
     </span>
     <span class='ocr_line' id='line_1_9' title="bbox 157 409 1494 460; baseline 0.001 -15"><span class='ocrx_word' id='word_1_39' title='bbox 157 413 276 446; x_wconf 74' lang='lat' dir='ltr'>erunt</span> <span class='ocrx_word' id='word_1_40' title='bbox 319 413 357 446; x_wconf 81' lang='lat' dir='ltr'>et</span> <span class='ocrx_word' id='word_1_41' title='bbox 399 409 439 446; x_wconf 70' lang='lat' dir='ltr'>in</span> <span class='ocrx_word' id='word_1_42' title='bbox 478 409 613 452; x_wconf 78' lang='lat' dir='ltr'>caelo;</span> <span class='ocrx_word' id='word_1_43' title='bbox 658 412 695 446; x_wconf 86' lang='lat' dir='ltr'>et</span> <span class='ocrx_word' id='word_1_44' title='bbox 732 420 835 456; x_wconf 77' lang='lat' dir='ltr'>qnae</span> <span class='ocrx_word' id='word_1_45' title='bbox 873 410 1069 447; x_wconf 71' lang='lat' dir='ltr'>solveritis</span> <span class='ocrx_word' id='word_1_46' title='bbox 1107 410 1146 446; x_wconf 70' lang='lat' dir='ltr'>in</span> <span class='ocrx_word' id='word_1_47' title='bbox 1189 413 1318 460; x_wconf 80' lang='lat' dir='ltr'>terra,</span> <span class='ocrx_word' id='word_1_48' title='bbox 1362 411 1494 447; x_wconf 79' lang='lat' dir='ltr'>soluta</span> 
     </span>
     <span class='ocr_line' id='line_1_10' title="bbox 157 465 1495 517; baseline 0 -12"><span class='ocrx_word' id='word_1_49' title='bbox 157 470 276 505; x_wconf 76' lang='lat' dir='ltr'>erunt</span> <span class='ocrx_word' id='word_1_50' title='bbox 307 470 345 504; x_wconf 84' lang='lat' dir='ltr'>et</span> <span class='ocrx_word' id='word_1_51' title='bbox 375 468 415 504; x_wconf 73' lang='lat' dir='ltr'>in</span> <span class='ocrx_word' id='word_1_52' title='bbox 449 468 570 504; x_wconf 78' lang='lat' dir='ltr'>caelo.</span> <span class='ocrx_word' id='word_1_53' title='bbox 633 465 742 505; x_wconf 84' lang='lat' dir='ltr'><strong>Unde</strong></span> <span class='ocrx_word' id='word_1_54' title='bbox 775 467 991 517; x_wconf 85' lang='lat' dir='ltr'>apostolus:</span> <span class='ocrx_word' id='word_1_55' title='bbox 1030 468 1135 514; x_wconf 71' lang='lat' dir='ltr'>Quid</span> <span class='ocrx_word' id='word_1_56' title='bbox 1165 469 1267 506; x_wconf 81' lang='lat' dir='ltr'>enim</span> <span class='ocrx_word' id='word_1_57' title='bbox 1298 468 1397 505; x_wconf 74' lang='lat' dir='ltr'>mihi</span> <span class='ocrx_word' id='word_1_58' title='bbox 1426 472 1495 515; x_wconf 81' lang='lat' dir='ltr'>est,</span> 
     </span>
     <span class='ocr_line' id='line_1_11' title="bbox 156 524 1495 576; baseline 0.001 -14"><span class='ocrx_word' id='word_1_59' title='bbox 156 526 301 576; x_wconf 74' lang='lat' dir='ltr'>inquit,</span> <span class='ocrx_word' id='word_1_60' title='bbox 339 526 388 563; x_wconf 82' lang='lat' dir='ltr'>cle</span> <span class='ocrx_word' id='word_1_61' title='bbox 419 526 499 572; x_wconf 77' lang='lat' dir='ltr'>his,</span> <span class='ocrx_word' id='word_1_62' title='bbox 533 527 603 572; x_wconf 74' lang='lat' dir='ltr'>que·</span> <span class='ocrx_word' id='word_1_63' title='bbox 628 524 732 573; x_wconf 76' lang='lat' dir='ltr'>foris</span> <span class='ocrx_word' id='word_1_64' title='bbox 763 531 869 573; x_wconf 81' lang='lat' dir='ltr'>sunt,</span> <span class='ocrx_word' id='word_1_65' title='bbox 911 527 1122 564; x_wconf 74' lang='lat' dir='ltr'>iudicare?</span> <span class='ocrx_word' id='word_1_66' title='bbox 1184 527 1322 564; x_wconf 83' lang='lat' dir='ltr'><strong><em>Nonne</em></strong></span> <span class='ocrx_word' id='word_1_67' title='bbox 1354 527 1403 564; x_wconf 83' lang='lat' dir='ltr'>de</span> <span class='ocrx_word' id='word_1_68' title='bbox 1433 526 1495 564; x_wconf 79' lang='lat' dir='ltr'>his</span> 
     </span>
     <span class='ocr_line' id='line_1_12' title="bbox 157 585 1493 636; baseline 0.001 -15"><span class='ocrx_word' id='word_1_69' title='bbox 157 585 228 631; x_wconf 75' lang='lat' dir='ltr'>qui</span> <span class='ocrx_word' id='word_1_70' title='bbox 257 585 362 622; x_wconf 80' lang='lat' dir='ltr'>intus</span> <span class='ocrx_word' id='word_1_71' title='bbox 393 588 486 622; x_wconf 79' lang='lat' dir='ltr'>sunt</span> <span class='ocrx_word' id='word_1_72' title='bbox 516 595 583 622; x_wconf 82' lang='lat' dir='ltr'>vos</span> <span class='ocrx_word' id='word_1_73' title='bbox 615 585 830 622; x_wconf 77' lang='lat' dir='ltr'>iude&#39;catz&#39;s?</span> <span class='ocrx_word' id='word_1_74' title='bbox 892 585 944 623; x_wconf 85' lang='lat' dir='ltr'>Et</span> <span class='ocrx_word' id='word_1_75' title='bbox 974 587 1143 636; x_wconf 77' lang='lat' dir='ltr'>animae,</span> <span class='ocrx_word' id='word_1_76' title='bbox 1175 585 1313 635; x_wconf 82' lang='lat' dir='ltr'>inquit,</span> <span class='ocrx_word' id='word_1_77' title='bbox 1345 586 1493 624; x_wconf 78' lang='lat' dir='ltr'>occiso-</span> 
     </span>
     <span class='ocr_line' id='line_1_13' title="bbox 156 643 1495 693; baseline 0.001 -13"><span class='ocrx_word' id='word_1_78' title='bbox 156 653 246 680; x_wconf 82' lang='lat' dir='ltr'>rum</span> <span class='ocrx_word' id='word_1_79' title='bbox 279 647 450 691; x_wconf 78' lang='lat' dir='ltr'>propter</span> <span class='ocrx_word' id='word_1_80' title='bbox 486 644 750 681; x_wconf 76' lang='lat' dir='ltr'>testimonium</span> <span class='ocrx_word' id='word_1_81' title='bbox 788 643 880 681; x_wconf 81' lang='lat' dir='ltr'>Iesu</span> <span class='ocrx_word' id='word_1_82' title='bbox 919 648 956 681; x_wconf 83' lang='lat' dir='ltr'>et</span> <span class='ocrx_word' id='word_1_83' title='bbox 988 648 1156 693; x_wconf 78' lang='lat' dir='ltr'>propter</span> <span class='ocrx_word' id='word_1_84' title='bbox 1195 644 1359 682; x_wconf 79' lang='lat' dir='ltr'>verbum</span> <span class='ocrx_word' id='word_1_85' title='bbox 1397 643 1495 689; x_wconf 84' lang='lat' dir='ltr'>Dez&#39;;</span> 
     </span>
     <span class='ocr_line' id='line_1_14' title="bbox 158 700 1495 752; baseline 0.001 -14"><span class='ocrx_word' id='word_1_86' title='bbox 158 700 390 739; x_wconf 82' lang='lat' dir='ltr'>subauditur</span> <span class='ocrx_word' id='word_1_87' title='bbox 428 701 531 751; x_wconf 92' lang='lat' dir='ltr'>quod</span> <span class='ocrx_word' id='word_1_88' title='bbox 570 707 704 752; x_wconf 88' lang='lat' dir='ltr'>postea</span> <span class='ocrx_word' id='word_1_89' title='bbox 744 701 922 740; x_wconf 85' lang='lat' dir='ltr'>dicturus</span> <span class='ocrx_word' id='word_1_90' title='bbox 960 707 1036 740; x_wconf 84' lang='lat' dir='ltr'>est:</span> <span class='ocrx_word' id='word_1_91' title='bbox 1079 702 1368 750; x_wconf 69' lang='lat' dir='ltr'>Reqnaverunt</span> <span class='ocrx_word' id='word_1_92' title='bbox 1406 713 1495 740; x_wconf 80' lang='lat' dir='ltr'>cum</span> 
     </span>
     <span class='ocr_line' id='line_1_15' title="bbox 159 759 1495 811; baseline 0.001 -14"><span class='ocrx_word' id='word_1_93' title='bbox 159 759 250 797; x_wconf 81' lang='lat' dir='ltr'>Iesu</span> <span class='ocrx_word' id='word_1_94' title='bbox 282 762 386 798; x_wconf 74' lang='lat' dir='ltr'>mille</span> <span class='ocrx_word' id='word_1_95' title='bbox 418 763 558 805; x_wconf 74' lang='lat' dir='ltr'>annis‚·</span> <span class='ocrx_word' id='word_1_96' title='bbox 596 761 745 798; x_wconf 87' lang='lat' dir='ltr'>animae</span> <span class='ocrx_word' id='word_1_97' title='bbox 783 760 933 799; x_wconf 88' lang='lat' dir='ltr'>scilicet</span> <span class='ocrx_word' id='word_1_98' title='bbox 969 766 1184 811; x_wconf 80' lang='lat' dir='ltr'>martyrum</span> <span class='ocrx_word' id='word_1_99' title='bbox 1216 760 1388 798; x_wconf 89' lang='lat' dir='ltr'>nondum</span> <span class='ocrx_word' id='word_1_100' title='bbox 1421 759 1495 798; x_wconf 92' lang='lat' dir='ltr'>sibi</span> 
     </span>
     <span class='ocr_line' id='line_1_16' title="bbox 158 817 1494 870; baseline 0.001 -15"><span class='ocrx_word' id='word_1_101' title='bbox 158 817 390 868; x_wconf 80' lang='lat' dir='ltr'>corporibus</span> <span class='ocrx_word' id='word_1_102' title='bbox 441 820 522 857; x_wconf 87' lang='lat' dir='ltr'>suis</span> <span class='ocrx_word' id='word_1_103' title='bbox 566 818 740 857; x_wconf 82' lang='lat' dir='ltr'>redditis.</span> <span class='ocrx_word' id='word_1_104' title='bbox 801 818 937 869; x_wconf 82' lang='lat' dir='ltr'>Neque</span> <span class='ocrx_word' id='word_1_105' title='bbox 988 820 1090 857; x_wconf 85' lang='lat' dir='ltr'>enim</span> <span class='ocrx_word' id='word_1_106' title='bbox 1140 820 1295 870; x_wconf 90' lang='lat' dir='ltr'>piorum</span> <span class='ocrx_word' id='word_1_107' title='bbox 1345 820 1494 857; x_wconf 87' lang='lat' dir='ltr'>animae</span> 
     </span>
     <span class='ocr_line' id='line_1_17' title="bbox 157 877 1495 930; baseline 0.001 -16"><span class='ocrx_word' id='word_1_108' title='bbox 157 882 402 915; x_wconf 88' lang='lat' dir='ltr'>mortuorum</span> <span class='ocrx_word' id='word_1_109' title='bbox 443 883 674 928; x_wconf 80' lang='lat' dir='ltr'>separantur</span> <span class='ocrx_word' id='word_1_110' title='bbox 712 877 758 916; x_wconf 84' lang='lat' dir='ltr'>ab</span> <span class='ocrx_word' id='word_1_111' title='bbox 797 877 978 930; x_wconf 79' lang='lat' dir='ltr'>ecclesia,</span> <span class='ocrx_word' id='word_1_112' title='bbox 1018 889 1115 928; x_wconf 87' lang='lat' dir='ltr'>quae</span> <span class='ocrx_word' id='word_1_113' title='bbox 1150 889 1255 916; x_wconf 88' lang='lat' dir='ltr'>nunc</span> <span class='ocrx_word' id='word_1_114' title='bbox 1287 878 1403 916; x_wconf 85' lang='lat' dir='ltr'>etiam</span> <span class='ocrx_word' id='word_1_115' title='bbox 1436 882 1495 915; x_wconf 90' lang='lat' dir='ltr'>est</span> 
     </span>
     <span class='ocr_line' id='line_1_18' title="bbox 158 935 1494 986; baseline 0 -13"><span class='ocrx_word' id='word_1_116' title='bbox 158 947 322 985; x_wconf 79' lang='lat' dir='ltr'>regnum</span> <span class='ocrx_word' id='word_1_117' title='bbox 349 935 505 974; x_wconf 77' lang='lat' dir='ltr'>Christi.</span> <span class='ocrx_word' id='word_1_118' title='bbox 568 936 748 986; x_wconf 84' lang='lat' dir='ltr'>Alioquin</span> <span class='ocrx_word' id='word_1_119' title='bbox 780 948 853 975; x_wconf 89' lang='lat' dir='ltr'>nec</span> <span class='ocrx_word' id='word_1_120' title='bbox 885 937 930 975; x_wconf 89' lang='lat' dir='ltr'>ad</span> <span class='ocrx_word' id='word_1_121' title='bbox 963 935 1083 974; x_wconf 86' lang='lat' dir='ltr'>altare</span> <span class='ocrx_word' id='word_1_122' title='bbox 1114 935 1184 974; x_wconf 91' lang='lat' dir='ltr'>Dei</span> <span class='ocrx_word' id='word_1_123' title='bbox 1215 936 1326 974; x_wconf 87' lang='lat' dir='ltr'>fieret</span> <span class='ocrx_word' id='word_1_124' title='bbox 1358 947 1494 974; x_wconf 88' lang='lat' dir='ltr'>eorum</span> 
     </span>
     <span class='ocr_line' id='line_1_19' title="bbox 157 992 1493 1046; baseline 0.001 -15"><span class='ocrx_word' id='word_1_125' title='bbox 157 995 345 1031; x_wconf 87' lang='lat' dir='ltr'>memoria</span> <span class='ocrx_word' id='word_1_126' title='bbox 376 996 415 1032; x_wconf 87' lang='lat' dir='ltr'>in</span> <span class='ocrx_word' id='word_1_127' title='bbox 455 996 805 1033; x_wconf 82' lang='lat' dir='ltr'>communicatione</span> <span class='ocrx_word' id='word_1_128' title='bbox 838 992 1014 1046; x_wconf 79' lang='lat' dir='ltr'>corporis</span> <span class='ocrx_word' id='word_1_129' title='bbox 1047 994 1208 1046; x_wconf 80' lang='lat' dir='ltr'>Christi3</span> <span class='ocrx_word' id='word_1_130' title='bbox 1245 1006 1318 1032; x_wconf 86' lang='lat' dir='ltr'>nec</span> <span class='ocrx_word' id='word_1_131' title='bbox 1350 993 1493 1044; x_wconf 87' lang='lat' dir='ltr'>aliquid</span> 
     </span>
     <span class='ocr_line' id='line_1_20' title="bbox 157 1052 1493 1104; baseline 0 -14"><span class='ocrx_word' id='word_1_132' title='bbox 157 1053 362 1103; x_wconf 82' lang='lat' dir='ltr'>prodesset</span> <span class='ocrx_word' id='word_1_133' title='bbox 389 1053 435 1091; x_wconf 83' lang='lat' dir='ltr'>ad</span> <span class='ocrx_word' id='word_1_134' title='bbox 462 1054 546 1091; x_wconf 89' lang='lat' dir='ltr'>eius</span> <span class='ocrx_word' id='word_1_135' title='bbox 573 1052 808 1103; x_wconf 84' lang='lat' dir='ltr'>baptismum</span> <span class='ocrx_word' id='word_1_136' title='bbox 834 1055 872 1091; x_wconf 91' lang='lat' dir='ltr'>in</span> <span class='ocrx_word' id='word_1_137' title='bbox 905 1053 1090 1104; x_wconf 88' lang='lat' dir='ltr'>periculis</span> <span class='ocrx_word' id='word_1_138' title='bbox 1123 1065 1296 1104; x_wconf 83' lang='lat' dir='ltr'>currere,</span> <span class='ocrx_word' id='word_1_139' title='bbox 1329 1064 1377 1091; x_wconf 89' lang='lat' dir='ltr'>ne</span> <span class='ocrx_word' id='word_1_140' title='bbox 1410 1054 1493 1091; x_wconf 87' lang='lat' dir='ltr'>sine</span> 
     </span>
     <span class='ocr_line' id='line_1_21' title="bbox 156 1110 1493 1163; baseline 0 -15"><span class='ocrx_word' id='word_1_141' title='bbox 156 1110 221 1148; x_wconf 93' lang='lat' dir='ltr'>illo</span> <span class='ocrx_word' id='word_1_142' title='bbox 263 1112 419 1149; x_wconf 86' lang='lat' dir='ltr'>finiatur</span> <span class='ocrx_word' id='word_1_143' title='bbox 456 1111 552 1149; x_wconf 88' lang='lat' dir='ltr'>haec</span> <span class='ocrx_word' id='word_1_144' title='bbox 590 1113 682 1163; x_wconf 81' lang='lat' dir='ltr'>vita;</span> <span class='ocrx_word' id='word_1_145' title='bbox 724 1124 796 1150; x_wconf 86' lang='lat' dir='ltr'>nec</span> <span class='ocrx_word' id='word_1_146' title='bbox 836 1111 879 1149; x_wconf 85' lang='lat' dir='ltr'>ad</span> <span class='ocrx_word' id='word_1_147' title='bbox 914 1111 1288 1162; x_wconf 75' lang='lat' dir='ltr'>reconciliationem,</span> <span class='ocrx_word' id='word_1_148' title='bbox 1329 1112 1361 1149; x_wconf 91' lang='lat' dir='ltr'>si</span> <span class='ocrx_word' id='word_1_149' title='bbox 1393 1111 1493 1149; x_wconf 87' lang='lat' dir='ltr'>forte</span> 
     </span>
     <span class='ocr_line' id='line_1_22' title="bbox 156 1169 1494 1220; baseline 0 -13"><span class='ocrx_word' id='word_1_150' title='bbox 156 1181 228 1220; x_wconf 87' lang='lat' dir='ltr'>per</span> <span class='ocrx_word' id='word_1_151' title='bbox 253 1171 530 1220; x_wconf 84' lang='lat' dir='ltr'>paenitentiam</span> <span class='ocrx_word' id='word_1_152' title='bbox 558 1170 742 1208; x_wconf 85' lang='lat' dir='ltr'>malamve</span> <span class='ocrx_word' id='word_1_153' title='bbox 769 1172 1047 1208; x_wconf 80' lang='lat' dir='ltr'>conscientiam</span> <span class='ocrx_word' id='word_1_154' title='bbox 1080 1171 1244 1220; x_wconf 86' lang='lat' dir='ltr'>quisque</span> <span class='ocrx_word' id='word_1_155' title='bbox 1278 1169 1324 1207; x_wconf 86' lang='lat' dir='ltr'>ab</span> <span class='ocrx_word' id='word_1_156' title='bbox 1357 1169 1494 1207; x_wconf 89' lang='lat' dir='ltr'>eodem</span> 
     </span>
     <span class='ocr_line' id='line_1_23' title="bbox 158 1228 1495 1279; baseline 0 -14"><span class='ocrx_word' id='word_1_157' title='bbox 158 1239 323 1277; x_wconf 89' lang='lat' dir='ltr'>corpore</span> <span class='ocrx_word' id='word_1_158' title='bbox 368 1234 570 1279; x_wconf 85' lang='lat' dir='ltr'>separatus</span> <span class='ocrx_word' id='word_1_159' title='bbox 615 1234 685 1267; x_wconf 88' lang='lat' dir='ltr'>est.</span> <span class='ocrx_word' id='word_1_160' title='bbox 748 1228 826 1266; x_wconf 88' lang='lat' dir='ltr'>Cur</span> <span class='ocrx_word' id='word_1_161' title='bbox 870 1230 973 1266; x_wconf 88' lang='lat' dir='ltr'>enim</span> <span class='ocrx_word' id='word_1_162' title='bbox 1014 1229 1112 1266; x_wconf 83' lang='lat' dir='ltr'>fiunt</span> <span class='ocrx_word' id='word_1_163' title='bbox 1153 1230 1246 1279; x_wconf 80' lang='lat' dir='ltr'>ista,</span> <span class='ocrx_word' id='word_1_164' title='bbox 1290 1229 1364 1266; x_wconf 87' lang='lat' dir='ltr'>nisi</span> <span class='ocrx_word' id='word_1_165' title='bbox 1405 1229 1495 1278; x_wconf 87' lang='lat' dir='ltr'>quia</span> 
     </span>
     <span class='ocr_line' id='line_1_24' title="bbox 159 1284 1494 1337; baseline 0 -13"><span class='ocrx_word' id='word_1_166' title='bbox 159 1286 292 1324; x_wconf 86' lang='lat' dir='ltr'>fideles</span> <span class='ocrx_word' id='word_1_167' title='bbox 324 1288 439 1324; x_wconf 88' lang='lat' dir='ltr'>etiam</span> <span class='ocrx_word' id='word_1_168' title='bbox 473 1286 647 1325; x_wconf 82' lang='lat' dir='ltr'>defuncti</span> <span class='ocrx_word' id='word_1_169' title='bbox 685 1286 858 1325; x_wconf 84' lang='lat' dir='ltr'>membra</span> <span class='ocrx_word' id='word_1_170' title='bbox 890 1293 982 1325; x_wconf 86' lang='lat' dir='ltr'>sunt</span> <span class='ocrx_word' id='word_1_171' title='bbox 1013 1284 1126 1325; x_wconf 77' lang='lat' dir='ltr'>eius?</span> <span class='ocrx_word' id='word_1_172' title='bbox 1188 1286 1370 1332; x_wconf 84' lang='lat' dir='ltr'>Quamvis</span> <span class='ocrx_word' id='word_1_173' title='bbox 1402 1298 1494 1337; x_wconf 86' lang='lat' dir='ltr'>ergo</span> 
     </span>
     <span class='ocr_line' id='line_1_25' title="bbox 159 1345 1494 1397; baseline 0 -15"><span class='ocrx_word' id='word_1_174' title='bbox 159 1357 248 1383; x_wconf 89' lang='lat' dir='ltr'>cum</span> <span class='ocrx_word' id='word_1_175' title='bbox 285 1347 367 1383; x_wconf 89' lang='lat' dir='ltr'>suis</span> <span class='ocrx_word' id='word_1_176' title='bbox 407 1345 638 1396; x_wconf 89' lang='lat' dir='ltr'>corporibus</span> <span class='ocrx_word' id='word_1_177' title='bbox 676 1345 866 1397; x_wconf 81' lang='lat' dir='ltr'>nondum,</span> <span class='ocrx_word' id='word_1_178' title='bbox 903 1347 977 1383; x_wconf 84' lang='lat' dir='ltr'>iam</span> <span class='ocrx_word' id='word_1_179' title='bbox 1016 1351 1145 1383; x_wconf 84' lang='lat' dir='ltr'>tamen</span> <span class='ocrx_word' id='word_1_180' title='bbox 1178 1357 1313 1383; x_wconf 87' lang='lat' dir='ltr'>eorum</span> <span class='ocrx_word' id='word_1_181' title='bbox 1345 1346 1494 1383; x_wconf 86' lang='lat' dir='ltr'>animae</span> 
     </span>
     <span class='ocr_line' id='line_1_26' title="bbox 158 1402 1493 1455; baseline 0 -14"><span class='ocrx_word' id='word_1_182' title='bbox 158 1409 323 1454; x_wconf 81' lang='lat' dir='ltr'>regnant</span> <span class='ocrx_word' id='word_1_183' title='bbox 363 1415 451 1442; x_wconf 87' lang='lat' dir='ltr'>cum</span> <span class='ocrx_word' id='word_1_184' title='bbox 490 1404 572 1455; x_wconf 83' lang='lat' dir='ltr'>illo,</span> <span class='ocrx_word' id='word_1_185' title='bbox 611 1403 703 1442; x_wconf 90' lang='lat' dir='ltr'>dum</span> <span class='ocrx_word' id='word_1_186' title='bbox 742 1406 806 1442; x_wconf 89' lang='lat' dir='ltr'>isti</span> <span class='ocrx_word' id='word_1_187' title='bbox 838 1405 928 1442; x_wconf 86' lang='lat' dir='ltr'>anni</span> <span class='ocrx_word' id='word_1_188' title='bbox 960 1403 1061 1442; x_wconf 87' lang='lat' dir='ltr'>mille</span> <span class='ocrx_word' id='word_1_189' title='bbox 1095 1403 1321 1442; x_wconf 82' lang='lat' dir='ltr'>decurrunt.</span> <span class='ocrx_word' id='word_1_190' title='bbox 1384 1402 1493 1441; x_wconf 87' lang='lat' dir='ltr'>Unde</span> 
     </span>
     <span class='ocr_line' id='line_1_27' title="bbox 158 1461 1494 1512; baseline 0.001 -13"><span class='ocrx_word' id='word_1_191' title='bbox 158 1463 197 1500; x_wconf 88' lang='lat' dir='ltr'>in</span> <span class='ocrx_word' id='word_1_192' title='bbox 230 1461 303 1500; x_wconf 88' lang='lat' dir='ltr'>hoc</span> <span class='ocrx_word' id='word_1_193' title='bbox 336 1461 472 1500; x_wconf 87' lang='lat' dir='ltr'>eodem</span> <span class='ocrx_word' id='word_1_194' title='bbox 505 1462 603 1500; x_wconf 86' lang='lat' dir='ltr'>libro</span> <span class='ocrx_word' id='word_1_195' title='bbox 637 1468 675 1501; x_wconf 87' lang='lat' dir='ltr'>et</span> <span class='ocrx_word' id='word_1_196' title='bbox 707 1462 796 1500; x_wconf 79' lang='lat' dir='ltr'>alibi</span> <span class='ocrx_word' id='word_1_197' title='bbox 827 1462 986 1512; x_wconf 84' lang='lat' dir='ltr'>legitur:</span> <span class='ocrx_word' id='word_1_198' title='bbox 1019 1463 1136 1500; x_wconf 76' lang='lat' dir='ltr'>Beati</span> <span class='ocrx_word' id='word_1_199' title='bbox 1165 1464 1321 1509; x_wconf 77' lang='lat' dir='ltr'>mortui,</span> <span class='ocrx_word' id='word_1_200' title='bbox 1354 1464 1424 1510; x_wconf 82' lang='lat' dir='ltr'>qui</span> <span class='ocrx_word' id='word_1_201' title='bbox 1454 1464 1494 1500; x_wconf 80' lang='lat' dir='ltr'>in</span> 
     </span>
     <span class='ocr_line' id='line_1_28' title="bbox 158 1521 1492 1572; baseline 0.001 -14"><span class='ocrx_word' id='word_1_202' title='bbox 158 1521 326 1559; x_wconf 69' lang='lat' dir='ltr'>Domino</span> <span class='ocrx_word' id='word_1_203' title='bbox 362 1523 590 1559; x_wconf 73' lang='lat' dir='ltr'>moriuntur</span> <span class='ocrx_word' id='word_1_204' title='bbox 623 1523 774 1560; x_wconf 80' lang='lat' dir='ltr'>amodo.</span> <span class='ocrx_word' id='word_1_205' title='bbox 838 1522 970 1559; x_wconf 72' lang='lat' dir='ltr'>Ellam</span> <span class='ocrx_word' id='word_1_206' title='bbox 1004 1522 1102 1559; x_wconf 74' lang='lat' dir='ltr'>dicit</span> <span class='ocrx_word' id='word_1_207' title='bbox 1134 1522 1325 1572; x_wconf 75' lang='lat' dir='ltr'>Spirilus,</span> <span class='ocrx_word' id='word_1_208' title='bbox 1357 1525 1402 1559; x_wconf 82' lang='lat' dir='ltr'>ut</span> <span class='ocrx_word' id='word_1_209' title='bbox 1431 1532 1492 1559; x_wconf 83' lang='lat' dir='ltr'>re-</span> 
     </span>
    </p>
   </div>
   <div class='ocr_carea' id='block_1_6' title="bbox 114 1580 1495 1628">
    <p class='ocr_par' dir='ltr' id='par_1_6' title="bbox 114 1580 1495 1628">
     <span class='ocr_line' id='line_1_29' title="bbox 114 1580 1495 1628; baseline -0.001 -10"><span class='ocrx_word' id='word_1_210' title='bbox 114 1588 126 1595; x_wconf 62' lang='lat'><em>*</em></span> <span class='ocrx_word' id='word_1_211' title='bbox 158 1581 368 1627; x_wconf 71' lang='lat' dir='ltr'>quiescant</span> <span class='ocrx_word' id='word_1_212' title='bbox 398 1591 423 1618; x_wconf 84' lang='grc' dir='ltr'><em>α</em></span> <span class='ocrx_word' id='word_1_213' title='bbox 455 1580 658 1618; x_wconf 79' lang='lat' dir='ltr'>laboribus</span> <span class='ocrx_word' id='word_1_214' title='bbox 689 1582 794 1625; x_wconf 72' lang='lat' dir='ltr'>suis;</span> <span class='ocrx_word' id='word_1_215' title='bbox 825 1591 918 1618; x_wconf 75' lang='lat' dir='ltr'>nam</span> <span class='ocrx_word' id='word_1_216' title='bbox 950 1591 1073 1628; x_wconf 84' lang='lat' dir='ltr'>opera</span> <span class='ocrx_word' id='word_1_217' title='bbox 1105 1591 1242 1618; x_wconf 83' lang='lat' dir='ltr'>eorum</span> <span class='ocrx_word' id='word_1_218' title='bbox 1272 1583 1495 1627; x_wconf 78' lang='lat' dir='ltr'>sequuntur</span> 
     </span>
    </p>
   </div>
   <div class='ocr_carea' id='block_1_7' title="bbox 158 1637 1494 1981">
    <p class='ocr_par' dir='ltr' id='par_1_7' title="bbox 158 1637 1494 1981">
     <span class='ocr_line' id='line_1_30' title="bbox 158 1637 1494 1689; baseline -0.001 -12"><span class='ocrx_word' id='word_1_219' title='bbox 158 1650 234 1677; x_wconf 82' lang='lat' dir='ltr'>eos.</span> <span class='ocrx_word' id='word_1_220' title='bbox 297 1638 446 1689; x_wconf 81' lang='lat' dir='ltr'>Regnat</span> <span class='ocrx_word' id='word_1_221' title='bbox 483 1639 614 1689; x_wconf 83' lang='lat' dir='ltr'>itaque</span> <span class='ocrx_word' id='word_1_222' title='bbox 659 1650 747 1676; x_wconf 91' lang='lat' dir='ltr'>cum</span> <span class='ocrx_word' id='word_1_223' title='bbox 787 1637 942 1676; x_wconf 85' lang='lat' dir='ltr'>Christo</span> <span class='ocrx_word' id='word_1_224' title='bbox 981 1649 1085 1676; x_wconf 89' lang='lat' dir='ltr'>nunc</span> <span class='ocrx_word' id='word_1_225' title='bbox 1122 1640 1292 1689; x_wconf 88' lang='lat' dir='ltr'>primum</span> <span class='ocrx_word' id='word_1_226' title='bbox 1331 1637 1494 1676; x_wconf 89' lang='lat' dir='ltr'>ecclesia</span> 
     </span>
     <span class='ocr_line' id='line_1_31' title="bbox 158 1696 1493 1748; baseline -0.001 -13"><span class='ocrx_word' id='word_1_227' title='bbox 158 1699 198 1735; x_wconf 89' lang='lat' dir='ltr'>in</span> <span class='ocrx_word' id='word_1_228' title='bbox 229 1698 325 1735; x_wconf 86' lang='lat' dir='ltr'>vivis</span> <span class='ocrx_word' id='word_1_229' title='bbox 357 1702 395 1734; x_wconf 88' lang='lat' dir='ltr'>et</span> <span class='ocrx_word' id='word_1_230' title='bbox 427 1698 603 1735; x_wconf 87' lang='lat' dir='ltr'>mortuis.</span> <span class='ocrx_word' id='word_1_231' title='bbox 667 1697 889 1745; x_wconf 75' lang='lat' dir='ltr'>Propterea</span> <span class='ocrx_word' id='word_1_232' title='bbox 922 1698 1043 1748; x_wconf 78' lang='lat' dir='ltr'>enim,</span> <span class='ocrx_word' id='word_1_233' title='bbox 1085 1698 1187 1734; x_wconf 85' lang='lat' dir='ltr'>sicut</span> <span class='ocrx_word' id='word_1_234' title='bbox 1218 1696 1311 1734; x_wconf 82' lang='lat' dir='ltr'>dicit</span> <span class='ocrx_word' id='word_1_235' title='bbox 1342 1701 1493 1747; x_wconf 84' lang='lat' dir='ltr'>aposto·</span> 
     </span>
     <span class='ocr_line' id='line_1_32' title="bbox 158 1756 1494 1807; baseline -0.001 -14"><span class='ocrx_word' id='word_1_236' title='bbox 158 1756 237 1807; x_wconf 84' lang='lat' dir='ltr'>lus,</span> <span class='ocrx_word' id='word_1_237' title='bbox 275 1760 454 1794; x_wconf 75' lang='lat' dir='ltr'>mortuus</span> <span class='ocrx_word' id='word_1_238' title='bbox 492 1761 551 1794; x_wconf 78' lang='lat' dir='ltr'>est</span> <span class='ocrx_word' id='word_1_239' title='bbox 586 1756 783 1803; x_wconf 72' lang='lat' dir='ltr'>Christus,</span> <span class='ocrx_word' id='word_1_240' title='bbox 823 1760 866 1793; x_wconf 79' lang='lat' dir='ltr'>ut</span> <span class='ocrx_word' id='word_1_241' title='bbox 903 1759 941 1794; x_wconf 81' lang='lat' dir='ltr'>et</span> <span class='ocrx_word' id='word_1_242' title='bbox 970 1757 1148 1793; x_wconf 71' lang='lat' dir='ltr'>vivorum</span> <span class='ocrx_word' id='word_1_243' title='bbox 1179 1759 1219 1793; x_wconf 81' lang='lat' dir='ltr'>et</span> <span class='ocrx_word' id='word_1_244' title='bbox 1248 1759 1494 1793; x_wconf 79' lang='lat' dir='ltr'>mortuorum</span> 
     </span>
     <span class='ocr_line' id='line_1_33' title="bbox 160 1813 1493 1864; baseline -0.002 -12"><span class='ocrx_word' id='word_1_245' title='bbox 160 1816 395 1853; x_wconf 76' lang='lat' dir='ltr'>dominetur.</span> <span class='ocrx_word' id='word_1_246' title='bbox 454 1813 528 1851; x_wconf 88' lang='lat' dir='ltr'>Sed</span> <span class='ocrx_word' id='word_1_247' title='bbox 557 1814 642 1851; x_wconf 87' lang='lat' dir='ltr'>ideo</span> <span class='ocrx_word' id='word_1_248' title='bbox 678 1813 944 1852; x_wconf 84' lang='lat' dir='ltr'>tantummodo</span> <span class='ocrx_word' id='word_1_249' title='bbox 979 1819 1192 1864; x_wconf 70' lang='lat' dir='ltr'>martyrum</span> <span class='ocrx_word' id='word_1_250' title='bbox 1219 1814 1364 1851; x_wconf 87' lang='lat' dir='ltr'>animas</span> <span class='ocrx_word' id='word_1_251' title='bbox 1391 1824 1493 1850; x_wconf 91' lang='lat' dir='ltr'>com-</span> 
     </span>
     <span class='ocr_line' id='line_1_34' title="bbox 160 1872 1494 1924; baseline -0.002 -13"><span class='ocrx_word' id='word_1_252' title='bbox 160 1874 398 1924; x_wconf 78' lang='lat' dir='ltr'>memoravit,</span> <span class='ocrx_word' id='word_1_253' title='bbox 431 1873 519 1922; x_wconf 90' lang='lat' dir='ltr'>quia</span> <span class='ocrx_word' id='word_1_254' title='bbox 547 1873 619 1922; x_wconf 89' lang='lat' dir='ltr'>ipsi</span> <span class='ocrx_word' id='word_1_255' title='bbox 646 1874 854 1922; x_wconf 84' lang='lat' dir='ltr'>praecipue</span> <span class='ocrx_word' id='word_1_256' title='bbox 887 1877 1050 1922; x_wconf 83' lang='lat' dir='ltr'>regnant</span> <span class='ocrx_word' id='word_1_257' title='bbox 1083 1872 1238 1922; x_wconf 81' lang='lat' dir='ltr'>mortui,</span> <span class='ocrx_word' id='word_1_258' title='bbox 1270 1873 1337 1921; x_wconf 87' lang='lat' dir='ltr'>qui</span> <span class='ocrx_word' id='word_1_259' title='bbox 1368 1883 1494 1921; x_wconf 91' lang='lat' dir='ltr'>usque</span> 
     </span>
     <span class='ocr_line' id='line_1_35' title="bbox 159 1929 1494 1981; baseline -0.001 -12"><span class='ocrx_word' id='word_1_260' title='bbox 159 1931 204 1970; x_wconf 87' lang='lat' dir='ltr'>ad</span> <span class='ocrx_word' id='word_1_261' title='bbox 244 1937 410 1969; x_wconf 79' lang='lat' dir='ltr'>mortem</span> <span class='ocrx_word' id='word_1_262' title='bbox 451 1942 521 1981; x_wconf 89' lang='lat' dir='ltr'>pro</span> <span class='ocrx_word' id='word_1_263' title='bbox 561 1932 722 1968; x_wconf 79' lang='lat' dir='ltr'>veritate</span> <span class='ocrx_word' id='word_1_264' title='bbox 762 1935 973 1968; x_wconf 85' lang='lat' dir='ltr'>certarunt.</span> <span class='ocrx_word' id='word_1_265' title='bbox 1046 1929 1120 1967; x_wconf 88' lang='lat' dir='ltr'>Sed</span> <span class='ocrx_word' id='word_1_266' title='bbox 1160 1941 1180 1966; x_wconf 88' lang='lat' dir='ltr'>a</span> <span class='ocrx_word' id='word_1_267' title='bbox 1218 1934 1327 1979; x_wconf 85' lang='lat' dir='ltr'>parte</span> <span class='ocrx_word' id='word_1_268' title='bbox 1369 1934 1494 1968; x_wconf 81' lang='lat' dir='ltr'>totum</span> 
     </span>
    </p>
   </div>
   <div class='ocr_carea' id='block_1_8' title="bbox 162 2030 1493 2121">
    <p class='ocr_par' dir='ltr' id='par_1_8' title="bbox 162 2030 1493 2121">
     <span class='ocr_line' id='line_1_36' title="bbox 253 2030 1493 2074; baseline 0 -8"><span class='ocrx_word' id='word_1_269' title='bbox 253 2034 287 2073; x_wconf 81' lang='lat'>6)</span> <span class='ocrx_word' id='word_1_270' title='bbox 307 2032 370 2066; x_wconf 75' lang='lat' dir='ltr'>Mt.</span> <span class='ocrx_word' id='word_1_271' title='bbox 395 2034 448 2070; x_wconf 83' lang='lat'>18,</span> <span class='ocrx_word' id='word_1_272' title='bbox 480 2034 531 2065; x_wconf 86' lang='lat'>18.</span> <span class='ocrx_word' id='word_1_273' title='bbox 583 2032 617 2074; x_wconf 80' lang='lat' dir='ltr'>s)</span> <span class='ocrx_word' id='word_1_274' title='bbox 649 2035 678 2064; x_wconf 92' lang='lat'>1.</span> <span class='ocrx_word' id='word_1_275' title='bbox 709 2030 788 2066; x_wconf 85' lang='lat' dir='ltr'>Cor.</span> <span class='ocrx_word' id='word_1_276' title='bbox 818 2034 850 2074; x_wconf 86' lang='lat'>5,</span> <span class='ocrx_word' id='word_1_277' title='bbox 879 2034 931 2065; x_wconf 83' lang='lat'>12.</span> <span class='ocrx_word' id='word_1_278' title='bbox 984 2031 1018 2073; x_wconf 84' lang='lat'>9)</span> <span class='ocrx_word' id='word_1_279' title='bbox 1047 2030 1160 2074; x_wconf 80' lang='lat' dir='ltr'>Apoc.</span> <span class='ocrx_word' id='word_1_280' title='bbox 1192 2033 1247 2073; x_wconf 81' lang='lat'>20,</span> <span class='ocrx_word' id='word_1_281' title='bbox 1275 2033 1307 2065; x_wconf 87' lang='lat'>4.</span> <span class='ocrx_word' id='word_1_282' title='bbox 1358 2032 1416 2074; x_wconf 81' lang='lat'>26)</span> <span class='ocrx_word' id='word_1_283' title='bbox 1442 2030 1493 2066; x_wconf 87' lang='lat' dir='ltr'>Ib.</span> 
     </span>
     <span class='ocr_line' id='line_1_37' title="bbox 162 2079 678 2121; baseline -0.002 -8"><span class='ocrx_word' id='word_1_284' title='bbox 162 2083 214 2121; x_wconf 74' lang='lat'>14,</span> <span class='ocrx_word' id='word_1_285' title='bbox 244 2084 297 2113; x_wconf 85' lang='lat'>13.</span> <span class='ocrx_word' id='word_1_286' title='bbox 349 2080 407 2121; x_wconf 74' lang='lat'>29)</span> <span class='ocrx_word' id='word_1_287' title='bbox 433 2079 536 2112; x_wconf 76' lang='lat' dir='ltr'>Rom.</span> <span class='ocrx_word' id='word_1_288' title='bbox 566 2081 620 2119; x_wconf 84' lang='lat'>14,</span> <span class='ocrx_word' id='word_1_289' title='bbox 648 2082 678 2112; x_wconf 84' lang='lat'>9.</span> 
     </span>
    </p>
   </div>
   <div class='ocr_carea' id='block_1_9' title="bbox 332 2164 437 2167">
    <p class='ocr_par' dir='ltr' id='par_1_9' title="bbox 332 2164 437 2167">
     <span class='ocr_line' id='line_1_38' title="bbox 332 2164 437 2167; baseline 0 0"><span class='ocrx_word' id='word_1_290' title='bbox 332 2164 437 2167; x_wconf 95' lang='lat' dir='ltr'> </span> 
     </span>
    </p>
   </div>
   <div class='ocr_carea' id='block_1_10' title="bbox 157 2205 1492 2297">
    <p class='ocr_par' dir='ltr' id='par_1_10' title="bbox 157 2205 1492 2297">
     <span class='ocr_line' id='line_1_39' title="bbox 257 2205 1492 2251; baseline -0.002 -10"><span class='ocrx_word' id='word_1_291' title='bbox 257 2216 296 2241; x_wconf 75' lang='lat' dir='ltr'>lo</span> <span class='ocrx_word' id='word_1_292' title='bbox 329 2208 366 2241; x_wconf 80' lang='lat' dir='ltr'>iu</span> <span class='ocrx_word' id='word_1_293' title='bbox 398 2206 506 2251; x_wconf 78' lang='lat' dir='ltr'>peric.</span> <span class='ocrx_word' id='word_1_294' title='bbox 540 2206 641 2250; x_wconf 70' lang='lat' dir='ltr'>bapt.</span> <span class='ocrx_word' id='word_1_295' title='bbox 668 2217 687 2240; x_wconf 66' lang='grc' dir='ltr'>ν</span> <span class='ocrx_word' id='word_1_296' title='bbox 726 2207 737 2250; x_wconf 91' lang='grc' dir='ltr'>ΙΙ</span> <span class='ocrx_word' id='word_1_297' title='bbox 775 2210 818 2240; x_wconf 75' lang='lat'>24</span> <span class='ocrx_word' id='word_1_298' title='bbox 850 2205 1064 2241; x_wconf 75' lang='lat' dir='ltr'>moriuntur.</span> <span class='ocrx_word' id='word_1_299' title='bbox 1098 2205 1230 2240; x_wconf 83' lang='lat' dir='ltr'>amodo</span> <span class='ocrx_word' id='word_1_300' title='bbox 1265 2206 1376 2240; x_wconf 74' lang='lat' dir='ltr'>etiam</span> <span class='ocrx_word' id='word_1_301' title='bbox 1402 2205 1492 2248; x_wconf 72' lang='lat' dir='ltr'>BA,-</span> 
     </span>
     <span class='ocr_line' id='line_1_40' title="bbox 157 2252 984 2297; baseline -0.004 -8"><span class='ocrx_word' id='word_1_302' title='bbox 157 2255 373 2297; x_wconf 78' lang='lat' dir='ltr'>moriuntur,</span> <span class='ocrx_word' id='word_1_303' title='bbox 399 2254 530 2287; x_wconf 82' lang='lat' dir='ltr'>amodo</span> <span class='ocrx_word' id='word_1_304' title='bbox 558 2255 594 2288; x_wconf 76' lang='lat' dir='ltr'>ct</span> <span class='ocrx_word' id='word_1_305' title='bbox 618 2253 691 2287; x_wconf 77' lang='lat' dir='ltr'>iam</span> <span class='ocrx_word' id='word_1_306' title='bbox 717 2254 830 2297; x_wconf 58' lang='grc'>211126</span> <span class='ocrx_word' id='word_1_307' title='bbox 856 2252 939 2287; x_wconf 84' lang='lat' dir='ltr'>illos</span> <span class='ocrx_word' id='word_1_308' title='bbox 964 2264 984 2286; x_wconf 88' lang='lat' dir='ltr'><strong><em>v</em></strong></span> 
     </span>
    </p>
   </div>
  </div>
 </body>
</html>
