1548 2562
399 152 452 176 DE
471 150 657 176 CIVITATE
676 152 746 176 DEI
766 152 797 176 L.
818 152 881 176 xx.
902 151 930 176 c.
951 153 991 176 14.
1012 153 1052 177 15.
1311 140 1394 180 441

67 239 180 291 paulo
217 245 306 278 ante
343 246 544 291 posuerat:
584 240 635 278 Et
673 242 844 279 iudicati
881 246 973 279 sunt
1002 242 1151 288 singule*
1180 240 1397 277 secundum

64 298 180 347 facta
211 310 295 336 sua.
357 297 439 336 Hoc
477 302 536 336 est
573 299 677 336 enim
717 298 820 348 quod
858 310 976 350 supra
1007 298 1177 336 dixerat:
1213 298 1265 335 Et
1295 298 1397 336 iude·-

67 359 153 395 catz'
179 361 273 395 sunt
302 358 450 395 mortui
478 358 695 395 secundum
722 356 838 404 facta
868 369 953 396 sua.

597 504 748 548 CAPUT
780 506 873 549 XV.

103 592 181 637 Qui
208 593 287 629 sint
317 593 474 642 mortui,
505 602 603 638 quos
634 593 690 630 ad
719 593 911 630 iudicium
944 592 1127 629 exhibuit
1156 602 1279 638 mare,
1311 592 1374 629 vel
1425 597 1446 629 5

357 660 452 697 quos
484 661 590 687 mors
621 653 658 688 et
690 649 815 697 inferi
843 651 1119 688 reddiderunt.

187 729 262 768 Sed
296 731 361 780 qui
393 735 484 768 sunt
509 731 666 781 mortui,
699 742 796 780 quos
829 730 1004 769 exhihuit
1035 743 1152 782 mare,
1185 732 1251 781 qui
1282 732 1322 769 in
1355 742 1400 769 eo

69 786 207 827 erant‘?
267 789 402 839 Neque
429 790 533 826 enim
565 790 632 838 qui
662 790 702 826 in
735 790 831 826 mari
862 790 1096 840 moriuntur,
1128 801 1205 826 non
1239 794 1330 827 sunt
1361 790 1401 826 in

67 848 244 899 inferno,
276 852 342 885 aut
373 858 538 897 corpora
570 858 707 885 eorum
739 852 943 885 servantur
974 849 1013 885 in
1047 848 1156 899 mari,
1187 853 1264 894 aut,
1297 846 1401 897 quod

70 912 129 944 est
166 905 394 956 absurdius,
432 917 537 943 mare
578 904 743 943 hahebat
779 904 902 943 honos
946 911 1120 944 mortuos
1153 911 1192 944 et
1222 906 1401 943 infernus
1430 913 1472 943 10

69 963 201 1002 malos.
264 963 358 1008 Quis
395 963 469 1001 hoc
505 961 727 1014 putaverit?
795 962 870 1001 Sed
907 964 1083 1013 profecto
1125 965 1402 1001 convenienter

70 1022 226 1072 quidam
252 1022 325 1059 hoc
352 1021 436 1059 loeo
462 1033 568 1059 mare
595 1033 664 1072 pro
697 1023 772 1060 isto
805 1022 958 1059 saeculo
990 1023 1162 1072 positum
1195 1023 1401 1072 accipiunt.

70 1080 167 1119 Cum
199 1092 291 1130 ergo
330 1085 369 1118 et
406 1092 503 1130 quos
535 1079 597 1117 hie
629 1081 800 1118 inveniet
832 1079 1010 1118 Christus
1042 1082 1082 1118 in
1115 1092 1279 1130 corpore
1312 1091 1400 1118 eon-

70 1140 228 1177 stitutos
260 1137 374 1176 simul
406 1138 641 1188 significaret
673 1150 762 1176 cum
794 1139 867 1189 eis,
906 1140 973 1188 qui
1003 1140 1268 1177 resurrecturi
1300 1144 1402 1188 sunt,

68 1196 313 1247 iudicandos,
345 1197 460 1234 etiam
491 1198 597 1246 ipsos
629 1202 804 1234 mortuos
836 1196 1050 1248 appellavit,
1082 1202 1121 1235 et
1152 1196 1287 1248 bonos,
1319 1198 1401 1246 qui·
1431 1204 1472 1235 15

68 1254 142 1293 hus
174 1255 334 1293 dieitur:
367 1254 523 1293 Mortui
551 1257 655 1293 enim
686 1257 789 1301 εετιέ,
822 1260 861 1293 et
890 1257 971 1293 vita
1003 1260 1135 1293 vestra
1167 1257 1402 1293 abscondita

70 1317 127 1351 est
169 1324 259 1351 cum
308 1313 463 1351 Christo
501 1315 542 1352 in
574 1314 677 1360 Deo,
723 1318 761 1351 et
798 1313 936 1364 malos,
980 1312 1027 1351 de
1066 1313 1210 1363 quibus
1242 1313 1403 1351 dieitur:

70 1372 166 1409 Sine
208 1376 384 1409 mortuos
433 1373 602 1420 sepelire
650 1376 825 1409 mortuos
867 1383 969 1410 suos.
1042 1371 1213 1410 Possunt
1258 1372 1403 1409 mortui

70 1431 185 1468 etiam
225 1434 387 1480 propter
424 1428 497 1467 hoc
539 1429 638 1481 dici,
683 1429 785 1479 quod
827 1429 1003 1467 mortalia
1040 1435 1182 1480 gerunt
1220 1442 1402 1481 corpora3

70 1487 172 1526 unde
200 1487 413 1538 apostolus:
450 1488 600 1537 Corpus
626 1490 793 1536 quidem,
825 1489 962 1539 inquit,
993 1493 1190 1526 mortuum
1223 1493 1281 1527 est
1306 1500 1400 1536 pro·
1428 1497 1473 1527 20

65 1551 158 1595 pter
185 1551 419 1595 peccalzmm
450 1548 614 1595 spiritus
641 1552 772 1585 autem
804 1549 884 1584 vita
916 1551 974 1585 est
1000 1551 1167 1595 propter
1200 1549 1403 1594 iustitiam,

71 1610 282 1654 utrumque
320 1605 360 1642 in
398 1604 553 1642 homine
592 1606 741 1642 vivente
779 1609 894 1655 atque
933 1605 973 1642 in
1010 1604 1084 1642 hoc
1116 1616 1280 1655 corpore
1313 1616 1403 1642 con-

71 1664 207 1700 stituto
239 1674 324 1700 esse
363 1662 647 1714 demonstrans,
679 1668 717 1700 et
749 1675 891 1713 corpus
923 1669 1121 1701 mortuum
1153 1668 1192 1701 et
1223 1664 1404 1713 spiritum

70 1722 198 1758 vitam.
259 1720 340 1758 Nec
380 1726 509 1759 tamen
551 1721 648 1759 dixit
686 1732 828 1771 corpus
870 1721 1052 1772 mortale,
1093 1720 1159 1759 sed
1193 1726 1403 1773 mortuum,

71 1779 247 1829 quamvis
286 1778 419 1816 eadem
457 1778 571 1830 paulo
603 1784 691 1829 post
723 1780 838 1817 etiam
869 1779 1043 1817 mortalia
1077 1791 1260 1831 corpora,
1302 1780 1403 1817 sicut
1428 1785 1472 1816 25

72 1838 254 1875 usitatius
293 1843 497 1889 vocantur,
539 1837 714 1887 appellet.
776 1837 855 1875 Hos
897 1849 988 1887 ergo
1021 1843 1197 1876 mortuos
1229 1837 1405 1876 exhihuit

71 1907 189 1946 mare,
221 1896 288 1945 qui
319 1896 359 1933 in
391 1907 436 1933 eo
469 1901 598 1946 erant,
629 1895 666 1933 id
700 1902 770 1947 est,
802 1895 977 1934 exhihuit
1007 1895 1185 1933 homines
1216 1895 1290 1933 hoc
1322 1908 1402 1933 sae-

71 1953 223 2005 culum,
268 1955 503 2004 quicumque
542 1955 581 1992 in
622 1965 667 1991 eo
702 1960 828 2005 erant,
874 1955 963 2004 quia
1001 1954 1173 1992 nondum
1215 1953 1402 1992 obierant.

71 2011 123 2049 Et
153 2023 259 2050 mors
291 2016 329 2049 et
360 2011 559 2060 infernus,
597 2013 741 2062 inquit,
779 2014 1046 2051 reddiderunt
1075 2016 1266 2058 mortuos,
1307 2023 1404 2060 quos

72 2071 112 2107 in
143 2081 185 2108 se
216 2070 426 2108 habebant.
488 2069 592 2108 Mare
626 2069 816 2121 exhibuit,
849 2072 958 2120 quia,
991 2071 1091 2108 sicut
1121 2071 1268 2108 inventi
1300 2076 1403 2123 sunt,
1429 2077 1473 2108 30

166 2184 222 2225 17)
249 2181 324 2216 Col.
351 2184 384 2224 3,
411 2184 442 2216 3.
496 2182 552 2224 18)
578 2180 641 2216 Mt.
669 2184 701 2225 8,
728 2185 782 2217 22.
834 2184 891 2226 21)
917 2182 1021 2216 Rom.
1047 2184 1080 2225 8,
1108 2185 1161 2216 10.

165 2313 209 2343 14
233 2309 278 2343 iis
304 2319 323 2343 v
