1495 2489
65 448 84 479 5

45 742 86 771 10

111 108 167 148 46
647 117 672 143 s.
692 116 911 143 Aueusmnu

110 206 255 245 donum
281 219 365 245 esse
393 207 628 257 nuptiarum,
660 217 754 255 quas
786 205 889 244 Deus
921 212 1007 244 ante
1039 213 1242 258 peccatum
1273 207 1441 247 hominis

110 265 156 302 ab
194 267 304 303 initio
342 266 563 315 constituit,
605 264 771 302 creando
810 264 1023 303 masculum
1062 271 1099 303 et
1132 266 1333 318 seminam,
1374 268 1441 317 qui

111 336 225 361 sexus
270 323 425 361 evidens
471 324 605 372 utique
646 324 684 360 in
727 334 843 361 carne
884 329 953 361 est.
1015 322 1114 362 Huic
1154 326 1297 375 quippe
1330 327 1440 376 operi

110 381 180 420 Dei
211 383 326 420 etiam
358 381 576 419 benedictio
615 383 697 431 ipsa
730 381 935 420 subiuncta
967 388 1035 421 est.
1096 382 1193 421 Nam
1224 395 1313 421 cum
1345 385 1440 422 scri-

109 446 222 491 ptura
256 441 433 478 dixisset:
475 440 700 478 Maso-ulum
733 446 770 478 et
797 439 987 487 feminam
1014 440 1115 489 fecit
1146 453 1221 492 eos,
1255 444 1440 480 continuo

111 498 299 537 subdidit:
331 499 382 536 Et
413 500 619 537 benedixit
649 510 714 537 eos
739 499 846 537 Deus
878 501 1034 538 dicens:
1071 500 1244 538 Crescite
1276 503 1441 539 et-mul-

111 559 348 606 tz'plicamini
376 562 414 595 et
445 559 599 606 implete
631 562 781 595 terram
813 562 851 596 et
882 559 1142 596 dominamini
1171 561 1275 606 eius,
1308 564 1348 597 et
1379 571 1440 597 ce-

110 622 202 654 tera.
265 615 371 660 Quae
404 617 531 654 omnia
564 627 794 666 quamquam
833 628 909 654 non
941 618 1259 655 inconvenienter
1290 619 1443 668 possint

111 675 226 712 etiam
265 673 310 711 ad
350 674 590 713 intellectum
623 674 836 725 spiritalem
868 675 1025 726 referri,
1067 675 1280 714 masculum
1312 682 1442 714 tamen

114 739 151 770 et
184 733 366 770 feminam
392 745 469 771 non
502 734 602 771 sicut
633 733 756 771 simile
784 733 926 783 aliquid
959 734 1074 771 etiam
1106 735 1144 771 in
1176 733 1331 772 homine
1363 746 1466 772 uno>

113 791 287 842 intellegi
319 797 459 841 potest,
493 793 580 841 quia
613 791 791 829 videlicet
821 793 861 829 in
893 803 938 829 eo
971 791 1072 830 aliud
1104 798 1164 830 est
1195 793 1298 842 quod
1330 794 1441 844 regit,

116 849 218 888 aliud
263 849 365 900 quod
411 851 577 901 regitur3
622 850 688 888 sed
733 852 834 888 sicut
877 849 1164 888 evidentissime
1205 856 1365 901 apparet
1401 853 1442 889 in

113 908 258 946 diversi
291 920 406 947 sexus
439 908 691 960 corporibus,
723 908 938 946 masculum
970 914 1008 947 et
1040 909 1220 947 feminam
1252 911 1303 947 ita
1335 921 1440 947 crea-

48 992 56 1002 .
113 972 190 1016 tos,
229 972 273 1005 ut
312 966 462 1017 prolem
500 967 721 1018 generando
759 973 983 1005 crescerent
1021 973 1059 1005 et
1090 967 1443 1018 multiplicarentur

45 1035 85 1064 15

42 1328 85 1357 20

42 1619 85 1649 25

43 1911 87 1942 30

113 1031 151 1063 et
194 1025 402 1075 implerent
446 1031 612 1077 terram,
654 1038 813 1075 magnae
855 1025 1105 1064 absurditatis
1147 1032 1205 1064 est
1244 1026 1440 1065 reluctari.

111 1083 246 1133 Neque
275 1085 376 1122 enim
403 1083 449 1121 de
482 1085 621 1134 spiritu
655 1086 721 1134 qui
752 1086 916 1134 imperat
947 1089 986 1122 et
1018 1096 1132 1122 carne
1166 1096 1262 1135 qnae
1295 1084 1442 1123 obtem-

110 1148 232 1192 perat,
264 1148 330 1181 aut
355 1142 402 1180 de
429 1144 557 1180 animo
583 1142 760 1180 rationali
786 1144 852 1193 qui
884 1143 984 1193 regit
1015 1148 1054 1180 et
1084 1143 1304 1181 inrationali
1335 1145 1440 1194 cupi-

111 1200 229 1238 ditate
257 1212 354 1251 quae
382 1202 543 1253 regitur,
575 1207 640 1239 aut
666 1201 712 1239 de
745 1202 887 1239 virtute
920 1201 1213 1252 contemplativa
1246 1213 1342 1252 quae
1377 1214 1440 1240 ex-

111 1258 215 1297 cellit
242 1265 281 1297 et
306 1259 353 1297 de
379 1261 501 1297 activa
533 1271 630 1309 quae
664 1259 858 1306 subditur,
890 1265 956 1297 aut
987 1259 1033 1297 de
1066 1259 1266 1298 intellectu
1299 1261 1440 1298 mentis
1461 1299 1472 1311 ,

111 1323 150 1355 et
181 1329 298 1355 sensu
337 1319 533 1369 corporis,
575 1317 641 1355 sed
680 1324 811 1368 aperte
845 1318 891 1355 de
924 1317 1077 1356 vinculo
1110 1318 1321 1370 coniugali,
1362 1330 1439 1368 quo

110 1377 275 1414 invicem
313 1375 385 1414 sibi
425 1382 589 1426 uterque
629 1388 744 1414 sexus
782 1375 1058 1428 obstringitur,
1097 1376 1282 1414 Dominus
1321 1378 1439 1414 inter-

110 1440 268 1484 rogatus
296 1441 427 1472 utrum
453 1434 590 1473 liceret
616 1433 858 1484 quacumque
892 1446 1007 1473 causa
1039 1435 1234 1473 dimittere
1267 1447 1442 1486 uxorem,

111 1494 294 1542 quoniam
326 1499 485 1543 propter
512 1493 694 1531 duritiam
727 1493 855 1531 cordis
887 1492 1149 1531 Israelitarum
1175 1493 1325 1543 Moyses
1357 1493 1440 1531 dari

111 1553 289 1601 permisit
319 1551 490 1589 libellum
523 1552 697 1604 repudii,
741 1551 942 1601 respondit
974 1558 1087 1601 atque
1120 1553 1188 1590 ait:
1230 1553 1316 1590 Non
1347 1554 1440 1600 leqi—

111 1612 192 1657 stis,
225 1612 330 1658 quia,
363 1612 433 1657 qui
453 1609 554 1658 fecit
578 1611 628 1648 ab
656 1612 778 1657 initio,
812 1612 1030 1648 masculum
1061 1614 1100 1649 et
1125 1609 1315 1658 feminam
1343 1609 1444 1658 fecit

112 1679 177 1706 eos
209 1673 248 1707 et
278 1670 404 1706 dixit:
449 1670 620 1717 Propter
660 1670 734 1707 hoc
767 1670 934 1706 dimittet
964 1670 1075 1707 homo
1102 1673 1260 1718 patrem
1291 1673 1330 1707 et
1359 1680 1440 1707 ma-

112 1732 212 1764 trem
249 1732 287 1765 et
323 1728 560 1765 adhaerebit
597 1729 721 1776 uxori
761 1739 875 1773 suae,
915 1732 952 1765 et
983 1731 1101 1765 erunt
1132 1729 1210 1765 duo
1243 1729 1283 1765 in
1315 1738 1442 1765 carne

111 1787 220 1823 una?
281 1786 424 1832 Itaque
461 1787 539 1823 iam
571 1797 648 1823 non
679 1790 771 1823 sunt
802 1786 897 1836 duo,
937 1787 1009 1823 sed
1038 1797 1119 1823 una
1151 1797 1260 1823 caro.
1328 1786 1444 1831 Quod

113 1854 209 1891 erqo
253 1844 359 1882 Deus
404 1845 629 1889 coniunxit,
674 1844 786 1881 homo
829 1854 907 1881 non
949 1848 1119 1891 separet.
1182 1842 1340 1881 Ceitum
1384 1848 1444 1881 est

112 1903 232 1951 i‹itur
274 1901 487 1939 masculum
529 1907 567 1938 et
608 1902 788 1939 feminam
830 1902 882 1938 ita
926 1902 1105 1951 primitus
1143 1902 1359 1952 institutos,
1399 1907 1444 1939 ut

113 1971 216 1997 nunc
258 1960 435 1997 homines
476 1959 574 1997 duos
615 1960 757 1997 diveisi
798 1970 913 1996 sexus
955 1959 1128 1997 videmus
1172 1965 1211 1997 et
1253 1961 1445 2011 novimus,¹

113 2029 234 2055 unum
273 2024 402 2056 autem
443 2017 518 2062 dici
560 2017 616 2055 vel
654 2023 815 2068 piopter
847 2018 1161 2055 coniunctionem
1192 2017 1251 2055 vel
1282 2023 1442 2069 propter

205 2133 239 2175 7)
266 2129 352 2165 Gen.
383 2135 412 2173 1,
439 2134 501 2173 27;
528 2133 582 2165 28.
635 2131 693 2173 29)
719 2130 782 2164 Mt.
812 2134 864 2172 19,
892 2134 912 2163 4
939 2141 1014 2173 sqq.

203 2286 246 2316 22
273 2294 375 2326 quac.
403 2293 445 2315 ex
472 2293 582 2316 causa
607 2293 626 2315 2*
