1611 2465
62 713 105 741 10

62 1005 103 1034 15

58 1298 105 1328 20

61 1884 82 1913 3
87 1884 106 1913 Ο

133 76 217 118 378
668 84 695 109 s.
715 83 934 110 AUGUSTINI

132 182 231 227 tura,
263 177 302 214 in
329 187 402 226 qua
429 174 578 213 nullum
610 173 756 212 bonu'm
789 175 851 225 sit,
884 185 961 211 non
992 179 1134 224 potest.
1195 173 1364 213 Proinde
1397 187 1470 214 nec

131 236 255 285 ipsius
287 234 428 272 diaboli
460 238 618 283 natura,
649 233 689 270 in
721 237 910 282 quantum
942 237 1080 270 natura
1113 238 1182 285 est,
1215 233 1359 272 malum
1392 239 1469 286 est3

131 293 199 332 sed
233 294 468 343 perversitas
500 303 584 329 eam
624 290 763 328 malam
795 291 895 329 facit.
958 290 1091 341 ltaque
1124 293 1163 329 in
1197 294 1359 331 veritate
1392 305 1471 331 non

132 354 256 399 stetit,
297 351 363 389 sed
396 351 570 388 veritatis
609 349 796 387 iudicium
835 362 910 387 non
945 351 1081 401 evasit3
1114 351 1152 388 in
1185 350 1334 389 ordinis
1366 357 1469 389 tran-

133 410 321 461 quillitate
353 422 433 447 non
466 410 618 455 mansit,
651 420 723 446 nec
756 408 843 446 ideo
876 415 1006 446 tamen
1039 420 1058 446 a
1091 414 1283 459 potestate
1316 410 1469 448 ordina-

133 471 228 508 toris
271 469 415 518 effugit.
477 467 629 505 Bonum
670 467 759 518 Dei,
802 467 904 518 quod
943 467 997 505 illi
1035 473 1095 505 est
1127 469 1167 505 in
1199 474 1354 520 natura,
1393 481 1471 507 non

132 540 221 566 eum
254 526 448 565 subtrahit
479 528 649 565 iustitiae
682 525 769 578 Dei,
812 538 886 576 qua
918 526 1122 564 ordinatur
1154 527 1192 564 in
1225 539 1366 579 poena3
1399 540 1471 566 nec

132 586 185 625 ibi
211 585 314 624 Deus
341 585 487 623 bonum
512 586 734 635 insequitur
766 584 869 634 quod
903 586 1058 636 creavit,
1091 585 1158 623 sed
1192 585 1334 624 malum
1369 586 1471 637 quod

121 645 194 683 ‘ille
236 646 439 683 commisit.
508 643 644 694 Neque
685 644 788 681 enim
831 650 954 682 totum
996 644 1123 681 aufert
1165 643 1267 694 qued
1310 650 1470 684 naturae

131 703 257 755 dedit,
302 703 369 741 sed
414 703 557 753 aliquid
599 702 754 753 adimit,
796 702 939 752 aliquid
982 702 1187 754 relinquit,
1232 709 1275 742 ut
1313 705 1363 742 sit
1405 705 1473 754 qui

132 762 258 800 doleat
291 761 394 812 quod
427 761 579 799 ademit.
641 760 691 799 Et
728 762 811 811 ipse
844 760 954 798 dolor
986 763 1254 800 testimonium
1287 767 1347 800 est
1379 762 1472 801 boni
1520 807 1526 811 ¹

123 821 300 872 ‚adempti
327 826 365 859 et
391 820 483 858 boni
514 820 651 858 relicti.
713 820 795 858 Nisi
828 821 930 857 enim
963 819 1109 857 bonum
1142 819 1322 859 relictum
1356 827 1471 873 esset,

131 879 277 918 bonum
321 881 506 918 amissum
551 878 681 916 dolere
727 890 806 916 nou
852 884 996 929 posset.
1070 878 1166 917 Nam
1211 880 1278 929 qui
1322 886 1471 932 peccat,

131 940 241 989 peior
273 945 350 990 est,
388 939 420 976 si
458 938 624 975 laetatur
655 939 695 975 in
728 937 867 975 damno
888 938 1125 988 *aequitatis3
1159 939 1225 988 qui
1259 950 1349 976 vero
1383 951 1471 977 cru·

132 999 273 1048 ciatur,
306 998 338 1035 si
370 996 465 1034 nihil
496 996 585 1034 inde
619 996 795 1046 adquirat
827 995 936 1046 honi,
969 995 1074 1034 dolet
1106 996 1290 1034 damnum
1323 997 1469 1036 salutis

132 1055 180 1094 Et
212 1057 395 1106 quoniam
427 1056 601 1105 aequitas
634 1067 677 1092 ac
710 1054 813 1092 salus
846 1060 1057 1104 utrumque
1090 1054 1236 1093 honum
1269 1061 1329 1098 est
1361 1055 1470 1094 boni-

132 1126 207 1165 que
243 1115 453 1152 amissione
496 1112 705 1151 dolendum
744 1119 803 1151 est
841 1115 971 1163 potius
1013 1125 1128 1163 quam
1162 1113 1382 1152 laetandum
1417 1111 1471 1167 (si

132 1179 260 1211 tamen
304 1185 381 1210 non
427 1174 476 1210 sit
517 1174 781 1222 compensatio
824 1171 1012 1223 melioris3
1058 1172 1194 1210 melior
1238 1178 1297 1211 est
1340 1179 1471 1212 autem

132 1233 247 1269 animi
275 1232 448 1281 aequitas
475 1243 590 1280 quam
616 1232 792 1281 corporis
820 1226 1002 1283 sanitas):
1033 1230 1210 1280 profecto
1238 1233 1469 1270 convenien-

132 1292 209 1328 tius
259 1291 429 1327 iniustus
473 1289 578 1328 dolet
620 1290 660 1327 in
685 1288 915 1340 supplicio,
960 1301 1075 1338 quam
1119 1288 1283 1327 laetatus
1328 1296 1387 1329 est
1430 1292 1470 1329 in

132 1348 284 1387 delicto.
348 1348 458 1386 Sicut
490 1360 582 1397 ergo
615 1347 759 1386 laetitia
792 1347 937 1385 deserti
970 1346 1062 1385 boni
1094 1349 1133 1385 in
1165 1354 1326 1398 peccato
1358 1350 1470 1387 testis

131 1413 191 1446 est
231 1407 438 1444 voluntatis
478 1406 618 1457 malae,
659 1408 711 1444 ita
753 1406 863 1444 dolor
903 1407 1036 1444 amissi
1076 1405 1169 1444 boni
1206 1408 1246 1445 in
1279 1407 1470 1458 supplicio

131 1467 243 1504 testis
269 1471 329 1503 est
355 1471 515 1503 naturae
543 1464 677 1503 bonae.
741 1464 815 1510 Qui
842 1466 945 1503 enim
972 1464 1076 1503 dolet
1102 1466 1282 1503 amissam
1309 1471 1470 1504 naturae

133 1536 224 1562 suae
256 1536 410 1574 pacem,
449 1536 496 1562 ex
528 1523 722 1574 aliquibus
754 1523 930 1573 reliquiis
963 1525 1069 1574 pacis
1101 1523 1139 1561 id
1172 1524 1294 1575 dolet,
1328 1524 1470 1575 quibus

89 1591 100 1597 ·
132 1584 188 1629 tit,v
218 1589 263 1622 ut
289 1581 363 1620 sibi
389 1583 510 1620 amica
537 1589 673 1620 natura
701 1584 761 1620 sit.
822 1581 905 1620 Hoc
937 1587 1067 1620 autem
1099 1583 1138 1620 in
1172 1590 1346 1621 extremo
1379 1595 1469 1634 sup-

132 1642 246 1692 plicio
289 1647 394 1679 recte
437 1642 498 1692 fit,
539 1647 583 1679 ut
621 1642 744 1691 iniqui
783 1646 822 1679 et
859 1641 1243 1695 impii-naturalium
1276 1641 1470 1680 honorum

132 1700 270 1738 damna
295 1701 334 1737 in
361 1699 600 1738 cruciatibus
632 1699 809 1751 defleant,
842 1701 1056 1737 sentientes
1089 1711 1225 1737 eorum
1258 1699 1469 1738 ablatorem

132 1759 389 1797 iustissimum
430 1757 575 1809 Deum,
623 1770 739 1808 quem
780 1764 1103 1809 contempserunt
1145 1758 1470 1809 benignissimum

131 1817 366 1867 largitorem.
430 1815 532 1854 Deus
566 1829 658 1867 ergo
692 1822 919 1855 naturarum
951 1818 1125 1855 omnium
1158 1818 1469 1867 sapientissimus

134 1875 312 1913 conditor
353 1881 391 1913 et
432 1876 668 1913 iustissimus
707 1875 927 1925 ordinator,
965 1876 1031 1925 qui
1070 1881 1318 1913 terrenorum
1358 1887 1469 1913 orna-

134 1940 355 1972 mentorum
399 1935 608 1981 maximum
653 1934 822 1971 instituit
871 1932 1033 1971 mortale
1078 1945 1201 1983 genus
1245 1933 1469 1986 humanum,

133 1993 239 2030 dedit
271 1991 493 2030 hominihus
521 1992 708 2042 quaedam
740 1991 839 2029 hona
872 1991 961 2029 huic
995 1993 1092 2029 vitae
1126 2004 1309 2043 congrua,
1341 1992 1470 2039 idest

133 2063 268 2101 pacem
319 2049 570 2102 temporalem
621 2062 692 2101 pro
743 2049 898 2088 modulo
944 2049 1117 2088 mortalis
1162 2051 1260 2088 vitae
1305 2052 1344 2089 in
1387 2052 1469 2101 ipsa

228 2142 263 2176 43
293 2142 338 2174 10.
367 2144 402 2182 8,
427 2144 481 2174 44.

231 2259 270 2289 10
298 2256 437 2291 ademit:
463 2285 469 2292 .
499 2284 504 2290 .
532 2256 689 2300 reliquid
716 2256 751 2290 R
769 2258 780 2301 ΙΙ
802 2261 841 2291 11
870 2256 1010 2291 ademit
1034 2267 1122 2298 mss,·
1147 2256 1277 2291 adimit
1303 2267 1323 2290 υ
