1611 2465
116 443 135 472 <51

96 736 137 766 10

97 1028 137 1058 15

95 1322 138 1351 20

96 1613 139 1644 25

97 1907 141 1936 30

158 100 244 141 406
704 108 968 135 S.AUGUST1N1

161 198 243 237 dies
275 198 349 236 hoc
387 198 574 236 iudicium
614 197 813 249 tendatur,
851 199 1044 237 incertum
1077 205 1153 250 est3
1187 199 1253 237 sed
1288 200 1499 250 scriptura-

161 269 247 295 rum
276 270 383 295 more
411 262 632 295 sanctarum
659 256 761 294 diem
787 257 879 307 poni
911 257 1036 295 solere
1062 269 1133 308 pro
1166 263 1340 308 tempore
1373 270 1500 309 nemo,

161 317 228 366 qui
272 315 355 353 illas
400 315 549 353 litteras
600 315 812 365 quamlibet
862 315 1113 366 neglegenter
1158 316 1319 368 legerit,
1363 318 1499 355 nescit.

164 374 252 412 ideo
285 380 427 426 autem,
463 386 551 413 cum
585 374 685 412 diem
719 373 852 412 iudicii
885 373 953 411 Dei
986 374 1169 427 dicimus,
1202 374 1379 413 addimus
1412 375 1499 413 ulti-

163 445 269 471 mum
302 432 361 470 vel
388 434 653 481 novissimum,
687 434 775 483 quia
809 438 847 471 et
879 445 983 471 nunc
1015 433 1159 472 iudicat
1192 439 1231 472 et
1262 433 1308 471 ab
1340 433 1500 472 humani

163 493 318 542 generis
359 493 469 530 initio
512 491 695 530 iudicavit
735 491 935 529 dimittens
973 491 1020 530 de
1061 491 1240 542 paradiso
1273 498 1312 530 et
1344 504 1364 530 a
1396 493 1500 543 ligno

162 552 261 588 vitae
303 562 488 601 separans
529 552 675 601 primos·
714 550 891 588 homines
938 552 1089 600 peccati
1133 552 1261 601 magni
1301 557 1499 602 perpetra-

163 615 286 661 tores3
319 611 437 647 immo
464 611 581 647 etiam
608 609 761 659 quando
788 608 934 658 angelis
968 609 1221 659 peccantibus
1254 621 1331 647 nou
1363 622 1500 660 peper-

163 670 233 719 cit,
272 680 439 718 quorum
478 669 661 719 princeps
698 667 877 705 homines
909 679 929 705 a
962 679 1003 705 se
1035 668 1119 718 ipso
1161 667 1373 706 subversus
1405 670 1500 706 invi-

164 727 290 765 dendo
333 726 544 777 subvertit,
582 725 720 777 procul
761 724 878 764 dubio
919 725 1119 777 iudicavit3
1161 738 1233 764 nec
1275 728 1357 764 sine
1399 726 1502 765 illlus

164 786 239 824 alto
265 787 448 836 iustoque
476 785 620 823 iudicio
648 789 687 823 et
717 786 757 823 in
790 784 863 822 hoc
895 786 1000 823 aerio
1033 784 1138 823 caelo
1171 790 1210 822 et
1241 786 1281 823 in
1314 787 1431 824 terris
1464 790 1503 823 et

164 844 397 883 daemonum
429 849 468 882 et
499 844 700 882 hominum
732 844 949 881 miserrima
983 849 1043 882 est
1074 845 1169 895 vita,
1208 843 1409 882 erroribus
1441 855 1501 882 ae-

164 905 393 953 rumnisque
433 902 668 953 plenissima.
731 901 874 940 Verum
913 903 986 940 etsi
1019 914 1132 940 nemo
1164 908 1383 955 peccasset,
1424 914 1501 940 non

165 963 248 999 sine
286 961 388 999 bono
427 967 615 1011 rectoque
653 961 796 999 iudicio
836 962 1057 999 universam
1090 960 1319 999 rationalem
1351 966 1501 999 creatu-

164 1032 247 1058 ram
291 1021 678 1071 perseverantissime
723 1018 797 1057 sibi
835 1031 905 1057 suo
946 1019 1109 1057 Domino
1152 1019 1426 1058 cohaerentem
1463 1021 1503 1058 in

165 1084 322 1117 aeterna
366 1078 607 1116 beatitudine
652 1079 851 1116 retineret.
914 1077 1063 1116 Iudicat
1108 1080 1221 1116 etiam
1260 1091 1338 1116 non
1377 1078 1502 1116 solum

164 1137 436 1176 universaliter
480 1136 526 1175 de
571 1149 713 1187 genere
759 1136 991 1174 daemonum
1035 1142 1149 1187 atque
1194 1137 1417 1189 hominum,
1460 1142 1504 1175 ut

164 1198 298 1234 miseri
339 1197 418 1234 sint
456 1201 618 1246 propter
658 1196 876 1245 primorum
916 1197 1099 1233 meritum
1131 1201 1402 1247 peccatorum3
1435 1196 1503 1234 sed

165 1257 281 1293 etiam
313 1255 359 1292 de
393 1254 635 1304 singulorum
670 1253 855 1304 operibus
885 1255 1068 1305 propriis,
1101 1266 1198 1304 quae
1230 1260 1372 1304 gerunt
1404 1253 1503 1292 arbi-

164 1315 239 1352 trio
281 1312 502 1351 voluntatis.
564 1312 660 1350 Nam
705 1317 743 1350 et
781 1311 989 1349 daemones
1027 1324 1075 1349 ne
1118 1317 1376 1362 torqueantur
1416 1325 1502 1363 pre-

165 1377 322 1423 cantur,
363 1383 435 1409 nec
474 1372 608 1421 utique
647 1371 792 1408 iniuste
831 1370 890 1408 vel
928 1372 1102 1421 parcitur
1141 1372 1196 1409 eis
1240 1370 1299 1409 vel
1332 1383 1402 1421 pro
1435 1383 1504 1410 sua

166 1432 310 1481 quique
361 1429 598 1481 inprobitate
648 1434 902 1479 t01·quentur;
958 1435 997 1467 et
1045 1429 1223 1467 homines
1272 1429 1504 1480 plerumque

165 1495 323 1540 aperte,
367 1500 522 1539 semper
561 1487 739 1539 occulte,
783 1487 897 1525 luunt
936 1499 1007 1537 pro
1048 1489 1129 1526 suis
1167 1488 1279 1526 sactis
1320 1488 1504 1526 divinitus

165 1559 310 1599 poenas
343 1549 422 1585 sive
449 1548 488 1584 in
515 1546 586 1584 hac
618 1547 694 1585 vita
726 1547 806 1583 sive
838 1551 927 1596 post
952 1551 1136 1585 mortem:
1168 1548 1342 1596 quamvis
1375 1546 1504 1585 nullus

165 1607 367 1644 hominum
400 1611 486 1655 agat
518 1610 644 1656 recte,
676 1606 752 1642 nisi
784 1604 912 1642 divino
946 1604 1149 1643 adiuvetur
1182 1605 1342 1656 auxili03
1374 1604 1505 1644 nullus

166 1665 399 1703 daemonum
437 1670 503 1702 aut
542 1663 744 1701 hominum
776 1668 862 1713 agat
893 1664 1044 1714 inique,
1082 1665 1156 1701 nisi
1188 1663 1318 1701 divino
1351 1663 1504 1702 eodem-

166 1736 242 1774 que
268 1724 482 1761 iustissimo
509 1722 653 1760 iudicio
679 1723 940 1772 permittatur.
1004 1721 1114 1760 Sicut
1140 1724 1243 1760 enim
1269 1723 1322 1760 ait
1353 1727 1504 1773 aposto·

167 1782 238 1834 lus,
270 1793 348 1820 non
380 1785 438 1819 est
469 1783 658 1828 inz'quilas
691 1782 802 1829 apud
832 1781 980 1825 Deum;
1020 1781 1136 1818 etiam
1168 1782 1269 1818 sicut
1300 1781 1383 1830 ipse
1416 1780 1506 1818 aiibi

167 1840 272 1892 dicit,
305 1835 587 1878 inscrutabilia
612 1844 703 1877 sunt
730 1840 883 1877 iudicia
909 1841 994 1876 ejus
1025 1843 1064 1877 et
1093 1839 1386 1886 investz'yabz'les
1417 1841 1506 1877 viae

168 1901 262 1937 eius.
336 1897 421 1935 Non
466 1899 585 1947 igitur
627 1898 667 1934 in
705 1896 778 1934 hoc
816 1896 915 1934 libro
954 1896 1001 1934 de
1046 1896 1121 1934 illis
1158 1897 1294 1947 primis
1344 1909 1416 1935 nec
1458 1896 1505 1935 de

168 1959 252 1995 istis
285 1956 422 1994 mediis
456 1955 525 1993 Dei
557 1955 731 2006 iudiciis,
764 1954 830 1992 sed
864 1954 911 1992 de
944 1956 1028 2005 ipso
1062 1956 1283 2006 novissimo,
1316 1960 1506 2005 quantum

263 2060 297 2101 8)
325 2058 413 2092 Gen.
434 2061 466 2098 3,
493 2060 547 2091 23.
600 2057 634 2099 9)
661 2059 692 2090 2.
715 2055 810 2089 Petr.
838 2059 870 2097 2,
897 2059 928 2089 4.
981 2057 1040 2097 21)
1065 2055 1129 2088 Mt.
1156 2058 1189 2098 a,
1215 2059 1271 2090 29.
1321 2056 1380 2099 28)
1401 2055 1504 2090 Rom.

168 2109 201 2147 9,
230 2109 282 2139 14.
335 2107 392 2147 30)
419 2104 522 2138 Rom.
552 2107 607 2145 11,
633 2107 688 2137 33.

262 2236 281 2265 9
310 2231 494 2265 subuel-sis
521 2231 555 2265 R
574 2233 585 2275 ΙΙ
611 2234 654 2265 28
681 2230 795 2265 etiam
822 2240 891 2265 mss
922 2230 1071 2269 (Handi
1100 2230 1203 2264 Tur-5.
1231 2230 1359 2264 Etiam
1385 2230 1421 2273 I,
1447 2233 1506 2272 9),-

168 2281 205 2313 et
229 2290 249 2313 v
286 2280 297 2322 11
335 2282 377 2312 29
405 2278 481 2312 eius
508 2278 579 2312 ΒΑ
604 2288 668 2312 sec.
696 2277 842 2319 Graec.;
867 2276 935 2311 Dei
960 2288 979 2311 v
999 2278 1011 2321 ΙΙ
1030 2280 1073 2311 31
1099 2277 1298 2311 novissimo
1324 2276 1459 2311 iudicio
1485 2287 1506 2310 v
