1548 2562
416 135 467 159 DE
486 134 673 160 CIVITATE
692 134 761 159 DEI
780 134 812 158 L.
832 134 927 159 xvn.
947 134 977 159 c.
995 135 1013 159 4
1292 123 1377 164 205

50 229 88 264 et
127 225 321 263 exaltabit
359 234 525 262 cornum
565 224 709 261 christe·
746 216 829 269 sui,
868 222 971 260 uude
1009 220 1182 273 dicebat,
1225 223 1258 259 si
1298 233 1376 259 non

50 279 331 333 prophetabat?

167 340 274 378 Dicat
300 351 391 390 ergo
418 338 580 377 eeclesia
602 338 764 390 Christi,
791 340 923 377 civitas
949 339 1052 389 regis
1077 339 1223 390 magni,
1254 339 1391 388 gratia.

49 398 175 450 plena,
205 398 313 449 prole
347 396 522 449 fecunda,
555 397 656 435 dieat
688 397 791 447 quod
823 402 928 435 tanto
955 403 1042 435 ante
1069 396 1115 434 de
1143 409 1184 434 se
1210 396 1375 447 prophe-

50 463 172 496 tatum
210 468 280 507 per
319 468 360 493 os
398 455 514 493 huius
551 454 635 505 piae
675 456 809 493 matris
848 457 1038 505 agnoscit:
1093 456 1375 501 Confirmatum
1402 464 1422 494 5

50 520 106 554 est
143 527 215 554 cor
250 526 376 552 meum
414 516 454 552 in
485 514 668 560 Domino,
707 515 926 551 exaltatum
964 518 1021 552 est
1051 525 1217 552 cornum
1248 525 1374 551 meum

51 576 90 612 in
123 574 205 612 Deo
237 585 331 612 meo.
392 571 489 610 Vere
523 571 791 610 confirmatum
829 583 896 609 eor
929 578 966 609 et
999 584 1121 610 cornu
1153 584 1242 609 vere
1275 571 1374 609 exal-

50 637 184 683 tatum,
216 633 305 682 quia
336 643 413 668 non
445 632 485 668 in
511 642 564 680 se,
597 629 664 668 sed
690 632 730 667 in
750 629 912 667 Domino
934 629 1012 667 Deo
1034 643 1114 668 suo.
1158 631 1377 668 Dilatatum

50 695 109 730 est
145 702 266 739 super
303 692 482 737 inimicos
520 700 623 727 meos
661 700 703 727 os
734 699 881 733 meum,·
926 689 1015 738 quia
1046 694 1085 726 et
1116 690 1159 726 iu
1188 689 1376 738 angustiis

51 760 326 799 pressurarum
365 759 492 785 sermo
524 746 593 785 Dei
625 759 701 783 non
734 752 794 784 est
824 745 1115 796 adligatus'nec
1148 748 1186 784 in
1218 744 1375 797 praeco·
1406 756 1447 788 10

52 806 165 845 nibus
210 806 395 856 adligatis.
458 806 629 844 Laetam
665 817 768 853 sum,
812 806 954 854 inquit,
999 807 1037 842 in
1082 808 1258 843 salutari
1299 810 1376 843 tuo.

52 864 230 903 Christus
269 870 328 902 est
358 866 431 902 iste
464 863 588 914 lesus,
621 875 736 913 quein
770 863 943 914 Simeon,
976 865 1077 901 sieut
1108 865 1147 901 in
1180 863 1377 912 evangelio

52 923 213 975 legitur,
258 935 376 960 senex
419 922 655 972 amplectens
698 933 876 972 parvum,
920 933 1135 971 agnoscens
1179 933 1377 971 magnum:

53 983 185 1028 Nunc,
229 983 372 1032 inquit,
418 982 595 1026 dimittis,
635 980 816 1026 Domine,
853 991 1009 1018 servum
1047 985 1156 1018 tuum
1194 982 1234 1017 in
1262 992 1377 1029 paee,

52 1042 236 1088 quoniam
270 1041 455 1077 viderunt
484 1040 592 1077 oculi
620 1041 698 1076 mei
726 1041 906 1076 salutare
937 1043 1056 1076 tuum.
1108 1038 1216 1076 Dicat
1246 1039 1377 1088 itaque
1407 1048 1447 1079 15

52 1098 233 1137 eeclesia:
274 1098 444 1136 Laelata
474 1108 559 1135 sum
592 1098 632 1134 in
662 1099 837 1135 salutari
867 1101 933 1135 tuo
942 1111 957 1141 ,·
993 1099 1180 1144 quoniam
1212 1109 1289 1136 non
1322 1102 1379 1134 est

51 1162 230 1205 sanctus,
274 1158 378 1194 sicut
408 1156 614 1202 Dominus,
652 1159 697 1201 ¹et
732 1167 810 1193 non
848 1160 905 1193 est
944 1157 1086 1202 iustus,
1130 1158 1235 1193 sicut
1271 1157 1378 1194 Deus

52 1220 185 1254 noster
193 1229 207 1260 ;
251 1220 446 1264 tamquam
478 1219 634 1251 sanetus
668 1218 706 1251 et
738 1213 1001 1265 sanctificans,
1042 1215 1167 1252 iustus
1199 1220 1238 1252 et
1268 1215 1377 1252 iusti-

52 1274 182 1312 ficans.
244 1273 329 1311 Non
368 1277 426 1310 est
460 1277 633 1311 sanctus·
654 1277 823 1320 praeter
860 1277 912 1319 te,
958 1273 1046 1321 quia
1085 1284 1198 1310 nemo
1230 1273 1273 1310 fit
1304 1273 1378 1309 nisi

52 1332 119 1370 abs
152 1337 201 1370 te.
251 1331 425 1381 Denique
455 1332 648 1380 sequitur:
693 1331 820 1368 Nolite
848 1333 1025 1377 qlore‘arz'
1053 1336 1092 1369 et
1121 1333 1241 1369 nolite
1272 1332 1381 1378 loqui
1404 1341 1448 1371 20

53 1392 230 1436 excelsa,
261 1401 388 1437 neque
419 1390 537 1427 exeat
567 1388 877 1436 maqniloquz'um
909 1390 958 1426 de
988 1400 1059 1427 ore
1090 1394 1218 1428 vestro
1226 1403 1240 1434 ;
1284 1401 1376 1437 quo-

53 1452 160 1487 niam
192 1449 299 1487 Deus
336 1449 595 1486 scientiarum
628 1448 828 1485 Dominus.
892 1446 976 1497 lpse
1016 1459 1082 1485 vos
1114 1449 1204 1500 seit,
1243 1453 1281 1486 et
1312 1447 1378 1485 ubi

53 1519 165 1546 nemo
199 1508 287 1557 seit3
320 1507 501 1556 quoniam
532 1508 602 1553 que?
625 1511 745 1553 putat
774 1518 815 1543 se
847 1507 1002 1553 aliquid
1031 1518 1124 1553 esse,
1157 1518 1247 1544 cum
1278 1508 1381 1544 m'lez'l

51 1569 113 1614 sz't,
144 1578 186 1604 se
217 1568 342 1614 ipsum
373 1566 559 1614 seducit.⁴
600 1564 702 1601 Haec
734 1563 918 1601 dieunt-11·
950 1563 1179 1602 adversariis
1212 1566 1377 1602 civitatis

53 1623 122 1662 Dei
160 1623 205 1662 ad
237 1623 483 1673 Babyloniam
514 1621 820 1673 pertinentibus,
862 1621 916 1659 =de
962 1634 1030 1659 sua
1080 1624 1221 1660 virtute
1267 1634 1375 1673 prae·
1403 1632 1447 1663 25

53 1681 309 1733 sumentibus,
340 1683 380 1719 in
413 1693 465 1727 se,
498 1692 575 1717 non
600 1681 639 1717 in
666 1680 827 1717 Domino
854 1679 1125 1731 gloriantibus3
1158 1693 1204 1718 ex
1236 1681 1377 1731 quibus

9 1733 17 1744 ’
53 1747 144 1779 sunt
176 1742 301 1792 etiam,
324 1738 496 1777 carnales
528 1738 741 1790 Israelitae,
780 1744 958 1776 terrenae
990 1738 1232 1777 Hierusalem
1275 1741 1378 1777 cives

57 1800 286 1849 terrigenae,
313 1799 389 1849 qui,
416 1802 458 1835 ut
483 1797 576 1834 dicit
601 1796 809 1848 apostolus,
842 1799 1072 1844 iquorantes
1093 1798 1170 1836 Dez
1188 1800 1377 1836 zustitmm

53 1854 110 1910 (id
144 1863 214 1909 est,
246 1868 361 1907 quam
381 1856 444 1893 dat
465 1855 609 1906 homini
630 1854 745 1906 Deus,
776 1857 843 1905 qui
875 1855 979 1893 solus
1012 1861 1071 1893 est
1102 1857 1228 1893 iustus
1261 1862 1375 1906 atque

53 1910 285 1967 iustificans)
324 1920 363 1953 et
398 1925 511 1952 suam
549 1916 718 1952 volentes
756 1916 997 1952 consuluere
1035 1909 1090 1966 (id
1130 1920 1190 1952 est
1223 1914 1325 1953 velut
1357 1926 1377 1952 a
1404 1924 1448 1955 30

54 1987 94 2013 se
128 1974 200 2013 sibi
231 1977 398 2024 partam,
430 1984 506 2010 non
538 1971 584 2009 ab
616 1971 680 2009 illo
712 1968 954 2024 inpe1titam)
989 1975 1163 2011 iustztz'ae
1195 1973 1272 2011 Dei
1300 1985 1378 2012 non

150 2054 205 2094 15)
232 2051 292 2085 Le.
319 2032 358 2093 2,
377 2053 420 2084 29
447 2062 497 2093 sq.
549 2051 607 2093 24)
633 2048 712 2083 Gal.
732 2053 771 2093 -ss,
798 2054 830 2084 3.

150 2162 166 2191 1
195 2168 345 2192 cornum
370 2155 463 2190 R1F
478 2157 490 2199 ΙΙ
510 2160 529 2189 6
556 2166 705 2189 cornum
725 2155 796 2189 RA
815 2157 827 2200 ΙΙ
847 2160 864 2189 7
894 2166 1041 2189 cornum
1062 2156 1095 2189 A
1114 2157 1126 2199 ΙΙ
1145 2159 1165 2190 9
1192 2167 1231 2190 os
1257 2167 1379 2190 meum

42 2217 80 2248 ,8.
102 2205 124 2240 i.
144 2216 192 2240 m
213 2205 247 2238 A
265 2203 482 2246 (203‚12){1
504 2206 545 2236 14
565 2201 727 2236 dimittes
753 2203 823 2236 ΚΑ
850 2203 885 2246 (l.
912 2206 964 2237 22
991 2213 1017 2237 e.
1045 2206 1111 2238 29)
1129 2205 1140 2245 Η
1161 2206 1203 2236 20
1229 2203 1379 2248 gloriari

54 2251 355 2362 ssngissgmlff'·
380 2249 427 2294 gl.
455 2249 608 2293 superbe
634 2251 690 2283 Av
720 2250 732 2293 ss
763 2253 807 2283 30
834 2250 993 2283 statuere
1019 2249 1096 2282 AF
1110 2250 1122 2293 ΙΙ
1142 2254 1184 2283 31
1210 2252 1378 2294 paratam
