1611 2465
84 575 102 605 5

66 870 107 900 10

66 1162 106 1192 15

66 2039 110 2070 30

132 141 216 181 582
667 149 696 174 s.
718 148 938 175 Acen-snm

667 280 819 323 CAPUT
852 281 924 323 IX.

138 370 252 416 Quod
290 370 480 406 universa
512 368 730 413 miracula,
769 378 873 414 quae
903 378 982 415 per
1014 371 1216 416 martyres
1248 370 1287 405 2'72
1326 368 1477 405 Christi

220 428 375 466 nomine
403 427 527 473 fiunt,
561 427 599 464 ei
624 426 725 472 fidei
756 427 1018 464 testimoniam
1047 423 1198 473 ferant,
1231 436 1311 473 qua
1345 428 1384 464 in

431 485 631 522 Christum
662 488 864 533 martyres
897 484 1172 523 crediderunt.

249 566 331 618 Cui,
363 567 439 604 nisi
470 566 560 604 huic
594 565 684 604 fidei
715 564 959 604 adtestantur
992 567 1065 604 ista
1097 565 1295 617 miracula,
1327 567 1367 604 in
1399 578 1475 617 qua

129 625 378 678 praedicatur
411 624 590 663 Christus
628 625 894 663 resurrexisse
937 625 977 662 in
1016 636 1132 662 carne
1172 629 1211 663 et
1252 625 1292 663 in
1325 624 1475 663 caelum

130 683 353 723 ascendisse
395 695 483 722 cum
522 680 668 721 carne?
713 684 800 733 quia
834 687 873 721 et
904 683 979 733 ipsi
1011 688 1202 734 martyres
1235 682 1352 722 huius
1386 683 1476 722 fidei

129 748 333 794 martyres,
364 742 403 781 id
436 747 495 780 est
519 741 638 780 huius
670 741 760 779 fidei
791 746 924 792 testes,
957 741 1135 793 fuerunt,
1166 741 1257 780 huic
1297 741 1387 780 fidei
1419 748 1474 781 te-

131 803 358 840 stimonium
396 800 649 851 perhibentes
687 799 877 838 mundum
915 800 1228 838 inimicissimum
1267 806 1306 839 et
1338 799 1475 839 crude·

134 861 327 899 lissimuin
367 858 617 910 pertulerunt
656 870 824 908 eumque
864 870 942 896 non
982 858 1255 910 repugnando,
1294 858 1363 898 sed
1395 871 1475 897 mo-

131 919 268 958 riendo
310 920 505 969 vicerunt3
550 929 620 968 pro
660 918 734 955 ista
771 916 846 955 fide
888 918 1034 956 mortui
1074 922 1185 970 sunt,
1230 919 1297 968 qui
1327 917 1423 956 haec
1456 930 1476 956 a

132 978 295 1015 Domino
337 978 534 1027 inpetrare
580 981 764 1027 possunt,
808 981 970 1027 propter
1016 976 1129 1014 cuius
1169 988 1312 1014 nomen
1357 978 1477 1015 occisi

133 1042 241 1087 sunt3
283 1048 354 1086 pro
397 1035 468 1073 hac
510 1034 584 1072 fide
627 1035 841 1085 praecessit
880 1045 1016 1073 eorum
1055 1036 1153 1072 mira
1183 1036 1391 1086 patientia,
1433 1041 1477 1074 ut

132 1096 172 1133 in
209 1094 270 1132 his
308 1093 506 1132 miraculis
545 1099 650 1131 tanta
690 1094 764 1130 ista
795 1094 970 1143 potentia
1003 1098 1249 1143 sequeretur.
1314 1093 1411 1132 Nam
1443 1095 1476 1132 si

134 1154 261 1191 carnis
286 1153 327 1190 in
353 1157 557 1190 aeternum
577 1152 816 1190 resurrectio
838 1150 897 1189 vel
925 1163 1003 1188 non
1029 1153 1232 1202 praevenit
1257 1152 1297 1190 in
1320 1151 1476 1190 Christo

135 1211 191 1249 vel
236 1222 313 1249 non
358 1216 521 1249 ventura
566 1215 645 1261 est,
684 1211 786 1248 sicut
822 1211 1121 1260 praenuntiatur
1160 1222 1180 1248 a
1223 1209 1377 1249 Christo
1416 1210 1476 1249 vel

132 1271 234 1308 sicut
265 1270 538 1320 praenuntiata
570 1273 630 1306 est
656 1280 675 1305 a
702 1267 917 1319 prophetis,
950 1279 970 1306 a
1003 1267 1145 1318 quibus
1176 1270 1476 1319 praenuntiatus

133 1334 193 1366 est
234 1327 429 1366 Christus:
474 1339 544 1365 cur
583 1332 621 1365 et
659 1327 803 1365 mortui
841 1332 947 1365 tanta
987 1332 1171 1378 possunt,
1215 1328 1283 1378 qui
1319 1339 1390 1378 pro
1433 1339 1478 1365 ea

133 1386 220 1438 fide,
254 1398 329 1436 qua
360 1386 455 1424 haec
488 1386 729 1424 resurrectio
761 1384 1021 1437 praedicatur,
1054 1386 1173 1423 occisi
1206 1383 1325 1424 sunt?
1388 1385 1476 1424 Sive

134 1446 239 1484 enim
264 1444 369 1483 Deus
396 1446 478 1495 ipse
505 1456 576 1495 per
603 1455 644 1482 se
670 1445 799 1494 ipsum
832 1445 929 1482 miro
963 1443 1089 1496 mod0,
1122 1455 1198 1494 quo
1231 1455 1294 1482 res
1328 1449 1476 1495 tempo-

133 1504 235 1542 rales
274 1508 458 1554 operatur
497 1508 699 1554 aeternus,
737 1503 815 1540 sive
855 1514 925 1553 per
959 1514 1051 1540 suos
1084 1503 1285 1540 ministros
1317 1504 1391 1541 ista
1423 1503 1475 1541 fa-

134 1564 228 1613 ciat3
261 1568 299 1600 et
332 1561 466 1600 eadem
498 1562 598 1613 ipsa,
639 1572 736 1611 quae
770 1572 840 1611 per
872 1561 1074 1599 ministros
1107 1561 1215 1612 facit,
1248 1562 1326 1599 sive
1361 1573 1475 1612 quae-

134 1620 224 1659 dam
250 1622 365 1658 faciat
390 1622 507 1658 etiam
532 1631 603 1671 per
629 1625 845 1670 martyrum
871 1620 1044 1671 spiritus,
1076 1620 1177 1658 sicut
1202 1631 1274 1670 per
1298 1619 1476 1658 homines

135 1679 261 1718 adhuc
287 1681 327 1717 in
354 1691 518 1730 corpore
547 1679 794 1730 constitutOS,
828 1679 907 1716 sive
941 1679 1068 1715 omnia
1100 1679 1175 1716 ista
1204 1689 1276 1729 per
1308 1678 1477 1730 angelos,

92 1747 104 1755 ·
136 1738 279 1788 quibus
316 1737 580 1789 invisibiliter,
618 1736 933 1787 incorporaliter,
975 1735 1258 1775 inimitabiliter
1299 1738 1476 1788 imperat,
1520 1735 1531 1744 “

135 1802 333 1848 operetur,
365 1801 420 1848 ut,
452 1795 550 1846 quae
577 1807 648 1846 per
673 1801 864 1846 martyres
896 1795 981 1833 fieri
1014 1794 1211 1847 dicuntur,
1244 1795 1300 1833 eis
1332 1796 1476 1833 oranti·

134 1855 208 1893 bus
241 1860 392 1893 tantum
424 1860 463 1892 et
489 1853 790 1905 inpetrantibus,
822 1865 899 1892 non
932 1854 1049 1891 etiam
1080 1852 1332 1904 operantibus
1365 1853 1472 1904 fiant3

135 1915 215 1952 sive
242 1913 313 1951 alia
339 1914 438 1965 istis,
470 1912 541 1950 alia
567 1912 641 1950 illis
668 1912 805 1963 modis,
838 1913 905 1962 qui
931 1911 1035 1949 nullo
1062 1911 1176 1950 modo
1210 1911 1476 1962 conprehendi

135 1984 155 2009 a
188 1971 416 2010 mortalibus
448 1976 637 2022 possunt:
670 1972 706 2008 ei
739 1976 868 2008 tamen
901 1969 1144 2008 adtestantur
1176 1969 1271 2008 haec
1304 1969 1404 2021 fidei,
1436 1971 1476 2008 in

137 2042 212 2080 qua
243 2031 372 2068 carnis
405 2035 607 2068 aeternum
640 2029 878 2066 resurrectio
911 2027 1169 2078 praedicatur.

232 2181 272 2210 13
300 2176 479 2220 processit
504 2175 540 2210 R
564 2175 645 2217 (vol.
676 2175 713 2218 I,
739 2177 797 2217 51,
823 2177 866 2216 3;
891 2176 951 2210 secl
971 2176 1016 2218 cf.
1037 2178 1125 2218 562,
1145 2178 1196 2211 25
1214 2176 1333 2220 3414)ss
1352 2179 1396 2210 25
1422 2174 1476 2210 in-

135 2223 366 2258 mutabiliter
390 2225 428 2258 et,
451 2221 732 2266 incorporaliter
756 2233 776 2256 v

1577 157 1579 162 .
1575 138 1580 150 ..
1571 83 1579 134 ω’,
1563 0 1581 75 *111²ae-
