<?xml version="1.0" encoding="UTF-8"?>
<!DOCTYPE html PUBLIC "-//W3C//DTD XHTML 1.0 Transitional//EN"
    "http://www.w3.org/TR/xhtml1/DTD/xhtml1-transitional.dtd">
<html xmlns="http://www.w3.org/1999/xhtml" xml:lang="en" lang="en">
 <head>
  <title>
</title>
<meta http-equiv="Content-Type" content="text/html;charset=utf-8" />
  <meta name='ocr-system' content='tesseract 3.04.00' />
  <meta name='ocr-capabilities' content='ocr_page ocr_carea ocr_par ocr_line ocrx_word'/>
</head>
<body>
  <div class='ocr_page' id='page_1' title='image "./sanctiaureliiaug02auguuoft_0611.png"; bbox 0 0 1548 2562; ppageno 0'>
   <div class='ocr_carea' id='block_1_1' title="bbox 450 127 1434 168">
    <p class='ocr_par' dir='ltr' id='par_1_1' title="bbox 450 127 1434 168">
     <span class='ocr_line' id='line_1_1' title="bbox 450 127 1434 168; baseline -0.006 -3"><span class='ocrx_word' id='word_1_1' title='bbox 450 141 502 165; x_wconf 84' lang='lat' dir='ltr'>DE</span> <span class='ocrx_word' id='word_1_2' title='bbox 524 139 711 165; x_wconf 78' lang='lat' dir='ltr'>CIVITATE</span> <span class='ocrx_word' id='word_1_3' title='bbox 731 138 798 163; x_wconf 73' lang='lat' dir='ltr'>Dm</span> <span class='ocrx_word' id='word_1_4' title='bbox 818 138 850 163; x_wconf 81' lang='lat' dir='ltr'>L.</span> <span class='ocrx_word' id='word_1_5' title='bbox 871 137 971 162; x_wconf 79' lang='lat' dir='ltr'>xxn.</span> <span class='ocrx_word' id='word_1_6' title='bbox 990 137 1019 162; x_wconf 87' lang='lat' dir='ltr'>c.</span> <span class='ocrx_word' id='word_1_7' title='bbox 1040 137 1082 162; x_wconf 75' lang='lat'>22.</span> <span class='ocrx_word' id='word_1_8' title='bbox 1351 127 1434 168; x_wconf 73' lang='lat'>605</span> 
     </span>
    </p>
   </div>
   <div class='ocr_carea' id='block_1_2' title="bbox 105 227 1441 1331">
    <p class='ocr_par' dir='ltr' id='par_1_2' title="bbox 105 227 1439 921">
     <span class='ocr_line' id='line_1_2' title="bbox 105 227 1434 278; baseline -0.005 -9"><span class='ocrx_word' id='word_1_9' title='bbox 105 236 256 270; x_wconf 89' lang='lat' dir='ltr'>crescat</span> <span class='ocrx_word' id='word_1_10' title='bbox 281 230 493 268; x_wconf 88' lang='lat' dir='ltr'>indomitus</span> <span class='ocrx_word' id='word_1_11' title='bbox 519 229 745 278; x_wconf 81' lang='lat' dir='ltr'>domarique</span> <span class='ocrx_word' id='word_1_12' title='bbox 772 229 846 265; x_wconf 89' lang='lat' dir='ltr'>iam</span> <span class='ocrx_word' id='word_1_13' title='bbox 873 227 994 265; x_wconf 88' lang='lat' dir='ltr'>durus</span> <span class='ocrx_word' id='word_1_14' title='bbox 1026 230 1092 264; x_wconf 84' lang='lat' dir='ltr'>aut</span> <span class='ocrx_word' id='word_1_15' title='bbox 1125 227 1184 263; x_wconf 83' lang='lat' dir='ltr'>vix</span> <span class='ocrx_word' id='word_1_16' title='bbox 1215 227 1339 276; x_wconf 85' lang='lat' dir='ltr'>possit</span> <span class='ocrx_word' id='word_1_17' title='bbox 1371 231 1434 263; x_wconf 79' lang='lat' dir='ltr'>aut</span> 
     </span>
     <span class='ocr_line' id='line_1_3' title="bbox 105 283 1435 339; baseline -0.005 -12"><span class='ocrx_word' id='word_1_18' title='bbox 105 286 326 339; x_wconf 75' lang='lat' dir='ltr'>(fortasse)</span> <span class='ocrx_word' id='word_1_19' title='bbox 365 300 437 326; x_wconf 89' lang='lat' dir='ltr'>nec</span> <span class='ocrx_word' id='word_1_20' title='bbox 474 284 626 338; x_wconf 78' lang='lat' dir='ltr'>possit?</span> <span class='ocrx_word' id='word_1_21' title='bbox 688 285 788 331; x_wconf 87' lang='lat' dir='ltr'>Quid</span> <span class='ocrx_word' id='word_1_22' title='bbox 827 287 953 336; x_wconf 87' lang='lat' dir='ltr'>agitur</span> <span class='ocrx_word' id='word_1_23' title='bbox 985 284 1043 322; x_wconf 88' lang='lat' dir='ltr'>his</span> <span class='ocrx_word' id='word_1_24' title='bbox 1076 284 1211 334; x_wconf 87' lang='lat' dir='ltr'>poenis</span> <span class='ocrx_word' id='word_1_25' title='bbox 1244 283 1435 334; x_wconf 87' lang='lat' dir='ltr'>omnibus,</span> 
     </span>
     <span class='ocr_line' id='line_1_4' title="bbox 106 342 1436 396; baseline -0.005 -11"><span class='ocrx_word' id='word_1_26' title='bbox 106 349 180 385; x_wconf 87' lang='lat' dir='ltr'>nisi</span> <span class='ocrx_word' id='word_1_27' title='bbox 212 352 255 385; x_wconf 88' lang='lat' dir='ltr'>ut</span> <span class='ocrx_word' id='word_1_28' title='bbox 294 345 510 384; x_wconf 80' lang='lat' dir='ltr'>debelletur</span> <span class='ocrx_word' id='word_1_29' title='bbox 547 345 729 396; x_wconf 77' lang='lat' dir='ltr'>inperitia</span> <span class='ocrx_word' id='word_1_30' title='bbox 766 349 805 382; x_wconf 91' lang='lat' dir='ltr'>et</span> <span class='ocrx_word' id='word_1_31' title='bbox 835 355 951 394; x_wconf 89' lang='lat' dir='ltr'>prava</span> <span class='ocrx_word' id='word_1_32' title='bbox 982 342 1172 393; x_wconf 82' lang='lat' dir='ltr'>cupiditas</span> <span class='ocrx_word' id='word_1_33' title='bbox 1204 342 1436 392; x_wconf 77' lang='lat' dir='ltr'>infrenetur,</span> 
     </span>
     <span class='ocr_line' id='line_1_5' title="bbox 105 397 1437 455; baseline -0.005 -11"><span class='ocrx_word' id='word_1_34' title='bbox 105 417 195 444; x_wconf 87' lang='lat' dir='ltr'>cum</span> <span class='ocrx_word' id='word_1_35' title='bbox 234 404 375 455; x_wconf 76' lang='lat' dir='ltr'>quIbus</span> <span class='ocrx_word' id='word_1_36' title='bbox 413 404 522 441; x_wconf 88' lang='lat' dir='ltr'>malis</span> <span class='ocrx_word' id='word_1_37' title='bbox 560 405 600 441; x_wconf 92' lang='lat' dir='ltr'>in</span> <span class='ocrx_word' id='word_1_38' title='bbox 637 402 711 440; x_wconf 93' lang='lat' dir='ltr'>hoc</span> <span class='ocrx_word' id='word_1_39' title='bbox 750 401 948 440; x_wconf 89' lang='lat' dir='ltr'>saeculum</span> <span class='ocrx_word' id='word_1_40' title='bbox 980 397 1184 439; x_wconf 90' lang='lat' dir='ltr'>venimus?</span> <span class='ocrx_word' id='word_1_41' title='bbox 1246 399 1347 445; x_wconf 88' lang='lat' dir='ltr'>Quid</span> <span class='ocrx_word' id='word_1_42' title='bbox 1379 406 1437 438; x_wconf 83' lang='lat' dir='ltr'>est</span> 
     </span>
     <span class='ocr_line' id='line_1_6' title="bbox 105 458 1436 515; baseline -0.005 -13"><span class='ocrx_word' id='word_1_43' title='bbox 105 465 220 515; x_wconf 85' lang='lat' dir='ltr'>enim,</span> <span class='ocrx_word' id='word_1_44' title='bbox 253 462 356 513; x_wconf 89' lang='lat' dir='ltr'>quod</span> <span class='ocrx_word' id='word_1_45' title='bbox 389 474 476 500; x_wconf 88' lang='lat' dir='ltr'>cum</span> <span class='ocrx_word' id='word_1_46' title='bbox 508 461 638 500; x_wconf 88' lang='lat' dir='ltr'>labore</span> <span class='ocrx_word' id='word_1_47' title='bbox 671 462 936 511; x_wconf 86' lang='lat' dir='ltr'>meminimus,</span> <span class='ocrx_word' id='word_1_48' title='bbox 969 461 1051 497; x_wconf 90' lang='lat' dir='ltr'>sine</span> <span class='ocrx_word' id='word_1_49' title='bbox 1083 458 1213 497; x_wconf 88' lang='lat' dir='ltr'>labore</span> <span class='ocrx_word' id='word_1_50' title='bbox 1247 458 1436 496; x_wconf 88' lang='lat' dir='ltr'>oblivisci-</span> 
     </span>
     <span class='ocr_line' id='line_1_7' title="bbox 106 517 1437 572; baseline -0.005 -12"><span class='ocrx_word' id='word_1_51' title='bbox 106 534 211 572; x_wconf 81' lang='lat' dir='ltr'>mur3</span> <span class='ocrx_word' id='word_1_52' title='bbox 253 533 343 559; x_wconf 89' lang='lat' dir='ltr'>cum</span> <span class='ocrx_word' id='word_1_53' title='bbox 382 520 513 558; x_wconf 90' lang='lat' dir='ltr'>labore</span> <span class='ocrx_word' id='word_1_54' title='bbox 555 519 761 570; x_wconf 78' lang='lat' dir='ltr'>discimus,</span> <span class='ocrx_word' id='word_1_55' title='bbox 803 520 885 556; x_wconf 91' lang='lat' dir='ltr'>sine</span> <span class='ocrx_word' id='word_1_56' title='bbox 923 517 1054 555; x_wconf 88' lang='lat' dir='ltr'>labore</span> <span class='ocrx_word' id='word_1_57' title='bbox 1094 518 1306 568; x_wconf 70' lang='lat' dir='ltr'>nescimus,</span> <span class='ocrx_word' id='word_1_58' title='bbox 1349 528 1437 555; x_wconf 87' lang='lat' dir='ltr'>cum</span> 
     </span>
     <span class='ocr_line' id='line_1_8' title="bbox 106 573 1435 630; baseline -0.005 -12"><span class='ocrx_word' id='word_1_59' title='bbox 106 579 236 618; x_wconf 87' lang='lat' dir='ltr'>labore</span> <span class='ocrx_word' id='word_1_60' title='bbox 279 580 446 630; x_wconf 87' lang='lat' dir='ltr'>strenui,</span> <span class='ocrx_word' id='word_1_61' title='bbox 485 580 567 616; x_wconf 89' lang='lat' dir='ltr'>sine</span> <span class='ocrx_word' id='word_1_62' title='bbox 607 576 738 615; x_wconf 86' lang='lat' dir='ltr'>labore</span> <span class='ocrx_word' id='word_1_63' title='bbox 776 578 922 615; x_wconf 91' lang='lat' dir='ltr'>inertes</span> <span class='ocrx_word' id='word_1_64' title='bbox 955 573 1119 614; x_wconf 88' lang='lat' dir='ltr'>sumus?</span> <span class='ocrx_word' id='word_1_65' title='bbox 1180 575 1315 613; x_wconf 88' lang='lat' dir='ltr'>Nonne</span> <span class='ocrx_word' id='word_1_66' title='bbox 1347 575 1435 613; x_wconf 84' lang='lat' dir='ltr'>hinc</span> 
     </span>
     <span class='ocr_line' id='line_1_9' title="bbox 107 634 1439 689; baseline -0.004 -13"><span class='ocrx_word' id='word_1_67' title='bbox 107 642 278 689; x_wconf 88' lang='lat' dir='ltr'>apparet,</span> <span class='ocrx_word' id='word_1_68' title='bbox 309 638 350 675; x_wconf 92' lang='lat' dir='ltr'>in</span> <span class='ocrx_word' id='word_1_69' title='bbox 383 636 474 686; x_wconf 91' lang='lat' dir='ltr'>quid</span> <span class='ocrx_word' id='word_1_70' title='bbox 507 635 612 674; x_wconf 89' lang='lat' dir='ltr'>velut</span> <span class='ocrx_word' id='word_1_71' title='bbox 642 634 814 686; x_wconf 86' lang='lat' dir='ltr'>pondere</span> <span class='ocrx_word' id='word_1_72' title='bbox 849 647 919 673; x_wconf 89' lang='lat' dir='ltr'>suo</span> <span class='ocrx_word' id='word_1_73' title='bbox 951 634 1133 685; x_wconf 81' lang='lat' dir='ltr'>proclivis</span> <span class='ocrx_word' id='word_1_74' title='bbox 1166 639 1204 672; x_wconf 92' lang='lat' dir='ltr'>et</span> <span class='ocrx_word' id='word_1_75' title='bbox 1235 645 1358 684; x_wconf 91' lang='lat' dir='ltr'>prona</span> <span class='ocrx_word' id='word_1_76' title='bbox 1389 634 1439 671; x_wconf 91' lang='lat' dir='ltr'>sit</span> 
     </span>
     <span class='ocr_line' id='line_1_10' title="bbox 107 689 1439 744; baseline -0.002 -12"><span class='ocrx_word' id='word_1_77' title='bbox 107 697 243 734; x_wconf 81' lang='lat' dir='ltr'>vitiosa</span> <span class='ocrx_word' id='word_1_78' title='bbox 274 700 412 733; x_wconf 90' lang='lat' dir='ltr'>natura</span> <span class='ocrx_word' id='word_1_79' title='bbox 444 700 483 732; x_wconf 88' lang='lat' dir='ltr'>et</span> <span class='ocrx_word' id='word_1_80' title='bbox 515 699 658 744; x_wconf 87' lang='lat' dir='ltr'>quanta</span> <span class='ocrx_word' id='word_1_81' title='bbox 690 706 780 744; x_wconf 91' lang='lat' dir='ltr'>ope,</span> <span class='ocrx_word' id='word_1_82' title='bbox 812 698 855 731; x_wconf 92' lang='lat' dir='ltr'>ut</span> <span class='ocrx_word' id='word_1_83' title='bbox 887 693 976 730; x_wconf 88' lang='lat' dir='ltr'>hinc</span> <span class='ocrx_word' id='word_1_84' title='bbox 1008 692 1209 743; x_wconf 79' lang='lat' dir='ltr'>liberetur,</span> <span class='ocrx_word' id='word_1_85' title='bbox 1241 689 1439 742; x_wconf 76' lang='lat' dir='ltr'>indigeat?</span> 
     </span>
     <span class='ocr_line' id='line_1_11' title="bbox 106 751 1436 804; baseline -0.003 -13"><span class='ocrx_word' id='word_1_86' title='bbox 106 753 259 792; x_wconf 81' lang='lat' dir='ltr'>Desidia</span> <span class='ocrx_word' id='word_1_87' title='bbox 286 754 460 804; x_wconf 80' lang='lat' dir='ltr'>segnitia,</span> <span class='ocrx_word' id='word_1_88' title='bbox 492 754 646 803; x_wconf 80' lang='lat' dir='ltr'>pigritia</span> <span class='ocrx_word' id='word_1_89' title='bbox 673 751 915 802; x_wconf 81' lang='lat' dir='ltr'>neglegentia</span> <span class='ocrx_word' id='word_1_90' title='bbox 941 751 1031 789; x_wconf 90' lang='lat' dir='ltr'>vitia</span> <span class='ocrx_word' id='word_1_91' title='bbox 1064 755 1155 788; x_wconf 91' lang='lat' dir='ltr'>sunt</span> <span class='ocrx_word' id='word_1_92' title='bbox 1186 751 1320 800; x_wconf 88' lang='lat' dir='ltr'>utique</span> <span class='ocrx_word' id='word_1_93' title='bbox 1354 751 1436 800; x_wconf 86' lang='lat' dir='ltr'>qui-</span> 
     </span>
     <span class='ocr_line' id='line_1_12' title="bbox 106 808 1438 863; baseline -0.003 -13"><span class='ocrx_word' id='word_1_94' title='bbox 106 811 179 850; x_wconf 86' lang='lat' dir='ltr'>bus</span> <span class='ocrx_word' id='word_1_95' title='bbox 216 811 324 849; x_wconf 91' lang='lat' dir='ltr'>labor</span> <span class='ocrx_word' id='word_1_96' title='bbox 362 811 526 863; x_wconf 87' lang='lat' dir='ltr'>fugitur,</span> <span class='ocrx_word' id='word_1_97' title='bbox 565 822 655 849; x_wconf 90' lang='lat' dir='ltr'>cum</span> <span class='ocrx_word' id='word_1_98' title='bbox 692 810 800 848; x_wconf 90' lang='lat' dir='ltr'>labor</span> <span class='ocrx_word' id='word_1_99' title='bbox 837 811 937 861; x_wconf 89' lang='lat' dir='ltr'>ipse,</span> <span class='ocrx_word' id='word_1_100' title='bbox 975 811 1090 847; x_wconf 87' lang='lat' dir='ltr'>etiam</span> <span class='ocrx_word' id='word_1_101' title='bbox 1131 810 1196 859; x_wconf 89' lang='lat' dir='ltr'>qui</span> <span class='ocrx_word' id='word_1_102' title='bbox 1228 814 1287 846; x_wconf 90' lang='lat' dir='ltr'>est</span> <span class='ocrx_word' id='word_1_103' title='bbox 1320 808 1438 858; x_wconf 87' lang='lat' dir='ltr'>utilis,</span> 
     </span>
     <span class='ocr_line' id='line_1_13' title="bbox 106 871 322 921; baseline -0.005 -13"><span class='ocrx_word' id='word_1_104' title='bbox 106 882 230 921; x_wconf 88' lang='lat' dir='ltr'>poena</span> <span class='ocrx_word' id='word_1_105' title='bbox 262 871 322 908; x_wconf 93' lang='lat' dir='ltr'>sit.</span> 
     </span>
    </p>

    <p class='ocr_par' dir='ltr' id='par_1_3' title="bbox 106 925 1441 1331">
     <span class='ocr_line' id='line_1_14' title="bbox 225 925 1439 978; baseline -0.003 -12"><span class='ocrx_word' id='word_1_106' title='bbox 225 928 300 966; x_wconf 89' lang='lat' dir='ltr'>Sed</span> <span class='ocrx_word' id='word_1_107' title='bbox 332 932 488 978; x_wconf 87' lang='lat' dir='ltr'>praeter</span> <span class='ocrx_word' id='word_1_108' title='bbox 524 926 696 978; x_wconf 90' lang='lat' dir='ltr'>pueriles</span> <span class='ocrx_word' id='word_1_109' title='bbox 734 938 901 977; x_wconf 85' lang='lat' dir='ltr'>poenas,</span> <span class='ocrx_word' id='word_1_110' title='bbox 943 927 1025 964; x_wconf 90' lang='lat' dir='ltr'>sine</span> <span class='ocrx_word' id='word_1_111' title='bbox 1059 925 1200 975; x_wconf 87' lang='lat' dir='ltr'>quibus</span> <span class='ocrx_word' id='word_1_112' title='bbox 1233 925 1330 963; x_wconf 90' lang='lat' dir='ltr'>disci</span> <span class='ocrx_word' id='word_1_113' title='bbox 1362 937 1439 962; x_wconf 92' lang='lat' dir='ltr'>non</span> 
     </span>
     <span class='ocr_line' id='line_1_15' title="bbox 107 983 1438 1037; baseline -0.003 -13"><span class='ocrx_word' id='word_1_114' title='bbox 107 991 235 1037; x_wconf 88' lang='lat' dir='ltr'>potest</span> <span class='ocrx_word' id='word_1_115' title='bbox 273 986 376 1036; x_wconf 87' lang='lat' dir='ltr'>quod</span> <span class='ocrx_word' id='word_1_116' title='bbox 417 987 582 1023; x_wconf 90' lang='lat' dir='ltr'>maiores</span> <span class='ocrx_word' id='word_1_117' title='bbox 623 985 772 1036; x_wconf 90' lang='lat' dir='ltr'>volunt,</span> <span class='ocrx_word' id='word_1_118' title='bbox 811 985 878 1034; x_wconf 90' lang='lat' dir='ltr'>qui</span> <span class='ocrx_word' id='word_1_119' title='bbox 917 985 977 1021; x_wconf 88' lang='lat' dir='ltr'>vix</span> <span class='ocrx_word' id='word_1_120' title='bbox 1019 983 1163 1033; x_wconf 89' lang='lat' dir='ltr'>aliquid</span> <span class='ocrx_word' id='word_1_121' title='bbox 1196 983 1344 1021; x_wconf 87' lang='lat' dir='ltr'>utiliter</span> <span class='ocrx_word' id='word_1_122' title='bbox 1376 995 1438 1020; x_wconf 89' lang='lat' dir='ltr'>vo-</span> 
     </span>
     <span class='ocr_line' id='line_1_16' title="bbox 106 1041 1440 1097; baseline -0.003 -15"><span class='ocrx_word' id='word_1_123' title='bbox 106 1044 211 1097; x_wconf 85' lang='lat' dir='ltr'>lunt,</span> <span class='ocrx_word' id='word_1_124' title='bbox 253 1049 347 1095; x_wconf 90' lang='lat' dir='ltr'>quot</span> <span class='ocrx_word' id='word_1_125' title='bbox 388 1050 426 1082; x_wconf 90' lang='lat' dir='ltr'>et</span> <span class='ocrx_word' id='word_1_126' title='bbox 467 1045 620 1093; x_wconf 88' lang='lat' dir='ltr'>quantis</span> <span class='ocrx_word' id='word_1_127' title='bbox 660 1044 796 1094; x_wconf 90' lang='lat' dir='ltr'>poenis</span> <span class='ocrx_word' id='word_1_128' title='bbox 843 1054 965 1092; x_wconf 87' lang='lat' dir='ltr'>genus</span> <span class='ocrx_word' id='word_1_129' title='bbox 1008 1043 1175 1091; x_wconf 84' lang='lat' dir='ltr'>agitetur</span> <span class='ocrx_word' id='word_1_130' title='bbox 1215 1041 1440 1091; x_wconf 89' lang='lat' dir='ltr'>humanum,</span> 
     </span>
     <span class='ocr_line' id='line_1_17' title="bbox 107 1099 1438 1153; baseline -0.004 -12"><span class='ocrx_word' id='word_1_131' title='bbox 107 1114 204 1153; x_wconf 86' lang='lat' dir='ltr'>quae</span> <span class='ocrx_word' id='word_1_132' title='bbox 246 1114 324 1140; x_wconf 90' lang='lat' dir='ltr'>non</span> <span class='ocrx_word' id='word_1_133' title='bbox 365 1101 410 1139; x_wconf 88' lang='lat' dir='ltr'>ad</span> <span class='ocrx_word' id='word_1_134' title='bbox 451 1101 635 1139; x_wconf 84' lang='lat' dir='ltr'>malitiam</span> <span class='ocrx_word' id='word_1_135' title='bbox 676 1102 965 1151; x_wconf 81' lang='lat' dir='ltr'>nequitiamque</span> <span class='ocrx_word' id='word_1_136' title='bbox 1003 1101 1248 1151; x_wconf 87' lang='lat' dir='ltr'>iniquorum,</span> <span class='ocrx_word' id='word_1_137' title='bbox 1287 1099 1355 1137; x_wconf 89' lang='lat' dir='ltr'>sed</span> <span class='ocrx_word' id='word_1_138' title='bbox 1394 1099 1438 1137; x_wconf 90' lang='lat' dir='ltr'>ad</span> 
     </span>
     <span class='ocr_line' id='line_1_18' title="bbox 108 1157 1439 1211; baseline -0.004 -12"><span class='ocrx_word' id='word_1_139' title='bbox 108 1161 376 1199; x_wconf 90' lang='lat' dir='ltr'>condicionem</span> <span class='ocrx_word' id='word_1_140' title='bbox 406 1161 605 1211; x_wconf 84' lang='lat' dir='ltr'>pertinent</span> <span class='ocrx_word' id='word_1_141' title='bbox 637 1160 910 1209; x_wconf 84' lang='lat' dir='ltr'>miseriamque</span> <span class='ocrx_word' id='word_1_142' title='bbox 944 1170 1211 1209; x_wconf 89' lang='lat' dir='ltr'>communem,</span> <span class='ocrx_word' id='word_1_143' title='bbox 1243 1159 1330 1207; x_wconf 89' lang='lat' dir='ltr'>quis</span> <span class='ocrx_word' id='word_1_144' title='bbox 1363 1157 1439 1195; x_wconf 90' lang='lat' dir='ltr'>ullo</span> 
     </span>
     <span class='ocr_line' id='line_1_19' title="bbox 109 1213 1441 1268; baseline -0.003 -11"><span class='ocrx_word' id='word_1_145' title='bbox 109 1231 288 1257; x_wconf 90' lang='lat' dir='ltr'>sermone</span> <span class='ocrx_word' id='word_1_146' title='bbox 345 1216 514 1268; x_wconf 87' lang='lat' dir='ltr'>digerit?</span> <span class='ocrx_word' id='word_1_147' title='bbox 571 1219 657 1268; x_wconf 87' lang='lat' dir='ltr'>quis</span> <span class='ocrx_word' id='word_1_148' title='bbox 714 1217 790 1255; x_wconf 88' lang='lat' dir='ltr'>ulla</span> <span class='ocrx_word' id='word_1_149' title='bbox 847 1218 1077 1266; x_wconf 83' lang='lat' dir='ltr'>cogitatione</span> <span class='ocrx_word' id='word_1_150' title='bbox 1130 1213 1441 1266; x_wconf 78' lang='lat' dir='ltr'>conprehendit?</span> 
     </span>
     <span class='ocr_line' id='line_1_20' title="bbox 109 1273 1439 1331; baseline -0.003 -16"><span class='ocrx_word' id='word_1_151' title='bbox 109 1277 284 1322; x_wconf 86' lang='lat' dir='ltr'>Quantus</span> <span class='ocrx_word' id='word_1_152' title='bbox 317 1281 378 1315; x_wconf 85' lang='lat' dir='ltr'>est</span> <span class='ocrx_word' id='word_1_153' title='bbox 408 1282 547 1327; x_wconf 86' lang='lat' dir='ltr'>metus,</span> <span class='ocrx_word' id='word_1_154' title='bbox 580 1281 721 1331; x_wconf 84' lang='lat' dir='ltr'>quanta</span> <span class='ocrx_word' id='word_1_155' title='bbox 754 1275 949 1313; x_wconf 87' lang='lat' dir='ltr'>calamitas</span> <span class='ocrx_word' id='word_1_156' title='bbox 982 1273 1027 1312; x_wconf 88' lang='lat' dir='ltr'>ab</span> <span class='ocrx_word' id='word_1_157' title='bbox 1061 1273 1293 1312; x_wconf 82' lang='lat' dir='ltr'>orbitatibus</span> <span class='ocrx_word' id='word_1_158' title='bbox 1326 1279 1439 1324; x_wconf 84' lang='lat' dir='ltr'>atque</span> 
     </span>
    </p>
   </div>
   <div class='ocr_carea' id='block_1_3' title="bbox 108 1331 1477 1387">
    <p class='ocr_par' dir='ltr' id='par_1_4' title="bbox 108 1331 1477 1387">
     <span class='ocr_line' id='line_1_21' title="bbox 108 1331 1477 1387; baseline -0.003 -14"><span class='ocrx_word' id='word_1_159' title='bbox 108 1336 227 1387; x_wconf 89' lang='lat' dir='ltr'>luctu,</span> <span class='ocrx_word' id='word_1_160' title='bbox 260 1347 279 1372; x_wconf 86' lang='lat' dir='ltr'>a</span> <span class='ocrx_word' id='word_1_161' title='bbox 307 1334 455 1372; x_wconf 88' lang='lat' dir='ltr'>damnis</span> <span class='ocrx_word' id='word_1_162' title='bbox 483 1339 521 1372; x_wconf 86' lang='lat' dir='ltr'>et</span> <span class='ocrx_word' id='word_1_163' title='bbox 547 1333 870 1384; x_wconf 88' lang='lat' dir='ltr'>damnationibus,</span> <span class='ocrx_word' id='word_1_164' title='bbox 902 1345 922 1370; x_wconf 92' lang='lat' dir='ltr'>a</span> <span class='ocrx_word' id='word_1_165' title='bbox 948 1331 1244 1382; x_wconf 86' lang='lat' dir='ltr'>deceptionibus</span> <span class='ocrx_word' id='word_1_166' title='bbox 1272 1337 1309 1370; x_wconf 89' lang='lat' dir='ltr'>et</span> <span class='ocrx_word' id='word_1_167' title='bbox 1336 1344 1436 1369; x_wconf 87' lang='lat' dir='ltr'>men·</span> <span class='ocrx_word' id='word_1_168' title='bbox 1470 1347 1477 1354; x_wconf 91' lang='lat'><strong>·</strong></span> 
     </span>
    </p>
   </div>
   <div class='ocr_carea' id='block_1_4' title="bbox 108 1389 1442 1618">
    <p class='ocr_par' dir='ltr' id='par_1_5' title="bbox 108 1389 1442 1618">
     <span class='ocr_line' id='line_1_22' title="bbox 108 1389 1440 1444; baseline -0.002 -13"><span class='ocrx_word' id='word_1_169' title='bbox 108 1393 228 1431; x_wconf 89' lang='lat' dir='ltr'>daciis</span> <span class='ocrx_word' id='word_1_170' title='bbox 254 1393 466 1444; x_wconf 89' lang='lat' dir='ltr'>bominum,</span> <span class='ocrx_word' id='word_1_171' title='bbox 498 1405 518 1430; x_wconf 92' lang='lat' dir='ltr'>a</span> <span class='ocrx_word' id='word_1_172' title='bbox 543 1391 830 1442; x_wconf 87' lang='lat' dir='ltr'>suspicionibus</span> <span class='ocrx_word' id='word_1_173' title='bbox 857 1390 974 1442; x_wconf 88' lang='lat' dir='ltr'>falsis,</span> <span class='ocrx_word' id='word_1_174' title='bbox 1007 1390 1052 1428; x_wconf 88' lang='lat' dir='ltr'>ab</span> <span class='ocrx_word' id='word_1_175' title='bbox 1086 1389 1266 1428; x_wconf 89' lang='lat' dir='ltr'>omnibus</span> <span class='ocrx_word' id='word_1_176' title='bbox 1299 1390 1440 1428; x_wconf 86' lang='lat' dir='ltr'>violen-</span> 
     </span>
     <span class='ocr_line' id='line_1_23' title="bbox 110 1447 1442 1499; baseline -0.002 -10"><span class='ocrx_word' id='word_1_177' title='bbox 110 1454 158 1490; x_wconf 88' lang='lat' dir='ltr'>tis</span> <span class='ocrx_word' id='word_1_178' title='bbox 200 1450 436 1489; x_wconf 83' lang='lat' dir='ltr'>facinoribus</span> <span class='ocrx_word' id='word_1_179' title='bbox 481 1456 519 1488; x_wconf 91' lang='lat' dir='ltr'>et</span> <span class='ocrx_word' id='word_1_180' title='bbox 557 1449 771 1488; x_wconf 88' lang='lat' dir='ltr'>sceleribus</span> <span class='ocrx_word' id='word_1_181' title='bbox 809 1447 960 1487; x_wconf 84' lang='lat' dir='ltr'>alienis!</span> <span class='ocrx_word' id='word_1_182' title='bbox 1006 1448 1160 1499; x_wconf 89' lang='lat' dir='ltr'>quando</span> <span class='ocrx_word' id='word_1_183' title='bbox 1200 1448 1355 1498; x_wconf 88' lang='lat' dir='ltr'>quidem</span> <span class='ocrx_word' id='word_1_184' title='bbox 1395 1447 1442 1486; x_wconf 91' lang='lat' dir='ltr'>ab</span> 
     </span>
     <span class='ocr_line' id='line_1_24' title="bbox 110 1507 1442 1560; baseline -0.003 -12"><span class='ocrx_word' id='word_1_185' title='bbox 110 1511 166 1548; x_wconf 90' lang='lat' dir='ltr'>eis</span> <span class='ocrx_word' id='word_1_186' title='bbox 199 1515 237 1548; x_wconf 89' lang='lat' dir='ltr'>et</span> <span class='ocrx_word' id='word_1_187' title='bbox 269 1508 516 1560; x_wconf 87' lang='lat' dir='ltr'>depraedatio</span> <span class='ocrx_word' id='word_1_188' title='bbox 550 1514 589 1546; x_wconf 90' lang='lat' dir='ltr'>et</span> <span class='ocrx_word' id='word_1_189' title='bbox 628 1509 849 1558; x_wconf 79' lang='lat' dir='ltr'>captivitas,</span> <span class='ocrx_word' id='word_1_190' title='bbox 883 1513 921 1545; x_wconf 89' lang='lat' dir='ltr'>et</span> <span class='ocrx_word' id='word_1_191' title='bbox 953 1507 1077 1545; x_wconf 86' lang='lat' dir='ltr'>vincla</span> <span class='ocrx_word' id='word_1_192' title='bbox 1109 1511 1148 1544; x_wconf 90' lang='lat' dir='ltr'>et</span> <span class='ocrx_word' id='word_1_193' title='bbox 1180 1518 1371 1559; x_wconf 89' lang='lat' dir='ltr'>carceres,</span> <span class='ocrx_word' id='word_1_194' title='bbox 1404 1513 1442 1544; x_wconf 88' lang='lat' dir='ltr'>et</span> 
     </span>
     <span class='ocr_line' id='line_1_25' title="bbox 109 1564 1441 1618; baseline -0.003 -12"><span class='ocrx_word' id='word_1_195' title='bbox 109 1567 219 1606; x_wconf 87' lang='lat' dir='ltr'>exilia</span> <span class='ocrx_word' id='word_1_196' title='bbox 261 1572 299 1606; x_wconf 88' lang='lat' dir='ltr'>et</span> <span class='ocrx_word' id='word_1_197' title='bbox 336 1569 550 1618; x_wconf 89' lang='lat' dir='ltr'>cruciatus,</span> <span class='ocrx_word' id='word_1_198' title='bbox 590 1572 629 1605; x_wconf 88' lang='lat' dir='ltr'>et</span> <span class='ocrx_word' id='word_1_199' title='bbox 666 1567 876 1617; x_wconf 87' lang='lat' dir='ltr'>amputatio</span> <span class='ocrx_word' id='word_1_200' title='bbox 910 1564 1176 1603; x_wconf 89' lang='lat' dir='ltr'>membrorum</span> <span class='ocrx_word' id='word_1_201' title='bbox 1209 1570 1247 1603; x_wconf 88' lang='lat' dir='ltr'>et</span> <span class='ocrx_word' id='word_1_202' title='bbox 1278 1566 1441 1615; x_wconf 90' lang='lat' dir='ltr'>privatio</span> 
     </span>
    </p>
   </div>
   <div class='ocr_carea' id='block_1_5' title="bbox 110 1622 1508 1676">
    <p class='ocr_par' dir='ltr' id='par_1_6' title="bbox 110 1622 1508 1676">
     <span class='ocr_line' id='line_1_26' title="bbox 110 1622 1508 1676; baseline -0.003 -12"><span class='ocrx_word' id='word_1_203' title='bbox 110 1638 317 1674; x_wconf 87' lang='lat' dir='ltr'>sensuum,</span> <span class='ocrx_word' id='word_1_204' title='bbox 358 1630 398 1664; x_wconf 90' lang='lat' dir='ltr'>et</span> <span class='ocrx_word' id='word_1_205' title='bbox 441 1626 643 1676; x_wconf 86' lang='lat' dir='ltr'>oppressio</span> <span class='ocrx_word' id='word_1_206' title='bbox 687 1625 864 1674; x_wconf 90' lang='lat' dir='ltr'>corporis</span> <span class='ocrx_word' id='word_1_207' title='bbox 904 1623 949 1661; x_wconf 88' lang='lat' dir='ltr'>ad</span> <span class='ocrx_word' id='word_1_208' title='bbox 992 1623 1200 1661; x_wconf 86' lang='lat' dir='ltr'>obscenam</span> <span class='ocrx_word' id='word_1_209' title='bbox 1243 1622 1442 1661; x_wconf 88' lang='lat' dir='ltr'>libidinem</span> <span class='ocrx_word' id='word_1_210' title='bbox 1496 1630 1508 1638; x_wconf 86' lang='grc'><em>·</em></span> 
     </span>
    </p>
   </div>
   <div class='ocr_carea' id='block_1_6' title="bbox 109 1681 1443 2084">
    <p class='ocr_par' dir='ltr' id='par_1_7' title="bbox 109 1681 1443 2084">
     <span class='ocr_line' id='line_1_27' title="bbox 110 1681 1442 1735; baseline -0.003 -13"><span class='ocrx_word' id='word_1_211' title='bbox 110 1685 366 1735; x_wconf 81' lang='lat' dir='ltr'>oppriinentis</span> <span class='ocrx_word' id='word_1_212' title='bbox 398 1683 625 1734; x_wconf 85' lang='lat' dir='ltr'>explendam</span> <span class='ocrx_word' id='word_1_213' title='bbox 658 1688 697 1721; x_wconf 88' lang='lat' dir='ltr'>et</span> <span class='ocrx_word' id='word_1_214' title='bbox 727 1682 799 1720; x_wconf 89' lang='lat' dir='ltr'>alia</span> <span class='ocrx_word' id='word_1_215' title='bbox 831 1681 949 1720; x_wconf 88' lang='lat' dir='ltr'>multa</span> <span class='ocrx_word' id='word_1_216' title='bbox 980 1681 1174 1719; x_wconf 86' lang='lat' dir='ltr'>horrenda</span> <span class='ocrx_word' id='word_1_217' title='bbox 1206 1693 1320 1732; x_wconf 88' lang='lat' dir='ltr'>saepe</span> <span class='ocrx_word' id='word_1_218' title='bbox 1353 1693 1442 1719; x_wconf 90' lang='lat' dir='ltr'>con-</span> 
     </span>
     <span class='ocr_line' id='line_1_28' title="bbox 110 1739 1441 1793; baseline -0.002 -13"><span class='ocrx_word' id='word_1_219' title='bbox 110 1744 276 1793; x_wconf 86' lang='lat' dir='ltr'>tingunt.</span> <span class='ocrx_word' id='word_1_220' title='bbox 338 1739 469 1786; x_wconf 87' lang='lat' dir='ltr'>Quid?</span> <span class='ocrx_word' id='word_1_221' title='bbox 495 1741 540 1779; x_wconf 89' lang='lat' dir='ltr'>ab</span> <span class='ocrx_word' id='word_1_222' title='bbox 561 1745 777 1779; x_wconf 87' lang='lat' dir='ltr'>innumeris</span> <span class='ocrx_word' id='word_1_223' title='bbox 807 1739 960 1778; x_wconf 85' lang='lat' dir='ltr'>casibus</span> <span class='ocrx_word' id='word_1_224' title='bbox 987 1752 1084 1790; x_wconf 88' lang='lat' dir='ltr'>quae</span> <span class='ocrx_word' id='word_1_225' title='bbox 1113 1740 1331 1777; x_wconf 87' lang='lat' dir='ltr'>forinsecus</span> <span class='ocrx_word' id='word_1_226' title='bbox 1358 1752 1441 1778; x_wconf 91' lang='lat' dir='ltr'>cor-</span> 
     </span>
     <span class='ocr_line' id='line_1_29' title="bbox 109 1797 1443 1851; baseline -0.002 -13"><span class='ocrx_word' id='word_1_227' title='bbox 109 1802 196 1851; x_wconf 90' lang='lat' dir='ltr'>pori</span> <span class='ocrx_word' id='word_1_228' title='bbox 240 1800 518 1851; x_wconf 87' lang='lat' dir='ltr'>formidantur,</span> <span class='ocrx_word' id='word_1_229' title='bbox 567 1798 738 1837; x_wconf 87' lang='lat' dir='ltr'>aestibus</span> <span class='ocrx_word' id='word_1_230' title='bbox 788 1803 827 1836; x_wconf 86' lang='lat' dir='ltr'>et</span> <span class='ocrx_word' id='word_1_231' title='bbox 870 1798 1102 1850; x_wconf 87' lang='lat' dir='ltr'>frigoribus,</span> <span class='ocrx_word' id='word_1_232' title='bbox 1145 1797 1443 1848; x_wconf 86' lang='lat' dir='ltr'>tempestatibus</span> 
     </span>
     <span class='ocr_line' id='line_1_30' title="bbox 110 1856 1442 1909; baseline -0.002 -13"><span class='ocrx_word' id='word_1_233' title='bbox 110 1858 301 1897; x_wconf 90' lang='lat' dir='ltr'>imbribus</span> <span class='ocrx_word' id='word_1_234' title='bbox 333 1857 620 1909; x_wconf 87' lang='lat' dir='ltr'>adluvionibus,</span> <span class='ocrx_word' id='word_1_235' title='bbox 653 1858 922 1895; x_wconf 87' lang='lat' dir='ltr'>coruscatione</span> <span class='ocrx_word' id='word_1_236' title='bbox 954 1857 1121 1908; x_wconf 86' lang='lat' dir='ltr'>tonitru,</span> <span class='ocrx_word' id='word_1_237' title='bbox 1153 1856 1339 1906; x_wconf 85' lang='lat' dir='ltr'>grandine</span> <span class='ocrx_word' id='word_1_238' title='bbox 1371 1856 1442 1894; x_wconf 85' lang='lat' dir='ltr'>ful-</span> 
     </span>
     <span class='ocr_line' id='line_1_31' title="bbox 111 1913 1442 1966; baseline -0.002 -11"><span class='ocrx_word' id='word_1_239' title='bbox 111 1918 231 1965; x_wconf 90' lang='lat' dir='ltr'>mine,</span> <span class='ocrx_word' id='word_1_240' title='bbox 272 1915 440 1954; x_wconf 91' lang='lat' dir='ltr'>motibus</span> <span class='ocrx_word' id='word_1_241' title='bbox 478 1915 725 1966; x_wconf 89' lang='lat' dir='ltr'>hiatibusque</span> <span class='ocrx_word' id='word_1_242' title='bbox 764 1921 975 1966; x_wconf 90' lang='lat' dir='ltr'>terrarum,</span> <span class='ocrx_word' id='word_1_243' title='bbox 1013 1913 1332 1965; x_wconf 87' lang='lat' dir='ltr'>oppressionibus</span> <span class='ocrx_word' id='word_1_244' title='bbox 1364 1915 1442 1953; x_wconf 90' lang='lat' dir='ltr'>rui-</span> 
     </span>
     <span class='ocr_line' id='line_1_32' title="bbox 111 1972 1441 2026; baseline -0.002 -13"><span class='ocrx_word' id='word_1_245' title='bbox 111 1987 269 2026; x_wconf 88' lang='lat' dir='ltr'>narum,</span> <span class='ocrx_word' id='word_1_246' title='bbox 311 1973 356 2012; x_wconf 88' lang='lat' dir='ltr'>ab</span> <span class='ocrx_word' id='word_1_247' title='bbox 399 1973 678 2013; x_wconf 82' lang='lat' dir='ltr'>offensionibus</span> <span class='ocrx_word' id='word_1_248' title='bbox 717 1978 756 2012; x_wconf 88' lang='lat' dir='ltr'>et</span> <span class='ocrx_word' id='word_1_249' title='bbox 791 1985 932 2024; x_wconf 89' lang='lat' dir='ltr'>pavore</span> <span class='ocrx_word' id='word_1_250' title='bbox 972 1972 1031 2010; x_wconf 89' lang='lat' dir='ltr'>vel</span> <span class='ocrx_word' id='word_1_251' title='bbox 1063 1973 1178 2010; x_wconf 88' lang='lat' dir='ltr'>etiam</span> <span class='ocrx_word' id='word_1_252' title='bbox 1210 1972 1353 2010; x_wconf 88' lang='lat' dir='ltr'>malitia</span> <span class='ocrx_word' id='word_1_253' title='bbox 1385 1974 1441 2011; x_wconf 92' lang='lat' dir='ltr'>iu-</span> 
     </span>
     <span class='ocr_line' id='line_1_33' title="bbox 112 2031 1443 2084; baseline -0.002 -13"><span class='ocrx_word' id='word_1_254' title='bbox 112 2038 356 2084; x_wconf 87' lang='lat' dir='ltr'>mentorum,</span> <span class='ocrx_word' id='word_1_255' title='bbox 399 2045 421 2071; x_wconf 88' lang='lat' dir='ltr'>a</span> <span class='ocrx_word' id='word_1_256' title='bbox 463 2038 522 2071; x_wconf 82' lang='lat' dir='ltr'>tot</span> <span class='ocrx_word' id='word_1_257' title='bbox 564 2033 723 2070; x_wconf 88' lang='lat' dir='ltr'>venenis</span> <span class='ocrx_word' id='word_1_258' title='bbox 767 2031 953 2070; x_wconf 87' lang='lat' dir='ltr'>fruticum</span> <span class='ocrx_word' id='word_1_259' title='bbox 998 2042 1210 2082; x_wconf 85' lang='lat' dir='ltr'>aquarum,</span> <span class='ocrx_word' id='word_1_260' title='bbox 1260 2042 1443 2069; x_wconf 87' lang='lat' dir='ltr'>aurarum</span> 
     </span>
    </p>
   </div>
   <div class='ocr_carea' id='block_1_7' title="bbox 215 2144 388 2147">
    <p class='ocr_par' dir='ltr' id='par_1_8' title="bbox 215 2144 388 2147">
     <span class='ocr_line' id='line_1_34' title="bbox 215 2144 388 2147; baseline 0 0"><span class='ocrx_word' id='word_1_261' title='bbox 215 2144 388 2147; x_wconf 95' lang='lat' dir='ltr'> </span> 
     </span>
    </p>
   </div>
   <div class='ocr_carea' id='block_1_8' title="bbox 111 2200 1445 2331">
    <p class='ocr_par' dir='ltr' id='par_1_9' title="bbox 111 2200 1445 2331">
     <span class='ocr_line' id='line_1_35' title="bbox 205 2200 1445 2247; baseline -0.002 -10"><span class='ocrx_word' id='word_1_262' title='bbox 205 2207 224 2237; x_wconf 80' lang='grc'>2</span> <span class='ocrx_word' id='word_1_263' title='bbox 249 2203 403 2238; x_wconf 75' lang='lat' dir='ltr'>fortasse</span> <span class='ocrx_word' id='word_1_264' title='bbox 429 2213 484 2237; x_wconf 86' lang='lat' dir='ltr'>om</span> <span class='ocrx_word' id='word_1_265' title='bbox 520 2202 555 2236; x_wconf 82' lang='lat' dir='ltr'><em>R</em></span> <span class='ocrx_word' id='word_1_266' title='bbox 574 2203 585 2246; x_wconf 87' lang='grc' dir='ltr'>ΙΙ</span> <span class='ocrx_word' id='word_1_267' title='bbox 605 2206 624 2237; x_wconf 89' lang='grc'>8</span> <span class='ocrx_word' id='word_1_268' title='bbox 651 2213 761 2245; x_wconf 85' lang='lat' dir='ltr'>quam</span> <span class='ocrx_word' id='word_1_269' title='bbox 787 2201 960 2246; x_wconf 83' lang='lat' dir='ltr'>procliuis</span> <span class='ocrx_word' id='word_1_270' title='bbox 987 2201 1076 2245; x_wconf 73' lang='lat' dir='ltr'>e²f²9</span> <span class='ocrx_word' id='word_1_271' title='bbox 1095 2202 1107 2245; x_wconf 85' lang='grc' dir='ltr'>ΙΙ</span> <span class='ocrx_word' id='word_1_272' title='bbox 1129 2204 1170 2234; x_wconf 88' lang='grc'><strong>10</strong></span> <span class='ocrx_word' id='word_1_273' title='bbox 1197 2200 1369 2245; x_wconf 79' lang='lat' dir='ltr'>segnities</span> <span class='ocrx_word' id='word_1_274' title='bbox 1393 2212 1414 2235; x_wconf 83' lang='lat' dir='ltr'><em>v</em></span> <span class='ocrx_word' id='word_1_275' title='bbox 1432 2200 1445 2247; x_wconf 70' lang='grc' dir='ltr'>Η</span> 
     </span>
     <span class='ocr_line' id='line_1_36' title="bbox 111 2247 1441 2302; baseline -0.002 -18"><span class='ocrx_word' id='word_1_276' title='bbox 111 2253 154 2302; x_wconf 69' lang='lat'>27</span> <span class='ocrx_word' id='word_1_277' title='bbox 181 2261 274 2293; x_wconf 83' lang='lat' dir='ltr'>quae</span> <span class='ocrx_word' id='word_1_278' title='bbox 300 2249 371 2284; x_wconf 74' lang='lat' dir='ltr'>BA</span> <span class='ocrx_word' id='word_1_279' title='bbox 402 2249 509 2284; x_wconf 77' lang='lat' dir='ltr'>Parr.</span> <span class='ocrx_word' id='word_1_280' title='bbox 536 2250 646 2290; x_wconf 57' lang='lat' dir='ltr'>mell„</span> <span class='ocrx_word' id='word_1_281' title='bbox 682 2248 745 2292; x_wconf 80' lang='lat' dir='ltr'>qui</span> <span class='ocrx_word' id='word_1_282' title='bbox 770 2259 789 2283; x_wconf 85' lang='lat' dir='ltr'><em>v</em></span> <span class='ocrx_word' id='word_1_283' title='bbox 815 2250 827 2292; x_wconf 86' lang='grc' dir='ltr'>ΙΙ</span> <span class='ocrx_word' id='word_1_284' title='bbox 853 2252 896 2282; x_wconf 82' lang='grc'><strong>31</strong></span> <span class='ocrx_word' id='word_1_285' title='bbox 925 2247 1186 2282; x_wconf 83' lang='lat' dir='ltr'>offensionibus</span> <span class='ocrx_word' id='word_1_286' title='bbox 1211 2258 1299 2289; x_wconf 75' lang='lat' dir='ltr'>mss;</span> <span class='ocrx_word' id='word_1_287' title='bbox 1331 2247 1441 2282; x_wconf 87' lang='lat' dir='ltr'>offen-</span> 
     </span>
     <span class='ocr_line' id='line_1_37' title="bbox 111 2307 256 2331; baseline 0 0"><span class='ocrx_word' id='word_1_288' title='bbox 111 2307 212 2331; x_wconf 72' lang='lat' dir='ltr'>fflone</span> <span class='ocrx_word' id='word_1_289' title='bbox 237 2307 256 2331; x_wconf 86' lang='lat' dir='ltr'><em>v</em></span> 
     </span>
    </p>
   </div>
   <div class='ocr_carea' id='block_1_9' title="bbox 1468 758 1509 788">
    <p class='ocr_par' dir='ltr' id='par_1_10' title="bbox 1468 758 1509 788">
     <span class='ocr_line' id='line_1_38' title="bbox 1468 758 1509 788; baseline 0.024 -1"><span class='ocrx_word' id='word_1_290' title='bbox 1468 758 1509 788; x_wconf 89' lang='lat'>10</span> 
     </span>
    </p>
   </div>
   <div class='ocr_carea' id='block_1_10' title="bbox 1470 1050 1509 1079">
    <p class='ocr_par' dir='ltr' id='par_1_11' title="bbox 1470 1050 1509 1079">
     <span class='ocr_line' id='line_1_39' title="bbox 1470 1050 1509 1079; baseline 0.026 -1"><span class='ocrx_word' id='word_1_291' title='bbox 1470 1050 1509 1079; x_wconf 85' lang='lat'>15</span> 
     </span>
    </p>
   </div>
   <div class='ocr_carea' id='block_1_11' title="bbox 1469 1922 1513 1953">
    <p class='ocr_par' dir='ltr' id='par_1_12' title="bbox 1469 1922 1513 1953">
     <span class='ocr_line' id='line_1_40' title="bbox 1469 1922 1513 1953; baseline -0.023 0"><span class='ocrx_word' id='word_1_292' title='bbox 1469 1922 1513 1953; x_wconf 88' lang='lat'>30</span> 
     </span>
    </p>
   </div>
  </div>
 </body>
</html>
