1548 2562
422 133 474 157 DE
495 132 682 158 CIVITATE
702 133 771 157 DEI
790 133 822 157 L.
843 133 940 158 XXII.
962 133 990 159 c.
1011 135 1053 159 29.
1317 125 1401 165 625

72 223 154 260 suri
192 227 283 259 sunt
314 220 438 259 Deum
476 222 515 259 in
554 223 638 271 ipso
678 233 859 273 corpore,
890 221 965 260 sed
997 227 1129 261 utrum
1160 234 1231 272 per
1262 224 1401 274 ipsum,

72 281 173 318 sicut
214 291 285 330 per
331 291 473 330 corpus
519 291 621 317 nunc
666 279 840 317 videmus
885 279 1024 331 solem,
1068 280 1216 331 lunam,
1260 281 1401 332 stellas,

71 349 176 375 mare
209 349 252 375 ac
284 343 428 375 terram
467 343 504 375 et
543 349 639 387 quae
673 343 764 375 sunt
800 339 840 375 in
874 349 938 389 ea,
970 350 1046 376 non
1078 350 1192 389 parva
1226 341 1399 389 quaestio

72 401 141 433 est.
202 395 351 434 Durum
390 402 449 434 est
486 397 588 433 enim
627 395 774 447 dicere,
814 396 916 446 quod
955 398 1079 435 sancti
1118 397 1205 435 talia
1238 409 1400 448 corpora

71 459 163 492 tunc
207 453 425 505 habebunt,
473 460 517 492 ut
560 466 637 491 non
681 455 831 504 possint
881 454 1013 493 oculos
1061 455 1239 494 claudere
1285 462 1399 506 atque

71 513 222 562 aperire
263 524 352 550 cum
392 511 537 562 volent3
576 511 711 550 durius
750 517 879 550 autem
920 519 1002 564 est,
1045 513 1147 563 quod
1180 513 1233 552 ibi
1264 514 1399 566 Deum,

71 571 249 620 quisquis
281 570 413 608 oculos
446 569 644 621 clauserit,
678 582 753 608 non
786 570 940 609 videbit.
1004 571 1044 609 Si
1077 574 1178 610 enim
1210 572 1398 623 propheta

70 627 272 666 Helisaeus
312 640 478 679 puerum
520 640 633 666 suum
676 628 780 666 Giezi
821 628 960 667 absens
1001 642 1163 681 corpore
1209 631 1301 669 vidit
1338 643 1398 668 ac-

71 688 278 737 cipientem
317 698 499 738 munera,
540 698 636 736 quae
676 687 780 725 dedit
819 689 854 725 ei
892 687 1060 726 Naeman
1101 688 1241 740 Syrus,
1283 701 1397 739 quem

69 744 257 795 propheta
284 750 520 782 memoratus
547 757 567 782 a
593 744 720 795 leprae
748 745 991 784 deformitate
1025 746 1265 799 liberaverat,
1298 747 1400 797 quod

71 814 206 840 servus
247 815 413 853 nequam
455 803 609 840 domino
651 815 721 841 suo
761 816 837 841 non
876 804 1028 842 vidente
1071 805 1235 843 latenter
1273 818 1312 843 se
1347 806 1398 844 fe-

71 862 169 898 cisse
202 866 420 911 putaverat:
460 867 603 911 quanto
635 863 755 911 magis
787 863 826 899 in
859 862 922 900 illo
956 875 1119 913 corpore
1153 863 1316 914 spiritali
1348 865 1398 901 vi-

71 918 219 956 debunt
245 920 367 957 sancti
393 921 531 970 omnia,
564 932 640 957 non
668 920 791 957 solum
819 922 850 957 si
877 920 1010 958 oculos
1043 921 1233 973 claudant,
1265 934 1398 960 verum

72 978 185 1014 etiam
219 977 320 1015 unde
354 983 445 1015 sunt
476 989 639 1028 corpore
672 977 868 1016 absentes!
930 978 1039 1016 Tunc
1073 981 1174 1018 enim
1208 982 1280 1018 erit
1312 993 1398 1031 per-

71 1035 215 1073 fectum
248 1035 354 1087 illud,
386 1035 432 1073 de
459 1048 535 1085 quo
567 1035 729 1085 loquens
762 1036 976 1086 apostolus:
1010 1038 1072 1075 Ea:
1099 1043 1229 1086 parte,
1262 1040 1399 1090 inquit,

69 1095 215 1131 scimus
259 1098 297 1132 et
338 1105 390 1132 ex
426 1100 548 1142 parte
593 1096 898 1142 proplzetamus;
941 1107 1028 1133 cam
1074 1101 1204 1135 amem
1248 1100 1399 1135 venerit

70 1153 178 1199 quod
218 1151 443 1200 perfectum
494 1157 566 1198 est,
617 1154 724 1199 quod
770 1165 822 1191 ea:
859 1159 980 1202 parte
1024 1159 1081 1192 est
1124 1156 1397 1193 evacuabitur.

71 1209 215 1247 Deinde
248 1216 291 1248 ut
317 1222 392 1260 quo
420 1209 532 1248 modo
558 1216 690 1260 posset
722 1210 845 1260 aliqua
880 1211 1130 1250 similitudine
1163 1213 1398 1266 ostenderet,

71 1273 257 1317 quantum
303 1267 348 1305 ab
386 1267 448 1305 illa
488 1280 584 1318 quae
626 1269 754 1306 futura
794 1275 853 1307 est
890 1269 1008 1308 distet
1047 1270 1139 1308 haec
1177 1273 1275 1322 vita,
1321 1284 1397 1310 non

70 1325 409 1376 qualiumcumque
442 1325 655 1377 hominum,
686 1339 820 1364 verum
854 1329 967 1366 etiam
1000 1330 1064 1378 qui
1097 1331 1302 1380 praecipua
1336 1330 1397 1368 hic

71 1385 275 1421 sanctitate
327 1389 416 1422 sunt
461 1384 643 1434 praediti:
698 1386 790 1423 Cam
828 1398 965 1434 essem,
1010 1388 1153 1439 inquit,
1193 1391 1398 1440 parvulus,

70 1444 187 1489 quasi
212 1444 407 1490 parvulas
437 1443 650 1490 sapiebam,
682 1446 799 1491 quctse'
823 1447 1018 1492 parvulus
1049 1447 1251 1493 loquebar,
1284 1450 1401 1494 quasi

66 1503 261 1548 parvulus
287 1501 534 1548 coffl'tabam;
566 1513 653 1539 cum
681 1507 810 1540 aulem
834 1502 969 1550 saclas
994 1515 1079 1541 sum
1106 1506 1177 1552 vir,
1205 1508 1400 1543 evacuavi

70 1570 118 1596 ea
150 1570 253 1606 quae
280 1561 445 1607 parmai
474 1564 600 1596 erant.
673 1560 852 1599 Videmus
883 1573 990 1599 mmo
1016 1574 1092 1610 per
1123 1566 1323 1611 speculam
1357 1566 1394 1601 2'72

70 1619 304 1664 aem'fflnate,
337 1621 431 1654 lunc
457 1622 587 1654 aulem
609 1617 757 1665 faeiem
784 1621 840 1657 ad
864 1618 1024 1666 faciem.
1087 1621 1201 1659 Nunc
1232 1623 1314 1659 scio
1347 1634 1397 1660 ex
1447 1629 1461 1656 Γ

65 1680 196 1723 parte,
229 1680 323 1713 tanc
355 1680 485 1724 autem
517 1687 753 1723 cognoscam
783 1680 887 1715 sicul
918 1682 956 1715 et
986 1681 1167 1726 eoqnilus
1198 1691 1292 1717 sam.
1357 1679 1395 1718 Si

70 1744 162 1782 ergo
200 1734 239 1770 in
272 1732 341 1770 hac
374 1734 466 1784 vita,
504 1732 570 1770 ubi
609 1733 808 1772 hominum
846 1735 1078 1774 mirabilium
1111 1737 1311 1787 prophetia
1345 1740 1395 1776 ita

71 1790 324 1841 comparanda
359 1796 417 1828 est
448 1790 501 1828 illi
534 1793 650 1843 vitae,
683 1795 791 1842 quasi
822 1793 971 1844 parvuli
1003 1794 1048 1831 ad
1081 1796 1271 1847 iuvenem,
1303 1796 1396 1834 vidit

69 1854 198 1886 tamen
231 1848 430 1886 Helisaeus
469 1851 721 1900 accipientem
760 1863 921 1889 munera
963 1864 1117 1890 servum
1151 1866 1284 1901 suum,
1330 1854 1395 1892 ubi

69 1907 152 1957 ipse
178 1919 255 1944 non
282 1912 382 1945 erat:
413 1908 515 1944 itane
549 1920 635 1946 cum
669 1911 818 1947 venerit
850 1910 950 1959 quod
984 1911 1200 1961 perfectum
1233 1917 1292 1950 est
1324 1925 1394 1950 nec

69 1965 143 2002 iam
177 1977 318 2015 corpus
358 1965 610 2016 corruptibile
650 1967 869 2017 adgravahit
901 1970 1082 2020 animam,
1121 1969 1187 2007 sed
1219 1972 1394 2009 incorru-

69 2022 202 2073 ptibile
231 2022 324 2060 nihil
350 2024 546 2075 impediet,
578 2024 631 2062 illi
658 2028 781 2064 sancti
807 2026 852 2064 ad
880 2038 935 2078 ea,
968 2039 1064 2076 quae
1098 2027 1259 2066 videnda
1293 2035 1394 2077 sunt,

164 2126 219 2164 12)
246 2127 277 2158 2.
305 2123 392 2167 Reg.
419 2128 452 2164 5,
478 2128 532 2158 26.
584 2126 641 2168 17)
671 2131 699 2161 1.
727 2126 805 2160 Cor.
835 2131 887 2169 13,
915 2131 934 2160 9
961 2139 1012 2170 sq.
1064 2129 1120 2171 26)
1147 2128 1196 2161 Ib.
1227 2133 1265 2162 11
1295 2141 1337 2173 sq

162 2243 181 2272 6
209 2240 263 2273 est
282 2239 335 2279 Β,-
361 2250 424 2273 om.
445 2240 501 2273 Az-
520 2242 532 2283 Η
552 2245 570 2274 9
591 2252 722 2275 neman
748 2242 803 2283 R,·
827 2254 982 2278 neeman
1007 2245 1062 2286 A;
1087 2245 1253 2279 Naaman
1279 2257 1298 2279 v
1318 2247 1330 2289 ΙΙ
1352 2250 1392 2279 10

66 2284 288 2319 liberauerat
312 2285 366 2327 Β,-
391 2287 633 2320 mundauerat
659 2288 715 2322 Av
734 2290 745 2333 ΙΙ
765 2294 808 2323 25
833 2290 965 2324 faciem
991 2290 1045 2332 R,·
1076 2290 1170 2325 facie
1195 2293 1252 2325 Av

137 2356 210 2375 Auo.
231 2357 271 2374 m:
291 2356 352 2374 civ.
372 2357 434 2375 Dm.
472 2352 511 2375 Π.
1069 2354 1112 2383 40

1429 756 1469 785 10

1428 1047 1468 1076 15

1426 1338 1466 1367 ²20

1422 1921 1463 1950 30
