1495 2489
19 730 61 761 10

19 1022 60 1052 15

85 97 140 137 48
622 105 647 131 s.
668 105 884 131 AUGUS'HNI

87 195 248 247 ralium,
300 195 365 233 ubi
418 194 463 233 ad
517 194 772 232 exercendam
821 195 1074 234 infirmiorem
1124 196 1414 247 tardioremque

87 260 262 292 naturam
304 253 439 303 agilior
480 254 644 291 accessit
683 252 890 303 industria;
932 259 970 292 et
1010 266 1087 292 non
1129 254 1324 304 credimus
1364 254 1412 293 a'd

87 325 185 363 opus
226 312 488 363 generationis
527 310 716 361 filiorum,
764 312 796 349 si
836 311 954 365 libido
994 324 1072 353 non
1112 313 1271 365 fuisset,
1315 326 1413 364 quae

86 377 245 422 peccato
272 369 579 408 inoboedientiae
607 368 796 407 retributa
823 376 892 420 est,
918 369 1170 409 oboedienter
1190 371 1414 411 hominibus

88 429 135 467 ad
166 429 373 467 voluntatis
400 434 538 466 nutum
565 427 742 466 similiter
768 433 811 466 ut
836 435 965 467 cetera
995 431 1169 480 potuisse
1200 430 1263 468 illa
1294 442 1414 468 mem-

87 487 157 526 bra
189 485 363 525 servire?
412 486 548 524 Nonne
582 485 717 524 Cicero
750 488 788 524 in
820 486 929 525 libris
961 487 1027 526 de2
1040 500 1081 525 re
1113 487 1285 540 publica,
1327 501 1415 527 cum

88 546 134 584 de
172 547 426 596 imperiorum
466 545 683 583 differentia
724 544 939 595 disputaret
979 552 1017 584 et
1049 546 1164 584 huius
1196 548 1252 585 rei
1285 547 1415 585 simili-

87 604 260 643 tudinem
300 616 345 641 ex
377 609 513 642 natura
546 603 713 641 hominis
745 604 982 653 adsumeret,
1026 610 1069 642 ut
1100 605 1188 643 filiis
1220 605 1316 643 dixit
1346 607 1415 644 im-

87 664 216 714 perari
257 663 444 713 corporis.
474 661 658 700 membris
698 667 859 712 propter
902 662 1131 701 oboediendi
1175 664 1415 715 facilitatem3
1461 663 1464 666 ’

86 723 243 759 vitiosas
287 733 378 759 vero
423 721 539 758 animi
582 726 712 771 partes
756 726 799 759 ut
839 733 971 759 servos
1013 723 1208 772 asperiore
1252 723 1415 773 imperio

87 775 317 818 coherceri?
371 778 419 817 Et
451 780 585 828 utique
618 778 753 826 ordine
786 779 952 817 naturali
984 781 1135 818 animus
1167 782 1417 831 anteponitur

88 839 263 889 corpori,
305 843 343 876 et
382 841 518 875 tamen'
550 839 632 887 ipse
674 838 824 875 animus
866 840 1030 888 imperat
1071 840 1226 889 corpori
1266 839 1416 877 facilius

88 909 201 947 quam
234 896 317 934 sibi.
379 895 521 934 Verum
554 902 681 933 tamon
710 895 807 934 haec
839 896 978 948 libidO,
1018 897 1065 935 de
1098 892 1172 947 qua
1204 909 1308 936 nunc
1340 897 1415 936 dis-

88 956 266 1005 serimus,
298 967 343 993 eo
370 955 489 1005 magis
517 953 780 992 erubescenda
813 957 951 1006 extitit,
985 955 1085 1005 quod
1119 957 1269 994 animus
1300 957 1340 994 in
1373 968 1417 994 ea

87 1026 160 1052 nec
201 1013 274 1052 sibi
315 1014 524 1051 efficaciter
561 1014 745 1063 imperat,
787 1019 829 1051 ut
868 1015 1025 1051 omnino
1058 1026 1134 1051 non
1166 1013 1303 1066 libeat,
1341 1026 1416 1052 -nec

87 1073 192 1110 omni
223 1071 336 1110 modo
379 1072 554 1122 corpori,
591 1077 634 1109 ut
664 1070 844 1122 pudenda
876 1071 1049 1110 membra
1081 1072 1256 1111 voluntas
1287 1074 1416 1124 potius

87 1142 202 1181 quam
239 1130 356 1168 libido
395 1135 650 1179 commoveat3
691 1129 794 1179 quod
826 1131 859 1168 si
890 1131 943 1169 ita
974 1137 1097 1182 esset,
1128 1131 1308 1181 pudenda
1339 1143 1415 1169 non
1472 1164 1474 1166 ,

28 1191 31 1194 ’
87 1194 228 1227 essent.
289 1184 400 1226 Nunc
439 1200 528 1226 vero
567 1188 688 1238 pudet
718 1189 888 1226 animum
920 1190 1051 1227 resisti
1083 1188 1156 1227 sibi
1188 1201 1208 1227 a
1240 1201 1416 1241 corpore,

18 1315 61 1345 20

19 1606 61 1636 25

18 1898 61 1928 30

88 1247 190 1298 quod
229 1249 263 1285 ei
301 1253 438 1285 natura
476 1247 660 1284 inferiore
701 1246 920 1285 subiectum
953 1253 1022 1285 est.
1083 1247 1127 1286 In
1158 1247 1241 1285 aliis
1274 1249 1416 1298 quippe

88 1305 355 1344 affectionibus
397 1318 484 1343 cum
527 1304 600 1342 sibi
640 1306 807 1357 resistit,
848 1305 934 1343 ideo
974 1307 1102 1344 minus
1133 1306 1273 1358 pudet,
1313 1307 1417 1356 quia,

89 1376 177 1403 cum
209 1377 229 1402 a
261 1376 301 1402 se
329 1366 411 1414 ipso
440 1364 618 1414 vincitur,
650 1365 732 1414 ipse
766 1376 806 1401 se
839 1365 974 1414 vincit3
1006 1366 1080 1402 etsi
1111 1364 1329 1403 inordinate
1362 1370 1415 1403 at-

88 1417 161 1473 que
194 1424 348 1474 vitiose,
381 1424 470 1472 quia
501 1434 548 1460 ex
579 1421 639 1459 his
671 1421 859 1474 partibus,
892 1434 988 1472 quae
1021 1423 1162 1461 rationi
1194 1422 1320 1461 subici
1351 1422 1415 1461 de—

86 1481 196 1533 bent,
235 1487 361 1519 tamen
400 1493 420 1518 a
458 1480 633 1531 partibus
672 1481 753 1518 suis
791 1492 833 1518 ac
865 1493 934 1531 per
966 1481 1059 1532 hoc,
1091 1486 1135 1519 ut
1166 1481 1313 1519 dictum
1345 1487 1416 1531 est,

88 1552 108 1578 a
145 1552 186 1578 se
218 1541 302 1590 ipso
335 1541 513 1577 vincitur.
574 1538 669 1576 Nam
702 1551 790 1577 cuin
823 1539 996 1577 ordinate
1030 1552 1070 1577 se
1103 1541 1254 1577 animus
1286 1540 1417 1591 vincit,

89 1604 132 1637 ut
167 1597 456 1636 inrationabiles
494 1603 621 1635 motus
653 1598 745 1643 -eius
787 1599 906 1635 menti
938 1599 1155 1648 rationique
1189 1597 1417 1648 subdantur,

88 1658 121 1695 si
160 1662 289 1695 tamen
332 1662 369 1694 et
409 1656 470 1694 illa
512 1655 591 1693 Deo
633 1654 785 1693 subdita
827 1661 905 1707 est,
946 1656 1070 1694 laudis
1109 1662 1223 1706 atque
1262 1657 1417 1694 virtutis

89 1720 157 1754 est.
206 1715 333 1753 Minus
354 1720 481 1753 tamen
506 1714 638 1765 pudet,
670 1726 758 1751 cum
791 1713 864 1752 sibi
895 1716 1046 1753 animus
1078 1726 1124 1752 ex
1157 1715 1304 1752 vitiosis
1336 1715 1417 1752 suis

87 1773 262 1824 partibus
288 1785 365 1810 non
392 1772 644 1823 obtemperat,
676 1783 790 1822 quam
816 1785 903 1810 cum
936 1774 971 1810 ei
1004 1785 1157 1823 corpus,
1190 1772 1293 1823 quod
1325 1772 1416 1810 alte-

90 1844 175 1870 rum
215 1830 260 1869 ab
299 1831 363 1869 illo
403 1837 461 1868 est
500 1837 613 1880 atque
653 1831 753 1867 infra
790 1830 897 1868 illum
931 1836 990 1868 est
1022 1837 1061 1868 et
1093 1832 1203 1869 cuius
1235 1831 1319 1868 sine
1351 1829 1416 1868 illo

90 1897 223 1928 natura
257 1902 332 1927 non
366 1890 467 1939 vivit,
499 1888 640 1926 volenti
672 1887 897 1938 iubentique
930 1900 1007 1927 non
1040 1889 1152 1926 cedit.

182 1947 281 2002 ⁴Sed
315 1960 408 1994 cuin
440 1947 510 1984 alia
547 1946 718 1984 membra
750 1939 970 1985 retinentur
1003 1946 1208 1984 voluntatis
1240 1947 1416 1997 imperio,

89 2008 171 2044 sine
199 2005 341 2056 quibus
367 2005 440 2058 illa,
472 2017 569 2056 quae
596 2010 731 2043 contra
763 2004 998 2043 voluntatem
1030 2004 1187 2043 libidine
1221 2006 1415 2043 concitan-

183 2181 203 2211 6
228 2188 346 2211 nonne
374 2177 443 2210 hoc
477 2175 523 2209 V²
547 2177 559 2220 ΙΙ
588 2180 628 2209 14
655 2175 777 2209 extitit
801 2175 878 2209 AF
898 2179 974 2218 (39,
999 2179 1084 2219 29)‚·
1117 2175 1240 2210 existit
1271 2173 1322 2208 Vv
1341 2175 1414 2218 1125

88 2223 365 2305 ἰὲἲῗὲἓοέἰὲξίῗε
391 2223 520 2267 scripsi
543 2223 624 2264 (vol.
653 2223 689 2265 I,
714 2225 772 2265 53,
797 2225 861 2264 14;
887 2225 970 2265 370,
995 2226 1053 2265 11,·
1085 2225 1167 2266 373,
1187 2225 1232 2263 9,·
1257 2224 1338 2264 16),·
1363 2220 1415 2254 in-
