<?xml version="1.0" encoding="UTF-8"?>
<!DOCTYPE html PUBLIC "-//W3C//DTD XHTML 1.0 Transitional//EN"
    "http://www.w3.org/TR/xhtml1/DTD/xhtml1-transitional.dtd">
<html xmlns="http://www.w3.org/1999/xhtml" xml:lang="en" lang="en">
 <head>
  <title>
</title>
<meta http-equiv="Content-Type" content="text/html;charset=utf-8" />
  <meta name='ocr-system' content='tesseract 3.04.00' />
  <meta name='ocr-capabilities' content='ocr_page ocr_carea ocr_par ocr_line ocrx_word'/>
</head>
<body>
  <div class='ocr_page' id='page_1' title='image "./sanctiaureliiaug02auguuoft_0326.png"; bbox 0 0 1611 2465; ppageno 0'>
   <div class='ocr_carea' id='block_1_1' title="bbox 150 116 949 158">
    <p class='ocr_par' dir='ltr' id='par_1_1' title="bbox 150 116 949 158">
     <span class='ocr_line' id='line_1_1' title="bbox 150 116 949 158; baseline -0.006 -10"><span class='ocrx_word' id='word_1_1' title='bbox 150 116 234 158; x_wconf 76' lang='lat'>320</span> <span class='ocrx_word' id='word_1_2' title='bbox 683 120 710 145; x_wconf 71' lang='lat' dir='ltr'>s,</span> <span class='ocrx_word' id='word_1_3' title='bbox 731 118 949 145; x_wconf 56' lang='lat' dir='ltr'>AUGUSTns&#39;I</span> 
     </span>
    </p>
   </div>
   <div class='ocr_carea' id='block_1_2' title="bbox 103 206 1489 672">
    <p class='ocr_par' dir='ltr' id='par_1_2' title="bbox 103 206 1489 672">
     <span class='ocr_line' id='line_1_2' title="bbox 148 206 1484 262; baseline -0.007 -9"><span class='ocrx_word' id='word_1_4' title='bbox 148 212 351 253; x_wconf 82' lang='lat' dir='ltr'>honestate</span> <span class='ocrx_word' id='word_1_5' title='bbox 390 214 596 262; x_wconf 73' lang='lat' dir='ltr'>virtutum,</span> <span class='ocrx_word' id='word_1_6' title='bbox 634 209 681 247; x_wconf 89' lang='lat' dir='ltr'>de</span> <span class='ocrx_word' id='word_1_7' title='bbox 721 220 851 246; x_wconf 90' lang='lat' dir='ltr'>amore</span> <span class='ocrx_word' id='word_1_8' title='bbox 889 208 1055 258; x_wconf 80' lang='lat' dir='ltr'>patriae,</span> <span class='ocrx_word' id='word_1_9' title='bbox 1095 206 1141 244; x_wconf 89' lang='lat' dir='ltr'>de</span> <span class='ocrx_word' id='word_1_10' title='bbox 1175 206 1249 244; x_wconf 85' lang='lat' dir='ltr'>fide</span> <span class='ocrx_word' id='word_1_11' title='bbox 1282 206 1484 257; x_wconf 80' lang='lat' dir='ltr'>amicitiae,</span> 
     </span>
     <span class='ocr_line' id='line_1_3' title="bbox 150 263 1484 321; baseline -0.008 -9"><span class='ocrx_word' id='word_1_12' title='bbox 150 274 197 312; x_wconf 88' lang='lat' dir='ltr'>de</span> <span class='ocrx_word' id='word_1_13' title='bbox 230 272 341 311; x_wconf 90' lang='lat' dir='ltr'>bonis</span> <span class='ocrx_word' id='word_1_14' title='bbox 379 269 564 321; x_wconf 86' lang='lat' dir='ltr'>operibus</span> <span class='ocrx_word' id='word_1_15' title='bbox 603 273 717 318; x_wconf 82' lang='lat' dir='ltr'>atque</span> <span class='ocrx_word' id='word_1_16' title='bbox 757 265 938 304; x_wconf 87' lang='lat' dir='ltr'>omnibus</span> <span class='ocrx_word' id='word_1_17' title='bbox 975 264 1021 303; x_wconf 90' lang='lat' dir='ltr'>ad</span> <span class='ocrx_word' id='word_1_18' title='bbox 1060 276 1189 303; x_wconf 88' lang='lat' dir='ltr'>mores</span> <span class='ocrx_word' id='word_1_19' title='bbox 1222 263 1366 314; x_wconf 89' lang='lat' dir='ltr'>probos</span> <span class='ocrx_word' id='word_1_20' title='bbox 1397 275 1484 314; x_wconf 90' lang='lat' dir='ltr'>per-</span> 
     </span>
     <span class='ocr_line' id='line_1_4' title="bbox 150 322 1487 379; baseline -0.008 -9"><span class='ocrx_word' id='word_1_21' title='bbox 150 330 366 370; x_wconf 89' lang='lat' dir='ltr'>tinentibus</span> <span class='ocrx_word' id='word_1_22' title='bbox 405 328 541 379; x_wconf 89' lang='lat' dir='ltr'>rebus,</span> <span class='ocrx_word' id='word_1_23' title='bbox 585 326 759 377; x_wconf 85' lang='lat' dir='ltr'>quamvis</span> <span class='ocrx_word' id='word_1_24' title='bbox 798 325 1018 363; x_wconf 80' lang='lat' dir='ltr'>nescientes</span> <span class='ocrx_word' id='word_1_25' title='bbox 1056 323 1102 361; x_wconf 91' lang='lat' dir='ltr'>ad</span> <span class='ocrx_word' id='word_1_26' title='bbox 1141 335 1257 373; x_wconf 86' lang='lat' dir='ltr'>quem</span> <span class='ocrx_word' id='word_1_27' title='bbox 1298 322 1416 360; x_wconf 72' lang='lat' dir='ltr'>finem</span> <span class='ocrx_word' id='word_1_28' title='bbox 1448 328 1487 360; x_wconf 92' lang='lat' dir='ltr'>et</span> 
     </span>
     <span class='ocr_line' id='line_1_5' title="bbox 151 380 1487 441; baseline -0.008 -13"><span class='ocrx_word' id='word_1_29' title='bbox 151 401 319 441; x_wconf 88' lang='lat' dir='ltr'>quonam</span> <span class='ocrx_word' id='word_1_30' title='bbox 363 387 477 425; x_wconf 85' lang='lat' dir='ltr'>modo</span> <span class='ocrx_word' id='word_1_31' title='bbox 519 390 652 424; x_wconf 84' lang='lat' dir='ltr'>essent</span> <span class='ocrx_word' id='word_1_32' title='bbox 688 386 761 422; x_wconf 86' lang='lat' dir='ltr'>ista</span> <span class='ocrx_word' id='word_1_33' title='bbox 800 384 928 421; x_wconf 89' lang='lat' dir='ltr'>omnia</span> <span class='ocrx_word' id='word_1_34' title='bbox 965 381 1190 433; x_wconf 84' lang='lat' dir='ltr'>referenda,</span> <span class='ocrx_word' id='word_1_35' title='bbox 1234 380 1487 432; x_wconf 75' lang='lat' dir='ltr'>propheticis,</span> 
     </span>
     <span class='ocr_line' id='line_1_6' title="bbox 103 438 1485 496; baseline -0.009 -9"><span class='ocrx_word' id='word_1_36' title='bbox 103 457 123 488; x_wconf 84' lang='lat'>5</span> <span class='ocrx_word' id='word_1_37' title='bbox 150 449 223 486; x_wconf 89' lang='lat' dir='ltr'>hoc</span> <span class='ocrx_word' id='word_1_38' title='bbox 256 452 315 485; x_wconf 85' lang='lat' dir='ltr'>est</span> <span class='ocrx_word' id='word_1_39' title='bbox 347 446 498 496; x_wconf 81' lang='lat' dir='ltr'>divinis,</span> <span class='ocrx_word' id='word_1_40' title='bbox 529 443 702 494; x_wconf 91' lang='lat' dir='ltr'>vocibus,</span> <span class='ocrx_word' id='word_1_41' title='bbox 734 443 908 493; x_wconf 83' lang='lat' dir='ltr'>quamvis</span> <span class='ocrx_word' id='word_1_42' title='bbox 939 452 1010 491; x_wconf 91' lang='lat' dir='ltr'>per</span> <span class='ocrx_word' id='word_1_43' title='bbox 1042 440 1237 491; x_wconf 89' lang='lat' dir='ltr'>homines,</span> <span class='ocrx_word' id='word_1_44' title='bbox 1269 440 1308 477; x_wconf 94' lang='lat' dir='ltr'>in</span> <span class='ocrx_word' id='word_1_45' title='bbox 1340 438 1403 476; x_wconf 92' lang='lat' dir='ltr'>illa</span> <span class='ocrx_word' id='word_1_46' title='bbox 1436 440 1485 477; x_wconf 91' lang='lat' dir='ltr'>ci-</span> 
     </span>
     <span class='ocr_line' id='line_1_7' title="bbox 151 499 1489 555; baseline -0.007 -11"><span class='ocrx_word' id='word_1_47' title='bbox 151 508 266 544; x_wconf 85' lang='lat' dir='ltr'>vitate</span> <span class='ocrx_word' id='word_1_48' title='bbox 310 503 453 555; x_wconf 88' lang='lat' dir='ltr'>populo</span> <span class='ocrx_word' id='word_1_49' title='bbox 503 501 771 541; x_wconf 89' lang='lat' dir='ltr'>commendata</span> <span class='ocrx_word' id='word_1_50' title='bbox 816 505 930 551; x_wconf 89' lang='lat' dir='ltr'>sunt,</span> <span class='ocrx_word' id='word_1_51' title='bbox 980 511 1058 537; x_wconf 91' lang='lat' dir='ltr'>non</span> <span class='ocrx_word' id='word_1_52' title='bbox 1107 499 1489 549; x_wconf 81' lang='lat' dir='ltr'>argumentationum</span> 
     </span>
     <span class='ocr_line' id='line_1_8' title="bbox 152 554 1488 612; baseline -0.007 -10"><span class='ocrx_word' id='word_1_53' title='bbox 152 561 509 603; x_wconf 86' lang='lat' dir='ltr'>concertationibus</span> <span class='ocrx_word' id='word_1_54' title='bbox 540 560 753 612; x_wconf 88' lang='lat' dir='ltr'>inculcata,</span> <span class='ocrx_word' id='word_1_55' title='bbox 784 565 828 598; x_wconf 91' lang='lat' dir='ltr'>ut</span> <span class='ocrx_word' id='word_1_56' title='bbox 860 571 937 596; x_wconf 88' lang='lat' dir='ltr'>non</span> <span class='ocrx_word' id='word_1_57' title='bbox 969 558 1137 595; x_wconf 87' lang='lat' dir='ltr'>hominis</span> <span class='ocrx_word' id='word_1_58' title='bbox 1168 557 1388 607; x_wconf 83' lang='lat' dir='ltr'>ingenium,</span> <span class='ocrx_word' id='word_1_59' title='bbox 1419 554 1488 594; x_wconf 87' lang='lat' dir='ltr'>sed</span> 
     </span>
     <span class='ocr_line' id='line_1_9' title="bbox 151 614 1488 672; baseline -0.007 -11"><span class='ocrx_word' id='word_1_60' title='bbox 151 622 221 661; x_wconf 93' lang='lat' dir='ltr'>Dei</span> <span class='ocrx_word' id='word_1_61' title='bbox 247 621 444 672; x_wconf 88' lang='lat' dir='ltr'>eloquium</span> <span class='ocrx_word' id='word_1_62' title='bbox 471 625 724 658; x_wconf 86' lang='lat' dir='ltr'>contemnere</span> <span class='ocrx_word' id='word_1_63' title='bbox 757 617 996 668; x_wconf 86' lang='lat' dir='ltr'>formidaret,</span> <span class='ocrx_word' id='word_1_64' title='bbox 1028 617 1095 666; x_wconf 91' lang='lat' dir='ltr'>qui</span> <span class='ocrx_word' id='word_1_65' title='bbox 1126 614 1190 654; x_wconf 91' lang='lat' dir='ltr'>illa</span> <span class='ocrx_word' id='word_1_66' title='bbox 1221 619 1488 665; x_wconf 87' lang='lat' dir='ltr'>cognosceret.</span> 
     </span>
    </p>
   </div>
   <div class='ocr_carea' id='block_1_3' title="bbox 659 733 979 796">
    <p class='ocr_par' dir='ltr' id='par_1_3' title="bbox 659 733 979 796">
     <span class='ocr_line' id='line_1_10' title="bbox 659 733 979 796; baseline -0.006 0"><span class='ocrx_word' id='word_1_67' title='bbox 659 733 818 796; x_wconf 63' lang='lat' dir='ltr'><strong>CAPUT&#39;</strong></span> <span class='ocrx_word' id='word_1_68' title='bbox 848 753 979 795; x_wconf 91' lang='lat' dir='ltr'>XLII.</span> 
     </span>
    </p>
   </div>
   <div class='ocr_carea' id='block_1_4' title="bbox 85 839 1463 1004">
    <p class='ocr_par' dir='ltr' id='par_1_4' title="bbox 85 839 1463 1004">
     <span class='ocr_line' id='line_1_11' title="bbox 85 839 1463 894; baseline -0.007 -10"><span class='ocrx_word' id='word_1_69' title='bbox 85 854 127 885; x_wconf 87' lang='lat'>10</span> <span class='ocrx_word' id='word_1_70' title='bbox 190 846 277 894; x_wconf 77' lang='lat' dir='ltr'>Qua</span> <span class='ocrx_word' id='word_1_71' title='bbox 310 842 604 893; x_wconf 73' lang='lat' dir='ltr'>dispensatione</span> <span class='ocrx_word' id='word_1_72' title='bbox 631 840 912 889; x_wconf 73' lang='lat' dir='ltr'>providentiae</span> <span class='ocrx_word' id='word_1_73' title='bbox 943 839 1021 877; x_wconf 77' lang='lat' dir='ltr'>Dei</span> <span class='ocrx_word' id='word_1_74' title='bbox 1055 839 1286 887; x_wconf 76' lang='lat' dir='ltr'>scripturae</span> <span class='ocrx_word' id='word_1_75' title='bbox 1315 848 1463 876; x_wconf 87' lang='lat' dir='ltr'>sacrae</span> 
     </span>
     <span class='ocr_line' id='line_1_12' title="bbox 201 897 1440 944; baseline -0.007 -2"><span class='ocrx_word' id='word_1_76' title='bbox 201 904 345 942; x_wconf 74' lang='lat' dir='ltr'>veteris</span> <span class='ocrx_word' id='word_1_77' title='bbox 377 901 603 940; x_wconf 71' lang='lat' dir='ltr'>testamenti</span> <span class='ocrx_word' id='word_1_78' title='bbox 633 910 684 937; x_wconf 76' lang='lat' dir='ltr'>ex</span> <span class='ocrx_word' id='word_1_79' title='bbox 716 898 901 936; x_wconf 80' lang='lat' dir='ltr'>Hebraeo</span> <span class='ocrx_word' id='word_1_80' title='bbox 934 899 973 935; x_wconf 74' lang='lat' dir='ltr'>in</span> <span class='ocrx_word' id='word_1_81' title='bbox 1011 897 1210 935; x_wconf 80' lang='lat' dir='ltr'>Graecum</span> <span class='ocrx_word' id='word_1_82' title='bbox 1243 897 1440 944; x_wconf 79' lang='lat' dir='ltr'>eloquium</span> 
     </span>
     <span class='ocr_line' id='line_1_13' title="bbox 339 956 1306 1004; baseline -0.006 -6"><span class='ocrx_word' id='word_1_83' title='bbox 339 961 562 998; x_wconf 82' lang='lat' dir='ltr'>translatae</span> <span class='ocrx_word' id='word_1_84' title='bbox 593 959 682 1003; x_wconf 73' lang='lat' dir='ltr'>sint,</span> <span class='ocrx_word' id='word_1_85' title='bbox 715 961 759 994; x_wconf 80' lang='lat' dir='ltr'>ut</span> <span class='ocrx_word' id='word_1_86' title='bbox 786 956 972 1004; x_wconf 62' lang='lat' dir='ltr'>¹qentt&#39;bus</span> <span class='ocrx_word' id='word_1_87' title='bbox 1004 957 1306 993; x_wconf 75' lang='lat' dir='ltr'>innotescerent.</span> 
     </span>
    </p>
   </div>
   <div class='ocr_carea' id='block_1_5' title="bbox 89 1035 1496 1500">
    <p class='ocr_par' dir='ltr' id='par_1_5' title="bbox 89 1035 1496 1500">
     <span class='ocr_line' id='line_1_14' title="bbox 274 1035 1493 1086; baseline -0.005 -7"><span class='ocrx_word' id='word_1_88' title='bbox 274 1041 351 1079; x_wconf 88' lang='lat' dir='ltr'>Has</span> <span class='ocrx_word' id='word_1_89' title='bbox 384 1052 513 1079; x_wconf 90' lang='lat' dir='ltr'>sacras</span> <span class='ocrx_word' id='word_1_90' title='bbox 545 1038 694 1077; x_wconf 89' lang='lat' dir='ltr'>litteras</span> <span class='ocrx_word' id='word_1_91' title='bbox 727 1038 844 1075; x_wconf 91' lang='lat' dir='ltr'>etiam</span> <span class='ocrx_word' id='word_1_92' title='bbox 875 1048 978 1075; x_wconf 89' lang='lat' dir='ltr'>unus</span> <span class='ocrx_word' id='word_1_93' title='bbox 1010 1035 1325 1075; x_wconf 87' lang='lat' dir='ltr'>Ptolomaeorum</span> <span class='ocrx_word' id='word_1_94' title='bbox 1356 1047 1493 1086; x_wconf 87' lang='lat' dir='ltr'>regum</span> 
     </span>
     <span class='ocr_line' id='line_1_15' title="bbox 156 1093 1495 1151; baseline -0.006 -11"><span class='ocrx_word' id='word_1_95' title='bbox 156 1101 320 1151; x_wconf 76' lang='lat' dir='ltr'>Aegypti</span> <span class='ocrx_word' id='word_1_96' title='bbox 360 1110 475 1137; x_wconf 89' lang='lat' dir='ltr'>nosse</span> <span class='ocrx_word' id='word_1_97' title='bbox 518 1096 668 1136; x_wconf 88' lang='lat' dir='ltr'>studuit</span> <span class='ocrx_word' id='word_1_98' title='bbox 709 1101 747 1133; x_wconf 94' lang='lat' dir='ltr'>et</span> <span class='ocrx_word' id='word_1_99' title='bbox 793 1094 947 1133; x_wconf 88' lang='lat' dir='ltr'>habere.</span> <span class='ocrx_word' id='word_1_100' title='bbox 1018 1093 1114 1132; x_wconf 90' lang='lat' dir='ltr'>Nam</span> <span class='ocrx_word' id='word_1_101' title='bbox 1156 1100 1245 1145; x_wconf 90' lang='lat' dir='ltr'>post</span> <span class='ocrx_word' id='word_1_102' title='bbox 1285 1093 1495 1132; x_wconf 79' lang='lat' dir='ltr'>Alexandri</span> 
     </span>
     <span class='ocr_line' id='line_1_16' title="bbox 89 1153 1494 1210; baseline -0.006 -11"><span class='ocrx_word' id='word_1_103' title='bbox 89 1169 130 1200; x_wconf 84' lang='lat'>15</span> <span class='ocrx_word' id='word_1_104' title='bbox 157 1159 390 1210; x_wconf 87' lang='lat' dir='ltr'>Macedonis,</span> <span class='ocrx_word' id='word_1_105' title='bbox 423 1157 488 1207; x_wconf 89' lang='lat' dir='ltr'>qui</span> <span class='ocrx_word' id='word_1_106' title='bbox 521 1156 635 1194; x_wconf 88' lang='lat' dir='ltr'>etiam</span> <span class='ocrx_word' id='word_1_107' title='bbox 662 1154 822 1204; x_wconf 84' lang='lat' dir='ltr'>Magnus</span> <span class='ocrx_word' id='word_1_108' title='bbox 855 1154 1150 1204; x_wconf 83' lang='lat' dir='ltr'>cognominatus</span> <span class='ocrx_word' id='word_1_109' title='bbox 1182 1157 1253 1204; x_wconf 88' lang='lat' dir='ltr'>est,</span> <span class='ocrx_word' id='word_1_110' title='bbox 1286 1153 1494 1191; x_wconf 87' lang='lat' dir='ltr'>mirificen-</span> 
     </span>
     <span class='ocr_line' id='line_1_17' title="bbox 99 1212 1495 1264; baseline -0.006 -7"><span class='ocrx_word' id='word_1_111' title='bbox 99 1260 102 1263; x_wconf 61' lang='grc'><strong>,</strong></span> <span class='ocrx_word' id='word_1_112' title='bbox 157 1220 346 1257; x_wconf 87' lang='lat' dir='ltr'>tissimam</span> <span class='ocrx_word' id='word_1_113' title='bbox 378 1216 614 1264; x_wconf 87' lang='lat' dir='ltr'>minimeque</span> <span class='ocrx_word' id='word_1_114' title='bbox 647 1213 870 1251; x_wconf 87' lang='lat' dir='ltr'>diuturnam</span> <span class='ocrx_word' id='word_1_115' title='bbox 902 1213 1134 1262; x_wconf 82' lang='lat' dir='ltr'>potentiam,</span> <span class='ocrx_word' id='word_1_116' title='bbox 1167 1223 1242 1261; x_wconf 92' lang='lat' dir='ltr'>qua</span> <span class='ocrx_word' id='word_1_117' title='bbox 1274 1212 1495 1249; x_wconf 83' lang='lat' dir='ltr'>universam</span> 
     </span>
     <span class='ocr_line' id='line_1_18' title="bbox 158 1269 1495 1323; baseline -0.006 -8"><span class='ocrx_word' id='word_1_118' title='bbox 158 1277 308 1323; x_wconf 79' lang='lat' dir='ltr'>Asiam,</span> <span class='ocrx_word' id='word_1_119' title='bbox 352 1275 470 1312; x_wconf 88' lang='lat' dir='ltr'>immo</span> <span class='ocrx_word' id='word_1_120' title='bbox 510 1283 631 1323; x_wconf 87' lang='lat' dir='ltr'>paene</span> <span class='ocrx_word' id='word_1_121' title='bbox 673 1276 799 1309; x_wconf 88' lang='lat' dir='ltr'>totum</span> <span class='ocrx_word' id='word_1_122' title='bbox 838 1269 994 1321; x_wconf 89' lang='lat' dir='ltr'>orbem,</span> <span class='ocrx_word' id='word_1_123' title='bbox 1035 1271 1176 1320; x_wconf 86' lang='lat' dir='ltr'>partim</span> <span class='ocrx_word' id='word_1_124' title='bbox 1213 1270 1250 1306; x_wconf 92' lang='lat' dir='ltr'>vi</span> <span class='ocrx_word' id='word_1_125' title='bbox 1288 1274 1326 1307; x_wconf 92' lang='lat' dir='ltr'>et</span> <span class='ocrx_word' id='word_1_126' title='bbox 1366 1270 1495 1320; x_wconf 90' lang='lat' dir='ltr'>armis,</span> 
     </span>
     <span class='ocr_line' id='line_1_19' title="bbox 158 1324 1496 1386; baseline -0.007 -13"><span class='ocrx_word' id='word_1_127' title='bbox 158 1336 299 1386; x_wconf 88' lang='lat' dir='ltr'>partim</span> <span class='ocrx_word' id='word_1_128' title='bbox 344 1338 497 1371; x_wconf 85' lang='lat' dir='ltr'>terrore</span> <span class='ocrx_word' id='word_1_129' title='bbox 543 1329 751 1380; x_wconf 83' lang='lat' dir='ltr'>subegerat</span> <span class='ocrx_word' id='word_1_130' title='bbox 795 1324 969 1380; x_wconf 84' lang='lat' dir='ltr'>(quando</span> <span class='ocrx_word' id='word_1_131' title='bbox 1013 1328 1116 1365; x_wconf 90' lang='lat' dir='ltr'>inter</span> <span class='ocrx_word' id='word_1_132' title='bbox 1154 1332 1285 1365; x_wconf 90' lang='lat' dir='ltr'>cetera</span> <span class='ocrx_word' id='word_1_133' title='bbox 1323 1326 1496 1365; x_wconf 89' lang='lat' dir='ltr'>Orientis</span> 
     </span>
     <span class='ocr_line' id='line_1_20' title="bbox 160 1383 1496 1439; baseline -0.005 -8"><span class='ocrx_word' id='word_1_134' title='bbox 160 1394 275 1431; x_wconf 86' lang='lat' dir='ltr'>etiam</span> <span class='ocrx_word' id='word_1_135' title='bbox 303 1390 482 1430; x_wconf 87' lang='lat' dir='ltr'>Iudaeam</span> <span class='ocrx_word' id='word_1_136' title='bbox 507 1390 709 1439; x_wconf 86' lang='lat' dir='ltr'>ingressus</span> <span class='ocrx_word' id='word_1_137' title='bbox 736 1383 936 1439; x_wconf 67' lang='lat' dir='ltr'>obtinuit),</span> <span class='ocrx_word' id='word_1_138' title='bbox 969 1398 1014 1424; x_wconf 93' lang='lat' dir='ltr'>eo</span> <span class='ocrx_word' id='word_1_139' title='bbox 1041 1391 1196 1424; x_wconf 88' lang='lat' dir='ltr'>mortuo</span> <span class='ocrx_word' id='word_1_140' title='bbox 1223 1386 1385 1424; x_wconf 90' lang='lat' dir='ltr'>comites</span> <span class='ocrx_word' id='word_1_141' title='bbox 1412 1387 1496 1424; x_wconf 87' lang='lat' dir='ltr'>eius</span> 
     </span>
     <span class='ocr_line' id='line_1_21' title="bbox 90 1444 1496 1500; baseline -0.006 -10"><span class='ocrx_word' id='word_1_142' title='bbox 90 1460 134 1491; x_wconf 82' lang='lat'>20</span> <span class='ocrx_word' id='word_1_143' title='bbox 162 1463 250 1489; x_wconf 89' lang='lat' dir='ltr'>cum</span> <span class='ocrx_word' id='word_1_144' title='bbox 277 1460 443 1500; x_wconf 84' lang='lat' dir='ltr'>regnum</span> <span class='ocrx_word' id='word_1_145' title='bbox 468 1447 562 1486; x_wconf 89' lang='lat' dir='ltr'>illud</span> <span class='ocrx_word' id='word_1_146' title='bbox 590 1445 870 1496; x_wconf 87' lang='lat' dir='ltr'>amplissimum</span> <span class='ocrx_word' id='word_1_147' title='bbox 902 1456 979 1482; x_wconf 92' lang='lat' dir='ltr'>non</span> <span class='ocrx_word' id='word_1_148' title='bbox 1011 1444 1169 1495; x_wconf 88' lang='lat' dir='ltr'>pacifice</span> <span class='ocrx_word' id='word_1_149' title='bbox 1201 1445 1304 1482; x_wconf 89' lang='lat' dir='ltr'>inter</span> <span class='ocrx_word' id='word_1_150' title='bbox 1336 1455 1378 1482; x_wconf 90' lang='lat' dir='ltr'>se</span> <span class='ocrx_word' id='word_1_151' title='bbox 1408 1456 1496 1495; x_wconf 88' lang='lat' dir='ltr'>pos-</span> 
     </span>
    </p>
   </div>
   <div class='ocr_carea' id='block_1_6' title="bbox 162 1501 1547 1556">
    <p class='ocr_par' dir='ltr' id='par_1_6' title="bbox 162 1501 1547 1556">
     <span class='ocr_line' id='line_1_22' title="bbox 162 1501 1547 1556; baseline -0.006 -9"><span class='ocrx_word' id='word_1_152' title='bbox 162 1509 311 1548; x_wconf 87' lang='lat' dir='ltr'>sessuri</span> <span class='ocrx_word' id='word_1_153' title='bbox 354 1507 598 1556; x_wconf 84' lang='lat' dir='ltr'>divisissent,</span> <span class='ocrx_word' id='word_1_154' title='bbox 639 1503 707 1542; x_wconf 91' lang='lat' dir='ltr'>sed</span> <span class='ocrx_word' id='word_1_155' title='bbox 745 1505 876 1554; x_wconf 90' lang='lat' dir='ltr'>potius</span> <span class='ocrx_word' id='word_1_156' title='bbox 915 1502 1171 1553; x_wconf 87' lang='lat' dir='ltr'>dissipassent</span> <span class='ocrx_word' id='word_1_157' title='bbox 1214 1501 1325 1540; x_wconf 88' lang='lat' dir='ltr'>bellis</span> <span class='ocrx_word' id='word_1_158' title='bbox 1369 1503 1498 1540; x_wconf 90' lang='lat' dir='ltr'>omnia</span> <span class='ocrx_word' id='word_1_159' title='bbox 1537 1517 1547 1526; x_wconf 91' lang='lat'><strong>·</strong></span> 
     </span>
    </p>
   </div>
   <div class='ocr_carea' id='block_1_7' title="bbox 93 1560 1504 2199">
    <p class='ocr_par' dir='ltr' id='par_1_7' title="bbox 93 1560 1504 2199">
     <span class='ocr_line' id='line_1_23' title="bbox 160 1560 1497 1617; baseline -0.006 -11"><span class='ocrx_word' id='word_1_160' title='bbox 160 1568 365 1617; x_wconf 75' lang='lat' dir='ltr'>vastaturi,</span> <span class='ocrx_word' id='word_1_161' title='bbox 397 1564 642 1603; x_wconf 88' lang='lat' dir='ltr'>Ptolomaeos</span> <span class='ocrx_word' id='word_1_162' title='bbox 674 1574 787 1612; x_wconf 82' lang='lat' dir='ltr'>reges</span> <span class='ocrx_word' id='word_1_163' title='bbox 818 1561 962 1599; x_wconf 88' lang='lat' dir='ltr'>habere</span> <span class='ocrx_word' id='word_1_164' title='bbox 995 1562 1124 1611; x_wconf 90' lang='lat' dir='ltr'>coepit</span> <span class='ocrx_word' id='word_1_165' title='bbox 1155 1560 1370 1611; x_wconf 70' lang='lat' dir='ltr'>Aegyptus3</span> <span class='ocrx_word' id='word_1_166' title='bbox 1403 1572 1497 1611; x_wconf 89' lang='lat' dir='ltr'>quo-</span> 
     </span>
     <span class='ocr_line' id='line_1_24' title="bbox 162 1618 1498 1675; baseline -0.005 -11"><span class='ocrx_word' id='word_1_167' title='bbox 162 1638 249 1664; x_wconf 87' lang='lat' dir='ltr'>rum</span> <span class='ocrx_word' id='word_1_168' title='bbox 290 1626 460 1675; x_wconf 90' lang='lat' dir='ltr'>primus,</span> <span class='ocrx_word' id='word_1_169' title='bbox 503 1621 595 1672; x_wconf 86' lang='lat' dir='ltr'>Lagi</span> <span class='ocrx_word' id='word_1_170' title='bbox 634 1620 756 1672; x_wconf 86' lang='lat' dir='ltr'>filius,</span> <span class='ocrx_word' id='word_1_171' title='bbox 800 1619 943 1659; x_wconf 81' lang='lat' dir='ltr'>inultos</span> <span class='ocrx_word' id='word_1_172' title='bbox 980 1632 1027 1657; x_wconf 90' lang='lat' dir='ltr'>ex</span> <span class='ocrx_word' id='word_1_173' title='bbox 1065 1618 1204 1657; x_wconf 90' lang='lat' dir='ltr'>Iudaea</span> <span class='ocrx_word' id='word_1_174' title='bbox 1246 1620 1418 1669; x_wconf 88' lang='lat' dir='ltr'>captivos</span> <span class='ocrx_word' id='word_1_175' title='bbox 1458 1620 1498 1657; x_wconf 92' lang='lat' dir='ltr'>in</span> 
     </span>
     <span class='ocr_line' id='line_1_25' title="bbox 162 1676 1498 1734; baseline -0.006 -12"><span class='ocrx_word' id='word_1_176' title='bbox 162 1684 379 1734; x_wconf 77' lang='lat' dir='ltr'>Aegyptum</span> <span class='ocrx_word' id='word_1_177' title='bbox 419 1680 629 1720; x_wconf 87' lang='lat' dir='ltr'>transtulit.</span> <span class='ocrx_word' id='word_1_178' title='bbox 691 1678 791 1717; x_wconf 88' lang='lat' dir='ltr'>Huic</span> <span class='ocrx_word' id='word_1_179' title='bbox 832 1684 962 1716; x_wconf 89' lang='lat' dir='ltr'>autem</span> <span class='ocrx_word' id='word_1_180' title='bbox 995 1677 1210 1715; x_wconf 90' lang='lat' dir='ltr'>succedens</span> <span class='ocrx_word' id='word_1_181' title='bbox 1242 1676 1339 1715; x_wconf 86' lang='lat' dir='ltr'>alius</span> <span class='ocrx_word' id='word_1_182' title='bbox 1370 1676 1498 1715; x_wconf 88' lang='lat' dir='ltr'>Ptolo-</span> 
     </span>
     <span class='ocr_line' id='line_1_26' title="bbox 93 1734 1499 1793; baseline -0.006 -12"><span class='ocrx_word' id='word_1_183' title='bbox 93 1751 136 1782; x_wconf 82' lang='lat'>25</span> <span class='ocrx_word' id='word_1_184' title='bbox 164 1753 315 1793; x_wconf 88' lang='lat' dir='ltr'>maeus,</span> <span class='ocrx_word' id='word_1_185' title='bbox 353 1741 420 1790; x_wconf 88' lang='lat' dir='ltr'>qui</span> <span class='ocrx_word' id='word_1_186' title='bbox 452 1744 511 1777; x_wconf 88' lang='lat' dir='ltr'>est</span> <span class='ocrx_word' id='word_1_187' title='bbox 542 1737 755 1789; x_wconf 87' lang='lat' dir='ltr'>appellatus</span> <span class='ocrx_word' id='word_1_188' title='bbox 787 1736 1080 1787; x_wconf 86' lang='lat' dir='ltr'>Philadelphus,</span> <span class='ocrx_word' id='word_1_189' title='bbox 1122 1747 1274 1786; x_wconf 90' lang='lat' dir='ltr'>omnes,</span> <span class='ocrx_word' id='word_1_190' title='bbox 1307 1747 1405 1785; x_wconf 90' lang='lat' dir='ltr'>quos</span> <span class='ocrx_word' id='word_1_191' title='bbox 1436 1734 1499 1774; x_wconf 90' lang='lat' dir='ltr'>ille</span> 
     </span>
     <span class='ocr_line' id='line_1_27' title="bbox 164 1795 1502 1847; baseline -0.005 -9"><span class='ocrx_word' id='word_1_192' title='bbox 164 1800 377 1838; x_wconf 87' lang='lat' dir='ltr'>adduxerat</span> <span class='ocrx_word' id='word_1_193' title='bbox 409 1796 652 1847; x_wconf 84' lang='lat' dir='ltr'>subiugatos,</span> <span class='ocrx_word' id='word_1_194' title='bbox 692 1795 835 1833; x_wconf 87' lang='lat' dir='ltr'>liberos</span> <span class='ocrx_word' id='word_1_195' title='bbox 874 1795 1002 1833; x_wconf 86' lang='lat' dir='ltr'>redire</span> <span class='ocrx_word' id='word_1_196' title='bbox 1043 1795 1238 1845; x_wconf 82' lang='lat' dir='ltr'>permisit3</span> <span class='ocrx_word' id='word_1_197' title='bbox 1269 1795 1431 1844; x_wconf 89' lang='lat' dir='ltr'>insuper</span> <span class='ocrx_word' id='word_1_198' title='bbox 1463 1799 1502 1832; x_wconf 90' lang='lat' dir='ltr'>et</span> 
     </span>
     <span class='ocr_line' id='line_1_28' title="bbox 165 1850 1501 1906; baseline -0.006 -9"><span class='ocrx_word' id='word_1_199' title='bbox 165 1858 264 1896; x_wconf 86' lang='lat' dir='ltr'>dona</span> <span class='ocrx_word' id='word_1_200' title='bbox 303 1857 408 1906; x_wconf 86' lang='lat' dir='ltr'>regia</span> <span class='ocrx_word' id='word_1_201' title='bbox 445 1857 485 1893; x_wconf 91' lang='lat' dir='ltr'>in</span> <span class='ocrx_word' id='word_1_202' title='bbox 524 1853 711 1904; x_wconf 90' lang='lat' dir='ltr'>templum</span> <span class='ocrx_word' id='word_1_203' title='bbox 744 1853 813 1891; x_wconf 92' lang='lat' dir='ltr'>Dei</span> <span class='ocrx_word' id='word_1_204' title='bbox 850 1854 956 1891; x_wconf 88' lang='lat' dir='ltr'>misit</span> <span class='ocrx_word' id='word_1_205' title='bbox 994 1853 1207 1903; x_wconf 86' lang='lat' dir='ltr'>petivitque</span> <span class='ocrx_word' id='word_1_206' title='bbox 1240 1850 1287 1889; x_wconf 92' lang='lat' dir='ltr'>ab</span> <span class='ocrx_word' id='word_1_207' title='bbox 1319 1850 1501 1889; x_wconf 87' lang='lat' dir='ltr'>Eleazaro</span> 
     </span>
     <span class='ocr_line' id='line_1_29' title="bbox 166 1909 1504 1966; baseline -0.005 -11"><span class='ocrx_word' id='word_1_208' title='bbox 166 1923 260 1955; x_wconf 87' lang='lat' dir='ltr'>tunc</span> <span class='ocrx_word' id='word_1_209' title='bbox 292 1914 475 1966; x_wconf 77' lang='lat' dir='ltr'>pontifice</span> <span class='ocrx_word' id='word_1_210' title='bbox 507 1912 591 1951; x_wconf 89' lang='lat' dir='ltr'>dari</span> <span class='ocrx_word' id='word_1_211' title='bbox 625 1911 698 1949; x_wconf 88' lang='lat' dir='ltr'>sibi</span> <span class='ocrx_word' id='word_1_212' title='bbox 730 1912 957 1961; x_wconf 86' lang='lat' dir='ltr'>scripturas,</span> <span class='ocrx_word' id='word_1_213' title='bbox 989 1921 1085 1960; x_wconf 87' lang='lat' dir='ltr'>quas</span> <span class='ocrx_word' id='word_1_214' title='bbox 1117 1910 1293 1960; x_wconf 87' lang='lat' dir='ltr'>profecto</span> <span class='ocrx_word' id='word_1_215' title='bbox 1327 1909 1504 1948; x_wconf 85' lang='lat' dir='ltr'>audierat</span> 
     </span>
     <span class='ocr_line' id='line_1_30' title="bbox 167 1967 1503 2024; baseline -0.004 -12"><span class='ocrx_word' id='word_1_216' title='bbox 167 1975 266 2012; x_wconf 85' lang='lat' dir='ltr'>sama</span> <span class='ocrx_word' id='word_1_217' title='bbox 297 1972 546 2024; x_wconf 86' lang='lat' dir='ltr'>praedicante</span> <span class='ocrx_word' id='word_1_218' title='bbox 585 1969 751 2020; x_wconf 87' lang='lat' dir='ltr'>divinas,</span> <span class='ocrx_word' id='word_1_219' title='bbox 793 1974 831 2006; x_wconf 94' lang='lat' dir='ltr'>et</span> <span class='ocrx_word' id='word_1_220' title='bbox 862 1968 948 2006; x_wconf 92' lang='lat' dir='ltr'>ideo</span> <span class='ocrx_word' id='word_1_221' title='bbox 981 1969 1257 2018; x_wconf 88' lang='lat' dir='ltr'>concupiverat</span> <span class='ocrx_word' id='word_1_222' title='bbox 1287 1967 1431 2006; x_wconf 90' lang='lat' dir='ltr'>habere</span> <span class='ocrx_word' id='word_1_223' title='bbox 1463 1970 1503 2007; x_wconf 91' lang='lat' dir='ltr'>in</span> 
     </span>
     <span class='ocr_line' id='line_1_31' title="bbox 97 2025 1504 2082; baseline -0.005 -11"><span class='ocrx_word' id='word_1_224' title='bbox 97 2042 142 2072; x_wconf 90' lang='lat'>30</span> <span class='ocrx_word' id='word_1_225' title='bbox 169 2031 413 2082; x_wconf 85' lang='lat' dir='ltr'>bibliotheca,</span> <span class='ocrx_word' id='word_1_226' title='bbox 446 2041 560 2080; x_wconf 88' lang='lat' dir='ltr'>quam</span> <span class='ocrx_word' id='word_1_227' title='bbox 586 2027 864 2065; x_wconf 88' lang='lat' dir='ltr'>nobilissimam</span> <span class='ocrx_word' id='word_1_228' title='bbox 891 2027 1047 2064; x_wconf 80' lang='lat' dir='ltr'>fecerat.</span> <span class='ocrx_word' id='word_1_229' title='bbox 1109 2025 1186 2064; x_wconf 89' lang='lat' dir='ltr'>Has</span> <span class='ocrx_word' id='word_1_230' title='bbox 1213 2027 1249 2064; x_wconf 94' lang='lat' dir='ltr'>ei</span> <span class='ocrx_word' id='word_1_231' title='bbox 1280 2038 1369 2064; x_wconf 90' lang='lat' dir='ltr'>cum</span> <span class='ocrx_word' id='word_1_232' title='bbox 1401 2026 1504 2065; x_wconf 91' lang='lat' dir='ltr'>idem</span> 
     </span>
     <span class='ocr_line' id='line_1_32' title="bbox 168 2084 1504 2141; baseline -0.003 -14"><span class='ocrx_word' id='word_1_233' title='bbox 168 2090 342 2141; x_wconf 72' lang='lat' dir='ltr'>pontifex</span> <span class='ocrx_word' id='word_1_234' title='bbox 388 2089 558 2126; x_wconf 85' lang='lat' dir='ltr'>misisset</span> <span class='ocrx_word' id='word_1_235' title='bbox 601 2085 796 2124; x_wconf 85' lang='lat' dir='ltr'>Hebraeas</span> <span class='ocrx_word' id='word_1_236' title='bbox 810 2117 820 2136; x_wconf 95' lang='lat'>,</span> <span class='ocrx_word' id='word_1_237' title='bbox 870 2091 957 2135; x_wconf 88' lang='lat' dir='ltr'>post</span> <span class='ocrx_word' id='word_1_238' title='bbox 1001 2084 1063 2122; x_wconf 92' lang='lat' dir='ltr'>ille</span> <span class='ocrx_word' id='word_1_239' title='bbox 1109 2085 1224 2122; x_wconf 88' lang='lat' dir='ltr'>etiam</span> <span class='ocrx_word' id='word_1_240' title='bbox 1268 2085 1504 2135; x_wconf 89' lang='lat' dir='ltr'>interpretes</span> 
     </span>
     <span class='ocr_line' id='line_1_33' title="bbox 168 2141 1504 2199; baseline -0.004 -14"><span class='ocrx_word' id='word_1_241' title='bbox 168 2147 395 2199; x_wconf 72' lang='lat' dir='ltr'>postulavit,</span> <span class='ocrx_word' id='word_1_242' title='bbox 428 2151 467 2184; x_wconf 87' lang='lat' dir='ltr'>et</span> <span class='ocrx_word' id='word_1_243' title='bbox 498 2145 576 2184; x_wconf 88' lang='lat' dir='ltr'>dati</span> <span class='ocrx_word' id='word_1_244' title='bbox 608 2149 699 2182; x_wconf 88' lang='lat' dir='ltr'>sunt</span> <span class='ocrx_word' id='word_1_245' title='bbox 731 2145 975 2195; x_wconf 84' lang='lat' dir='ltr'>septuaginta</span> <span class='ocrx_word' id='word_1_246' title='bbox 1008 2142 1104 2195; x_wconf 84' lang='lat' dir='ltr'>du0,</span> <span class='ocrx_word' id='word_1_247' title='bbox 1136 2141 1183 2180; x_wconf 90' lang='lat' dir='ltr'>de</span> <span class='ocrx_word' id='word_1_248' title='bbox 1217 2142 1378 2193; x_wconf 85' lang='lat' dir='ltr'>singulis</span> <span class='ocrx_word' id='word_1_249' title='bbox 1410 2142 1504 2181; x_wconf 91' lang='lat' dir='ltr'>duo-</span> 
     </span>
    </p>
   </div>
   <div class='ocr_carea' id='block_1_8' title="bbox 266 2280 583 2316">
    <p class='ocr_par' dir='ltr' id='par_1_8' title="bbox 266 2280 583 2316">
     <span class='ocr_line' id='line_1_34' title="bbox 266 2280 583 2316; baseline -0.003 0"><span class='ocrx_word' id='word_1_250' title='bbox 266 2286 307 2316; x_wconf 87' lang='lat'>31</span> <span class='ocrx_word' id='word_1_251' title='bbox 336 2281 446 2315; x_wconf 74' lang='lat' dir='ltr'>etiam</span> <span class='ocrx_word' id='word_1_252' title='bbox 472 2280 537 2315; x_wconf 84' lang='lat' dir='ltr'>ille</span> <span class='ocrx_word' id='word_1_253' title='bbox 562 2291 583 2315; x_wconf 81' lang='lat' dir='ltr'><strong><em>v</em></strong></span> 
     </span>
    </p>
   </div>
   <div class='ocr_carea' id='block_1_9' title="bbox 280 2239 450 2243">
    <p class='ocr_par' dir='ltr' id='par_1_9' title="bbox 280 2239 450 2243">
     <span class='ocr_line' id='line_1_35' title="bbox 280 2239 450 2243; baseline 0 0"><span class='ocrx_word' id='word_1_254' title='bbox 280 2239 450 2243; x_wconf 95' lang='lat' dir='ltr'> </span> 
     </span>
    </p>
   </div>
   <div class='ocr_carea' id='block_1_10' title="bbox 1598 2158 1611 2211">
    <p class='ocr_par' dir='ltr' id='par_1_10' title="bbox 1598 2158 1611 2211">
     <span class='ocr_line' id='line_1_36' title="bbox 1598 2158 1611 2211; baseline 0 0"><span class='ocrx_word' id='word_1_255' title='bbox 1598 2158 1611 2211; x_wconf 57' lang='lat' dir='ltr'>i</span> 
     </span>
    </p>
   </div>
  </div>
 </body>
</html>
