1611 2465
106 670 146 700 10

103 962 145 992 15

102 1254 146 1285 20

102 1837 148 1868 30

168 38 255 79 216
717 46 744 72 S.
764 46 981 72 AUGUSTIM

169 136 233 175 hic
272 148 361 174 vere
401 135 477 174 dici
515 136 658 186 potuit:
704 135 754 173 Ec
792 137 889 186 erit,
927 137 997 183 qui
1032 137 1287 184 superaverit
1323 137 1363 173 in
1396 137 1510 174 domo

171 200 259 242 lua,
298 196 427 233 veniet
459 196 638 232 adorare
670 195 723 241 ei,
763 194 794 231 si
836 193 929 231 illud
963 198 1022 232 est
1053 206 1208 245 verum,
1247 193 1348 244 quod
1381 193 1508 232 ultore

171 253 296 304 gladio
319 265 431 290 nemo
459 253 547 290 inde
576 249 848 302 superaverit?
874 253 948 289 nisi
970 253 1058 302 qnia
1078 252 1163 290 illos
1184 252 1357 302 intellegi
1378 251 1508 303 voluit,

172 313 240 362 qui
279 313 480 362 pertinent
517 310 563 348 ad
601 311 782 362 stirpem,
823 310 891 348 sed
924 309 1026 349 illius
1058 312 1178 349 totius
1210 310 1418 349 sacerdotii
1450 322 1507 348 se-

173 369 344 409 cundum
377 368 554 407 ordinem
592 369 731 406 Aaron.
788 367 890 419 Ergo
924 370 957 407 si
997 368 1043 406 de
1088 368 1163 407 illis
1205 375 1264 407 est
1295 369 1507 419 praedesti-

174 430 273 467 natis
306 427 498 479 reliquiis‚
537 427 583 465 de
624 426 766 477 quibus
798 427 895 465 alius
926 427 1115 478 propheta
1148 427 1259 466 dixit:
1297 428 1510 475 Reliquiae

172 490 307 525 salvae
341 488 440 532 fient
478 483 601 538 (unde
635 491 673 523 et
705 485 921 536 apostolus:
966 486 1034 524 Sic
1066 497 1179 534 erqo,
1218 487 1361 538 inquit,
1399 491 1437 524 et
1468 488 1509 523 in

172 546 247 583 hoc
297 550 472 593 tempore
521 546 717 592 reliquiae
761 556 838 593 per
887 546 1115 583 electe'onem
1162 546 1325 592 qratiae
1370 543 1511 592 factae

172 599 301 656 sunt),
346 604 435 653 quia
474 602 520 641 de
559 602 701 641 talibus
745 602 921 653 reliquiis
969 601 1069 641 bene
1121 602 1361 653 intellegitur
1411 614 1510 654 esse,

174 662 221 699 (16
255 673 330 712 quo
363 661 511 700 dictum
543 666 619 700 est:
673 662 750 707 Qua·
783 663 1038 710 superaverit
1068 663 1109 699 in
1141 663 1254 700 domo
1287 666 1375 699 lua:
1419 672 1508 711 pro-

172 720 274 758 fecto
314 720 439 758 credit
476 721 515 757 in
554 718 770 771 Christum3
814 721 915 757 sicut
958 718 1201 769 temporibus
1244 718 1510 770 apostolorum

172 790 220 816 ex
258 780 341 829 ipsa
382 783 497 828 gente
538 777 695 828 plurimi
734 777 1007 829 crediderunt,
1048 789 1175 828 neque
1215 789 1318 816 nunc
1356 777 1510 829 desunt,

174 839 262 887 qui,
305 836 396 875 licet.
436 838 653 888 rarissime,
697 841 826 874 tamen
865 836 1043 887 credant3
1087 841 1126 874 et
1165 835 1348 886 impletur
1385 837 1425 874 in
1463 847 1511 874 eo

173 895 275 946 quod
302 895 365 933 hic
391 896 463 934 iste
491 895 605 933 homo
632 894 701 932 Dei
734 896 918 933 continuo
952 900 1111 932 secutus
1143 894 1334 933 adiunxit:
1375 894 1512 933 Veniet

173 956 352 992 adorare
391 956 429 992 εἰ
466 955 576 992 obolo
615 955 785 1001 arqentz‘.
849 952 919 991 Cui
951 952 1132 1004 adorare,
1164 955 1240 991 nisi
1272 964 1423 991 summo
1456 952 1511 990 illi

173 1012 383 1064 sacerdoti,
422 1013 489 1062 qui
527 1017 565 1050 et
604 1011 707 1049 Deus
746 1008 832 1050 est‘?
893 1010 1027 1061 Neque
1068 1013 1171 1049 enim
1208 1013 1247 1049 in
1286 1011 1350 1049 illo
1383 1023 1509 1049 sacer-

173 1070 278 1109 dotio
306 1071 523 1109 secundum
550 1069 726 1107 ordinem
752 1070 879 1107 Aaron
911 1069 957 1107 ad
990 1069 1062 1107 hoc
1095 1069 1301 1108 veniebant
1332 1069 1510 1108 homines

174 1129 219 1167 ad
270 1128 458 1179 templum
508 1128 568 1166 vel
617 1128 735 1166 altare
781 1128 869 1179 Dei,
920 1133 963 1166 ut
1006 1128 1248 1167 sacerdotem
1293 1128 1510 1166 adorarent.

173 1187 274 1232 Quid
316 1193 375 1225 est
413 1192 543 1225 autem
582 1186 685 1237 quod
724 1188 792 1224 ait:
843 1187 961 1225 Obolo
994 1189 1170 1234 arqente',
1215 1188 1290 1224 nisi
1321 1185 1510 1224 brevitate

174 1245 281 1284 verbi
318 1245 425 1297 fidei,
470 1246 516 1283 de
556 1257 632 1295 quo
671 1250 949 1283 commemorat
981 1244 1179 1295 apostolus
1212 1244 1376 1283 dictum:
1417 1245 1510 1283 Ver-

173 1306 264 1342 bum
296 1315 574 1343 consummans
606 1308 644 1342 et
680 1304 866 1342 brevians
893 1302 1024 1350 faciet
1055 1304 1246 1342 Domirms
1278 1315 1400 1352 super
1432 1308 1509 1342 ter-

172 1364 286 1401 ram?
337 1363 551 1413 Argentum
589 1367 719 1400 autem
755 1373 827 1412 pro
867 1361 1021 1411 eloquio
1058 1363 1150 1412 poni
1187 1361 1358 1412 psalmus
1400 1363 1512 1400 testis

173 1426 244 1473 est,
277 1420 343 1459 ubi
370 1422 538 1458 canitur:
572 1421 742 1468 Eloquia
768 1421 929 1458 Domini
953 1422 1110 1467 eloquia
1142 1426 1266 1468 casta,
1299 1425 1511 1468 amentum

173 1481 265 1528 ique
297 1481 579 1517 examinatum.

293 1537 394 1582 Quid
422 1549 514 1587 ergo
547 1536 640 1576 dicit
671 1538 757 1588 iste,
789 1538 855 1587 qui
886 1537 992 1574 venit
1023 1536 1184 1575 adorare
1217 1536 1410 1575 sacerdoti
1442 1536 1512 1575 Dei

174 1602 212 1634 et
251 1596 444 1634 sacerdoti
489 1593 598 1634 Deo?
660 1596 777 1634 Iac-ta
814 1606 874 1634 me
912 1597 953 1634 2¹72
987 1600 1145 1644 partem
1182 1596 1403 1634 sacerdotii
1442 1598 1512 1644 tui,

172 1656 423 1693 manducare
460 1665 616 1702 panem.
685 1653 781 1691 Nolo
822 1655 862 1691 in
903 1659 1059 1704 patrum
1099 1665 1277 1692 meorum
1317 1653 1512 1691 conlocari

172 1712 334 1764 honore,
367 1714 431 1762 qui
459 1711 589 1750 nullus
616 1718 695 1763 est3
727 1713 825 1750 iacta
858 1724 918 1750 me
951 1713 990 1749 in
1022 1717 1173 1762 partem
1205 1711 1412 1750 sacerdotii
1444 1713 1511 1750 tui.

174 1772 290 1819 Eleqc'
326 1771 429 1808 enim
468 1771 647 1809 abiectus
685 1782 768 1809 esse
807 1772 847 1809 in
879 1772 992 1808 domo
1025 1771 1121 1815 De&
1159 1770 1441 1820 qualecumque
1474 1776 1513 1808 et

175 1828 576 1880 quantulumcumque
627 1828 847 1866 membrum
897 1840 981 1866 esse
1027 1830 1140 1879 cupio
1192 1827 1400 1866 sacerdotii
1443 1830 1512 1866 tui.

176 1887 445 1926 Sacerdotium
479 1888 621 1937 quippe
661 1886 723 1924 hic
755 1888 878 1937 ipsam
911 1885 1064 1936 plebem
1096 1886 1206 1938 dicit,
1245 1887 1356 1924 cuius
1388 1886 1513 1937 plebis

271 1979 303 2019 7)
337 1976 432 2010 Esai.
468 1980 525 2018 10,
559 1979 613 2009 22.
665 1977 699 2018 9)
726 1975 830 2009 Rom.
859 1979 920 2018 11,
953 1979 984 2009 5.
1036 1976 1095 2018 22)
1122 1975 1227 2010 Rom.
1254 1978 1291 2018 9,
1320 1979 1382 2017 28;
1415 1975 1512 2010 Esai.

178 2027 231 2067 10,
258 2027 313 2057 23.
365 2025 422 2066 24)
448 2022 504 2056 Ps.
534 2026 588 2065 11,
617 2026 646 2057 7.
698 2025 756 2065 29)
784 2022 840 2057 Ps.
868 2026 923 2063 83,
953 2026 1006 2056 11.

270 2121 290 2151 3
318 2115 547 2160 superauerit
572 2114 627 2156 R;
654 2115 834 2159 supererit
859 2125 878 2149 v
907 2116 919 2158 ΙΙ
945 2119 964 2149 8
991 2114 1111 2149 factae
1136 2114 1263 2155 R¹A¹;
1291 2114 1413 2149 salvae
1439 2114 1514 2149 fac·

173 2165 234 2198 tae
260 2175 279 2197 v
299 2165 310 2207 ΙΙ
333 2168 373 2196 10
401 2163 444 2196 de
471 2162 558 2207 quo]
593 2161 692 2205 quod
723 2161 775 2195 R¹
812 2163 823 2205 ΙΙ
862 2165 903 2196 13
929 2161 967 2195 in
994 2172 1035 2195 eo
1060 2160 1175 2195 RAF
1201 2161 1309 2196 Parr.
1330 2162 1516 2205 plerique,-

173 2210 212 2245 in
240 2210 290 2245 eis
316 2211 453 2253 9111126
480 2209 517 2242 in
543 2211 686 2253 partem
712 2208 843 2250 RAF;
869 2207 906 2242 in
932 2219 1043 2242 unam
1068 2219 1103 2252 p.
1130 2219 1149 2242 υ
