1495 2489
19 830 60 860 10

19 1123 60 1154 15

19 1416 62 1446 20

21 1709 63 1739 25

84 102 141 143 50
616 109 644 135 s.
666 108 884 135 Auecsrm

584 241 735 284 CAPUT
762 241 918 284 XXIV.

91 331 206 376 Quod
231 331 402 368 insontes
427 330 602 367 homines
629 332 667 366 et
690 329 830 366 merito
856 328 1132 367 oboedientiae
1158 329 1197 366 in
1219 329 1417 376 paradiso

149 393 429 437 permanentes
462 389 517 424 ita
547 387 790 434 qenitalibus
821 387 1004 424 membris
1034 388 1151 424 usuri
1175 385 1347 434 fuissent

204 448 259 484 aa⁷
285 447 586 494 yenerationem
615 447 757 493 prolis,
796 446 900 483 sicut
930 447 1074 483 ceteris
1106 446 1162 483 ad
1191 446 1297 483 arbi-

565 505 684 541 trium
717 505 936 541 voluntatis.

206 588 424 626 Seminaret
456 587 574 636 igitur
606 585 754 636 prolem
787 587 855 637 vir,
889 587 1106 636 susciperet
1138 586 1279 623 femina
1311 586 1415 635 geni-

86 646 227 685 talibus
259 644 464 696 memhris,
510 644 661 695 quaudo
695 643 732 682 id
765 656 862 694 opus
896 649 998 681 esset
1030 649 1068 681 et
1100 650 1285 694 quantum
1319 655 1416 694 opus

87 711 211 756 esset,
254 704 449 742 voluntate
495 704 628 754 motis,
671 714 748 740 non
793 702 950 740 libidine
995 703 1207 740 concitatis.
1282 701 1416 752 Neque

87 765 189 802 enim
217 776 261 801 ea
287 762 366 801 sola
392 761 565 800 membra
596 773 795 799 movemus
829 760 874 798 ad
908 766 1057 811 nutum,
1089 772 1185 810 quae
1219 762 1417 811 conpactis

86 822 287 861 articulata
326 826 417 859 sunt
455 819 625 871 ossibus,
664 821 765 857 sieut
805 831 941 857 manus
974 824 1012 856 et
1043 818 1162 869 pedes
1194 825 1232 857 et
1264 819 1417 871 digitos,

86 893 222 919 verum
255 881 369 919 etiam
396 878 469 930 illa,
502 891 599 929 quae
626 877 807 916 mollibus
840 878 1001 915 remissa
1034 882 1124 915 sunt
1156 879 1296 927 nervis,
1329 889 1417 916 eum

87 939 284 990 volumus,
315 950 516 977 movemus
548 936 726 987 agitando
759 942 797 974 et
828 935 1062 987 porrigendo
1095 935 1348 986 producimus
1380 941 1419 974 et

87 997 305 1048 torquendo
347 997 539 1034 flectimus
581 1001 620 1033 et
662 994 964 1044 constringendo
996 994 1200 1045 duramus,
1242 996 1343 1033 sicut
1374 1006 1418 1032 ea

88 1063 190 1108 sunt,
223 1068 319 1106 quae
352 1057 391 1093 in
424 1067 490 1092 ore
524 1066 566 1092 ac
600 1054 707 1105 facie,
740 1060 925 1103 quantum
958 1058 1098 1104 potest,
1130 1052 1306 1091 voluntas
1338 1065 1417 1091 mo-

87 1121 160 1153 vet.
222 1114 430 1152 Pulmones
471 1113 638 1163 denique
678 1113 752 1163 ipsi
799 1112 992 1162 omnium,
1036 1112 1110 1149 nisi
1150 1110 1418 1163 medullarum,

88 1173 303 1211 mollissimi
340 1174 533 1210 viscerum
573 1177 611 1209 et
650 1170 697 1209 ob
729 1170 803 1208 hoc
835 1175 946 1208 antro
978 1171 1147 1220 pectoris
1180 1171 1418 1221 communiti,

88 1232 132 1270 ad
161 1233 339 1282 spiritum
367 1229 587 1268 ducendum
614 1241 656 1267 ae
688 1228 965 1267 remittendum
997 1240 1207 1279 vocemque
1242 1229 1417 1266 emitten-

88 1292 174 1329 dam
207 1302 274 1328 seu
308 1288 623 1339 modificandam,
665 1289 765 1325 sieut
797 1286 905 1324 folles
938 1285 1136 1324 fabrorum
1167 1286 1226 1324 vel
1257 1298 1417 1337 organo-

90 1361 196 1400 rum,
234 1348 382 1394 flantis,
427 1348 672 1397 respirantis,
719 1345 932 1395 loquentis,
972 1344 1189 1397 clamantis,
1228 1346 1418 1384 cantantis

90 1409 265 1446 serviunt
308 1406 506 1443 voluntati.
584 1404 728 1442 Omitto
776 1403 878 1454 quod
919 1403 1147 1441 animalibus
1188 1403 1418 1454 quibusdam

90 1465 318 1504 naturaliter
331 1464 497 1502 inditum
517 1469 587 1515 est,
607 1469 650 1501 ut
664 1468 829 1513 tegmen,
851 1474 926 1512 quo
948 1474 1090 1512 eorpus
1110 1474 1222 1499 omne
1244 1463 1419 1514 vestitur,

90 1526 121 1563 si
155 1524 246 1574 quid
280 1525 318 1561 in
353 1534 599 1572 quocumque
632 1521 715 1559 loeo
749 1522 832 1558 eius
866 1521 1059 1558 senserint
1091 1519 1333 1572 abigendum,
1366 1519 1418 1559 ibi

89 1588 240 1621 tantum
262 1586 451 1632 moveant,
477 1580 543 1618 ubi
571 1581 755 1630 sentiunt,
783 1590 853 1616 nee
874 1578 998 1616 solum
1020 1578 1232 1616 insidentes
1253 1590 1418 1630 muscas,

91 1653 225 1679 verum
264 1641 379 1678 etiam
424 1639 630 1676 haerentes
668 1638 796 1675 hastas
841 1638 940 1675 cutis
984 1642 1153 1675 tremore
1199 1636 1436 1690 discutiant..

91 1699 287 1749 Numquid
326 1699 413 1748 quia
454 1697 491 1735 id
525 1709 601 1734 11011
634 1701 762 1747 potest
792 1695 927 1746 homo,
968 1695 1054 1733 ideo
1087 1694 1245 1734 Creator
1278 1694 1420 1746 quibus

91 1758 211 1796 voluit
248 1755 506 1794 animantibus
548 1755 691 1792 donare
723 1766 799 1792 non
832 1751 985 1804 potuit?
1048 1753 1111 1791 Sic
1143 1766 1234 1804 ergo
1268 1759 1305 1792 et
1337 1755 1418 1804 ipse

91 1817 205 1854 1101110
238 1816 364 1866 potuit
395 1813 679 1851 oboedientiam
718 1813 832 1850 etiam
865 1812 1093 1849 inferiorum
1126 1811 1267 1850 habere
1300 1823 1417 1850 mem-

93 1875 275 1924 brorum,
316 1884 431 1922 quam
469 1884 536 1909 sua
574 1870 860 1908 inoboedientia
900 1869 1079 1920 perdidit.
1140 1869 1274 1920 Neque
1316 1871 1418 1908 enim

92 1933 171 1971 Deo
199 1931 352 1970 dissieile
379 1932 452 1968 suit
477 1931 532 1967 sic
558 1929 666 1967 illum
692 1928 871 1979 condere,
902 1933 945 1965 ut
970 1929 1009 1965 111
1042 1929 1125 1965 01115
1157 1940 1272 1966 carne
1305 1929 1418 1967 etiam

23 2000 66 2031 30
93 1991 186 2029 illud
225 2002 302 2028 11011
342 1990 416 2026 11151
457 1990 540 2026 01115
573 1987 765 2025 voluntate
798 1991 1037 2033 moveretur,
1077 1986 1178 2036 quod
1210 1998 1313 2025 nunc
1345 1987 1419 2024 nisi

92 2049 250 2087 libidine
283 2060 359 2085 non
392 2052 579 2085 movetur.

209 2106 304 2144 Nam
336 2111 374 2143 et
412 2106 611 2142 hominum
650 2102 893 2154 quorundam
926 2108 1081 2140 naturas
1114 2104 1290 2141 novimus
1323 2102 1418 2141 mul-

93 2172 175 2205 tum
213 2166 353 2203 ceteris
395 2163 568 2214 dispares
609 2167 647 2200 et
687 2164 768 2213 ipsa
807 2162 963 2199 raritate
1004 2160 1198 2199 mirabiles
1236 2160 1419 2200 nonnulla

186 2281 230 2311 24
256 2276 393 2310 inhaer.
422 2276 476 2317 A‚·
501 2275 560 2309 sed
586 2274 629 2317 cf.
656 2274 722 2308 vol.
750 2274 785 2315 I,
811 2276 896 2316 163,
921 2276 940 2307 1
