1548 2562
400 153 453 178 DE
473 153 662 179 CIVITATE
681 153 752 179 DEI
771 153 804 179 L.
824 153 922 179 xxn.
942 153 971 179 c.
991 154 1014 179 s.
1292 146 1378 187 575

46 247 198 280 raverat
230 248 269 280 et
299 241 589 280 familiarissimi
621 243 681 280 sui
712 242 865 294 medici,
899 244 964 293 qui
996 254 1086 280 eum
1119 249 1281 296 secaret,
1313 257 1378 295 op—

46 299 273 351 periebatur
322 311 482 352 manus,
537 299 639 338 illius
695 302 780 350 piae
831 302 1004 339 sarcinae
1054 303 1270 340 vectatione
1319 314 1379 340 re-

44 363 161 409 pente
195 364 326 396 sanata
358 364 436 410 est3
477 369 566 397 nam
598 358 781 409 deinceps
813 371 897 397 eam
928 361 969 397 in
1002 371 1072 398 suo
1105 371 1269 410 corpore
1300 372 1379 399 non

43 418 201 455 invenit.

161 473 380 513 Eucherius
420 480 478 513 est
508 473 714 525 presbyter
746 486 793 513 ex
824 474 1026 527 Hispania,
1068 475 1241 515 Calamae
1273 476 1378 515 habi·
1407 486 1426 514 5

43 538 116 585 tat,
147 538 278 571 vetere
300 532 435 571 morbo
470 532 609 571 calculi
638 531 853 585 laborabat3
884 546 956 584 per
987 536 1214 573 memoriam
1246 547 1379 585 supra-

44 590 139 629 dicti
159 592 351 642 martyris,
378 602 493 641 quam
513 590 713 629 Possidius
739 591 802 629 illo
830 591 982 630 advexit
1008 593 1225 644 episcopus,
1253 593 1380 632 salvus

43 649 170 688 factus
210 655 280 687 est.
341 648 447 687 Idem
484 650 568 700 ipse
605 654 741 700 postea
778 649 915 687 morbo
955 650 1026 688 alio
1065 651 1380 701 praevalescente

45 713 226 746 mortuus
258 708 313 745 sic
345 706 511 760 iacebat,
551 713 597 746 ut
627 709 662 745 ei
693 708 768 745 iam
800 707 960 758 pollices
991 708 1223 761 ligarentur3
1256 711 1380 761 opitu-

46 765 188 805 latione
228 767 431 804 memorati
469 767 669 817 martyris,
709 777 797 804 cum
836 766 883 804 de
915 768 1101 804 memoria
1134 769 1217 805 eius
1249 780 1381 818 repor-
1410 776 1451 806 10

43 830 120 863 tata
146 829 250 863 esset
275 829 314 863 et
339 836 458 875 super
491 825 652 863 iacentis
685 836 827 875 corpus
859 825 977 863 missa
1007 826 1131 876 ipsius
1163 825 1382 876 presbyteri

43 884 191 934 tunica,
224 884 434 921 suscitatus
466 888 536 921 est.

162 940 251 979 Fuit
275 940 330 978 ibi
362 942 419 978 vir
450 942 490 979 in
522 941 656 979 ordine
690 953 760 979 suo
792 942 1014 993 primarius,
1046 944 1202 980 nomine
1227 942 1380 981 Martia-

43 998 102 1049 lis,
135 1010 227 1037 aevo
253 999 328 1037 iam
355 1000 481 1049 gravis
507 1004 543 1038 et
570 999 735 1037 multum
761 998 976 1038 abhorrens
1007 1011 1029 1037 a
1057 999 1244 1050 religione
1272 1000 1379 1039 Chri-

44 1059 178 1096 stiana.
239 1056 414 1095 Habebat
457 1069 549 1095 sane
590 1057 742 1095 fidelem
779 1057 895 1095 filiam
935 1062 974 1096 et
1013 1070 1203 1109 generum
1244 1059 1380 1098 eodem
1409 1065 1450 1095 15

44 1128 144 1154 anno
186 1114 432 1166 baptizatum.
495 1115 570 1160 Qui
607 1127 696 1154 cum
737 1127 826 1154 eum
865 1122 1130 1166 aegrotantem
1168 1117 1301 1157 multis
1345 1124 1383 1156 et

44 1175 194 1224 magnis
236 1173 405 1212 lacrimis
446 1180 649 1225 rogarent,
691 1180 734 1212 ut
772 1174 884 1213 fieret
916 1173 1181 1227 Christianus,
1218 1188 1382 1227 prorsus

45 1232 182 1270 abnuit
212 1243 359 1282 eosque
392 1243 412 1270 a
443 1243 484 1270 se
516 1231 671 1270 turbida
702 1232 967 1282 indignatione
999 1232 1204 1272 submovit.
1248 1233 1382 1272 Visum

48 1297 105 1328 est
136 1302 281 1341 genero
315 1291 419 1341 eius,
451 1296 495 1328 ut
526 1292 602 1329 iret
633 1290 679 1328 ad
711 1292 938 1329 memoriam
971 1292 1093 1329 sancti
1127 1291 1313 1342 Stephani
1344 1298 1384 1330 et

46 1350 122 1386 illic
166 1360 237 1399 pro
280 1360 325 1386 eo
366 1354 554 1398 quantum
590 1354 725 1399 posset
762 1355 915 1400 oraret,
958 1355 1001 1386 ut
1039 1348 1142 1387 Deus
1181 1349 1235 1388 illi
1273 1350 1383 1389 daret
1408 1356 1452 1387 20

44 1412 216 1445 mentem
258 1405 420 1459 bonam,
460 1418 536 1457 qua
574 1407 735 1445 credere
773 1419 850 1445 non
892 1407 1067 1445 differret
1098 1409 1139 1446 in
1172 1407 1380 1446 Christum.

43 1465 152 1503 Fecit
194 1464 267 1503 hoc
311 1466 460 1515 ingenti
498 1466 643 1515 gemitu
688 1469 727 1503 et
763 1464 857 1503 ssetu
897 1471 935 1503 et
975 1466 1181 1504 sinceriter
1220 1466 1380 1505 ardente

43 1524 198 1575 pietatis
231 1523 388 1574 affectu,
420 1522 559 1561 deinde
586 1522 798 1561 abscedens
831 1523 974 1574 aliquid
1007 1523 1053 1561 de
1087 1523 1197 1562 altari
1228 1524 1381 1577 florum,

45 1581 148 1632 quod
179 1583 369 1633 occurrit,
401 1581 490 1620 tulit
527 1582 659 1633 eique,
704 1594 791 1620 cum
824 1583 898 1619 iam
932 1594 1006 1620 nox
1040 1588 1156 1634 esset,
1187 1582 1233 1621 ad
1266 1588 1383 1634 caput

43 1641 195 1691 posuit3
233 1645 315 1678 tum
354 1639 565 1678 dormitum
604 1646 673 1678 est.
735 1639 784 1678 Et
815 1652 906 1678 ecce
938 1646 1027 1678 ante
1060 1640 1274 1679 ‹lssuculum
1306 1640 1379 1679 cla·
1407 1647 1450 1679 25

46 1704 145 1750 mat,
178 1704 221 1736 ut
252 1698 299 1736 ad
333 1699 558 1749 episcopum
590 1703 843 1751 curreretur²
871 1700 939 1748 qui
970 1710 1123 1737 mecum
1156 1700 1256 1737 sorte
1288 1704 1383 1738 tunc

48 1761 132 1795 erat
163 1756 263 1807 apud
295 1755 524 1807 Hipponem.
587 1755 684 1794 Cum
722 1768 813 1807 ergo
847 1768 936 1795 eum
969 1756 1140 1795 audisset
1171 1756 1383 1808 absentem,

48 1816 180 1853 venire
206 1813 458 1865 presbyteros
484 1814 704 1866 postulavit.
765 1813 976 1866 Venerunt,
1008 1815 1169 1853 credere
1202 1828 1243 1853 se
1276 1816 1382 1869 dixit,

47 1871 327 1911 admirantibus
369 1878 485 1923 atque
528 1872 788 1923 gaudentibus
832 1872 1012 1911 omnibus
1053 1872 1269 1924 baptizatus
1311 1879 1380 1912 est.

46 1930 141 1983 Hoc,
173 1930 356 1982 quamdiu
382 1932 487 1982 vixit,
518 1932 558 1969 in
585 1943 651 1969 ore
678 1930 861 1970 habebat:
893 1931 1082 1983 „Christe,
1111 1933 1241 1982 accipe
1268 1933 1379 1982 spiri·
1407 1940 1451 1970 30

45 1996 128 2028 tum
154 1985 325 2042 meum“;
358 2002 447 2028 cum
477 1989 573 2028 haec
605 1988 722 2028 verba
752 1989 966 2028 beatissimi
999 1989 1195 2042 Stephani,
1228 1990 1380 2040 quando

45 2047 236 2098 lapidatus
269 2053 328 2086 est
359 2060 380 2086 a
411 2047 581 2100 Iudaeis,
619 2047 755 2086 ultima
787 2048 908 2086 fuisse
940 2049 1127 2099 nesciret3
1160 2060 1257 2098 quae
1291 2048 1381 2087 huic

140 2125 197 2168 32)
223 2125 302 2158 Aet.
331 2128 361 2159 7.

140 2223 157 2252 1
187 2229 269 2252 eum
288 2227 358 2252 mss
378 2218 478 2261 (567,
503 2219 587 2261 25);
613 2228 694 2252 eam
720 2228 740 2252 v
759 2219 771 2261 ΙΙ
791 2222 810 2253 6
836 2218 954 2252 veteri
978 2228 997 2251 v
1017 2219 1028 2261 ΙΙ
1051 2222 1089 2251 11
1117 2217 1247 2252 fuisset
1265 2229 1285 2252 v
1304 2219 1316 2262 ss
1337 2222 1380 2253 14

46 2264 129 2299 abh.
160 2264 377 2309 religionem
410 2264 647 2299 christianam
673 2265 707 2298 A
738 2266 750 2308 ΙΙ
775 2269 819 2299 30
844 2265 914 2299 hoc
939 2266 1063 2298 autem
1092 2264 1127 2298 A
1155 2266 1166 2308 ll
1198 2268 1240 2298 32
1268 2265 1377 2310 quae]

45 2311 136 2346 haee
161 2310 197 2347 R
