1611 2465
80 761 123 791 10

82 1054 123 1083 15

81 1345 126 1375 20

84 1637 127 1667 25

86 1930 130 1958 30

144 125 230 166 310
684 133 710 158 S.
731 132 947 159 AUGUSTIM

144 224 278 276 pheta,
323 229 366 262 ut
404 224 492 262 novi
535 223 757 261 testamenti
801 227 998 261 aeternam
1036 220 1337 273 beatitudinem,
1382 234 1480 272 quae

145 295 223 321 non
256 282 410 321 dabitur
436 282 509 319 nisi
537 280 661 332 bonis,
693 280 952 331 distingueret
984 292 1004 319 a
1035 282 1178 320 veteris
1210 286 1367 319 terrena
1399 280 1480 319 seli-

146 343 282 393 estate,
330 352 427 391 quae
466 339 696 390 plerumque
735 339 850 378 datur
887 344 926 377 et
958 339 1084 378 malis:
1124 340 1393 387 Inqravastis,
1424 340 1481 378 in-

148 401 249 451 quit,
280 411 402 448 super
439 410 500 437 me
530 399 654 437 verba
687 403 839 446 vestra,
870 399 970 436 dicit
1001 398 1202 445 Dominus,
1237 403 1274 437 et
1305 400 1483 437 dixistis:

149 460 195 497 In
239 470 316 507 quo
361 459 612 496 detraximus
652 458 701 495 de
742 458 804 495 te?
853 456 1041 495 Dixistis:
1089 456 1222 495 Vanus
1259 462 1318 495 est
1346 458 1482 506 omnis,

148 519 218 565 qui
252 518 376 555 servit
412 516 512 564 Deo,
550 520 589 555 et
624 516 723 563 quid
752 517 859 564 plus,
897 517 993 563 quia
1031 517 1312 554 custodivimus
1349 516 1482 554 obser-

148 577 325 614 vationes
356 577 452 622 eius,
485 579 524 613 et
554 576 650 622 quia
676 575 964 612 ambulavimus
995 576 1266 623 supplicantes
1297 579 1390 612 ante
1417 572 1482 622 fa-

149 637 248 673 ciem
292 634 454 672 Domini
494 634 796 681 omnipotentis?
856 633 910 670 Et
952 644 1060 672 nunc
1097 643 1168 670 nos
1209 633 1485 679 beatificamus

149 694 318 740 alienos,
356 696 393 731 et
430 693 752 738 reaedificantur
789 702 931 738 omneS,
964 693 1035 739 qui
1061 690 1223 738 faciunt
1254 692 1393 739 iniqua
1401 704 1417 736 ;
1449 696 1486 729 et

149 752 357 789 adversati
391 754 485 789 sunt
516 750 618 797 Deo,
662 754 701 788 et
735 751 838 787 salvi
869 748 977 797 facti
1004 754 1106 787 sunt.
1169 749 1281 788 Haec
1313 750 1488 788 oblocuti

148 815 256 857 sunt,
289 811 360 858 qui
389 809 581 847 timebant
610 808 840 855 Dominum,
872 810 1144 855 unusquisque
1175 809 1231 846 ad
1256 810 1486 856 proximum

148 879 286 913 suum,·
329 872 367 907 et
403 868 689 906 animadvertit
728 867 919 905 Dominus
957 871 997 905 et
1032 867 1207 911 audivit;
1251 871 1290 905 et
1324 868 1487 915 scripsit

150 928 295 965 librum
325 928 541 965 memoriae
573 927 613 964 in
646 929 859 974 conspectu
890 936 962 963 suo
994 926 1062 976 eis,
1093 926 1163 972 qui
1193 926 1329 963 timent
1353 925 1485 963 Domi-

150 997 243 1024 num
283 990 320 1023 et
356 988 595 1024 reverentur
632 994 773 1022 nomen
812 985 908 1022 eius.
970 982 1048 1021 Isto
1089 982 1189 1021 libro
1227 983 1486 1034 significatum

152 1049 211 1082 est
248 1048 527 1088 testamentum
565 1054 718 1080 novum.
782 1041 957 1091 Denique
996 1040 1099 1091 quod
1139 1043 1317 1091 sequitur
1358 1041 1486 1080 audia-

151 1114 255 1140 mus:
288 1103 340 1140 Et
370 1106 490 1140 erunt
520 1102 633 1148 mihi,
666 1102 765 1138 dicit
794 1101 985 1138 Dominus
1017 1101 1278 1148 omnipotens,
1311 1102 1351 1138 in
1384 1102 1487 1138 diem

150 1172 268 1209 quam
312 1172 383 1208 eqo
423 1159 536 1208 facio
573 1161 615 1197 in
657 1160 980 1207 adquisitionem,
1024 1163 1063 1197 et
1099 1160 1241 1206 eliqam
1280 1169 1345 1197 eos
1384 1160 1489 1197 sicut

151 1221 262 1268 eliqit
291 1220 404 1257 liomo
432 1220 560 1265 lilium
590 1228 705 1256 suum
734 1219 972 1256 servientem
1003 1218 1100 1262 sibi;
1132 1221 1170 1254 et
1199 1219 1487 1264 convertimini,

151 1283 190 1317 et
221 1278 402 1316 videbitis
435 1279 539 1315 inter
571 1277 716 1314 iustum
748 1280 787 1314 et
816 1277 1016 1324 iniustum,
1049 1280 1088 1313 et
1118 1277 1223 1313 inter
1253 1277 1489 1314 servientem

152 1337 236 1375 Deo
262 1340 301 1374 et
324 1346 402 1374 non
427 1337 672 1373 servientem.
735 1335 930 1380 Quoniam
962 1345 1056 1372 ecce
1088 1335 1172 1372 dies
1203 1335 1311 1372 venit
1340 1335 1490 1372 ardens

151 1397 256 1433 sicut
281 1395 464 1433 clibanus
489 1398 527 1431 et
558 1393 831 1431 concremabit
861 1403 936 1439 eos,
968 1396 1007 1431 et
1037 1396 1157 1430 erunt
1187 1402 1319 1431 omnes
1351 1394 1488 1442 alieniss

149 1465 281 1501 qenae
312 1457 351 1491 et
380 1463 513 1490 omnes
536 1451 733 1499 facientes
767 1452 1015 1498 iniquitatem
1045 1452 1203 1499 stipula,
1236 1455 1275 1489 et
1305 1452 1491 1489 incendet

154 1514 238 1550 illos
282 1512 383 1557 dies,
427 1512 497 1558 qui
536 1511 739 1556 adveniet,
785 1510 885 1547 dicit
921 1510 1113 1547 Dominus
1151 1510 1417 1558 omnipotens;
1454 1513 1527 1560 et·

153 1582 232 1608 non
273 1571 574 1616 derelinquetur
615 1579 751 1606 eorum
794 1568 919 1606 radix
958 1579 1086 1615 neque
1125 1572 1380 1606 sarmentum.
1441 1567 1493 1605 Et

155 1631 309 1667 orietur
352 1628 460 1666 vobis
503 1627 729 1665 timentibus
771 1637 912 1664 nomen
957 1637 1084 1664 meum
1123 1627 1183 1664 sol
1222 1627 1417 1677 iustitiae,
1455 1631 1494 1664 et

153 1689 307 1725 sanitas
352 1688 392 1724 in
432 1687 569 1734 pinnis
613 1686 718 1730 eius;
762 1689 799 1723 et
839 1685 1001 1723 exibitis
1045 1687 1084 1722 et
1119 1685 1350 1722 exultabitis
1389 1685 1495 1729 sicut

154 1747 270 1783 vituli
311 1756 363 1783 cx
405 1745 575 1782 vinculis
618 1745 805 1788 resoluti,·
849 1748 887 1782 et
924 1742 1212 1781 conculcabitis
1244 1743 1418 1790 iniquos,
1457 1746 1495 1781 et

145 1808 275 1855 *erunt
306 1803 409 1841 cinis
433 1802 505 1840 sub
532 1802 703 1850 pedibus
734 1803 875 1840 vestris
907 1803 948 1839 in
980 1802 1055 1848 die,
1089 1802 1129 1838 in
1161 1811 1238 1848 quo
1269 1812 1341 1848 eqo
1369 1799 1493 1848 facio,

157 1863 256 1900 dicit
281 1861 473 1899 Dominus
499 1862 752 1908 omnipotens.
815 1859 886 1896 Hic
918 1863 978 1896 est
1009 1860 1076 1908 qui
1108 1857 1251 1896 dicitur
1283 1857 1366 1896 dies
1397 1858 1495 1896 iudi-

157 1921 223 1971 cii3
256 1919 303 1958 de
335 1930 412 1969 quo
445 1929 516 1956 suo
549 1917 647 1969 Ιοςο,
679 1918 712 1955 si
738 1916 842 1955 Deus
874 1916 1051 1968 voluerit,
1082 1915 1290 1966 loquemur
1320 1915 1495 1956 uberius,

211 2007 218 2013 ⁸
252 2021 309 2062 29)
336 2018 421 2054 Mal.
450 2021 553 2062 3‚.13
581 2028 677 2061 sqq.;
704 2020 736 2060 4,
766 2021 782 2050 1
810 2028 887 2061 sqq.

254 2140 297 2170 -16
330 2135 427 2169 diem
459 2134 613 2176 RAFv,·
646 2133 704 2168 die
739 2133 847 2168 Parr.
881 2136 1023 2177 excepto
1049 2134 1069 2168 b
1105 2135 1118 2178 ΙΙ
1155 2137 1197 2167 17
1230 2144 1341 2178 quam
1372 2132 1408 2168 R
1432 2143 1495 2168 sec.

160 2182 305 2223 Graec.;
338 2193 412 2226 qua
443 2181 538 2215 AFv
575 2182 588 2225 ΙΙ
626 2180 807 2224 lseligit
836 2180 947 2215 homo
979 2179 1015 2214 R
1046 2191 1108 2214 sec.
1144 2180 1289 2222 Graec.‚·
1327 2179 1441 2225 elegit}
1463 2180 1498 2214 h.

160 2229 253 2271 AF‚·
278 2229 313 2262 h.
340 2227 447 2273 eligit
471 2239 491 2263 v
511 2229 523 2272 l}
542 2226 806 2262 convertemini
830 2228 944 2271 υ1126
970 2227 1099 2271 pennis
1124 2237 1144 2261 v
