1548 2562
448 157 501 182 DE
520 157 709 183 CIVITATE
728 158 797 182 DEI
816 157 847 182 L.
867 157 964 183 xvn.
984 157 1013 183 c.
1033 158 1074 183 10.
1342 148 1426 188 229

95 258 208 284 mone
241 250 521 284 constructum.
584 244 660 283 Sed
700 257 748 283 ne
780 245 828 283 oh
861 246 934 283 hoc
964 251 1169 296 putaretur
1200 245 1304 283 Deus
1337 258 1426 283 con-

95 310 154 342 tra
198 316 265 342 sua
315 304 506 354 promissa
550 303 712 355 fecisse,
762 306 947 349 continuo
998 303 1180 342 subiecit:
1230 304 1430 341 Distalisti

95 364 287 401 christum
313 359 431 399 taam.
494 360 580 398 Non
612 373 704 411 ergo
737 367 796 399 est
827 362 889 400 ille
918 361 1109 414 Salomon,
1141 362 1208 400 sed
1240 373 1312 399 nec
1344 363 1426 412 ipse

95 420 230 472 David,
271 421 303 458 si
335 419 475 457 dilatus
508 424 568 457 est
599 418 770 458 christus
802 419 965 458 Domini.
1028 419 1124 459 Cum
1157 421 1259 458 enim
1291 419 1427 457 christi

94 480 177 516 eius
219 478 445 516 dicerentur
482 489 617 515 omnes
654 489 767 528 reges
804 479 967 528 mystico
999 478 1063 516 illo
1097 478 1303 516 chrismate
1336 490 1425 515 con-

95 538 258 587 secrati,
290 548 366 573 non
400 535 524 573 solum
556 547 577 573 a
608 547 698 586 rege
732 535 849 574 David
882 541 920 574 et
951 536 1152 587 deinceps,
1184 536 1251 574 sed
1284 535 1330 574 ab
1362 535 1428 574 illo

95 596 210 633 etiam
255 594 389 644 Saule,
434 595 500 643 qui
537 593 680 644 populo
725 594 850 632 eidem
891 606 959 632 rex
1000 596 1149 644 primus
1190 600 1248 632 est
1284 599 1427 632 unctus

95 649 197 704 (ipse
237 654 379 703 quippe
412 651 528 690 David
567 663 657 690 eum
695 651 885 690 christum
918 652 1070 690 Domini
1103 648 1306 705 appellat):
1345 657 1429 690 erat

95 717 222 749 tamen
255 722 356 749 unus
389 722 504 748 verus
537 709 725 761 christus,
763 712 876 748 cuins
915 710 969 748 illi
1008 711 1169 761 figuram
1202 710 1428 761 prophetica

95 770 278 807 unctione
323 767 541 819 gestabant3
585 769 652 818 qui
696 768 911 806 secundum
954 770 1177 819 opinionem
1216 769 1427 820 hominum,

95 828 160 877 qui
199 839 289 865 eum
325 826 513 877 putabant
549 827 589 864 in
626 825 743 864 David
783 826 841 864 vel
878 828 918 865 in
960 827 1163 865 Salomone
1203 827 1427 877 intellegen-

94 885 207 936 dum,
251 884 504 923 differebatur
553 886 593 922 in
642 884 818 935 longum3
868 885 1083 923 secundum
1133 886 1429 935 dispositionem

95 949 224 982 autem
250 943 319 981 Dei
346 948 534 981 venturus
561 954 630 980 suo
664 948 838 993 tempore
871 943 1091 993 parabatur.
1152 943 1303 980 Interea
1337 943 1428 981 dum

95 1002 157 1040 ille
190 1001 388 1052 differtur,
422 1000 513 1050 quid
545 1000 690 1038 factum
722 1002 771 1038 sit
803 1000 849 1038 de
883 1013 1002 1051 regno
1035 1006 1213 1038 terrenae
1246 1000 1428 1038 Hierusa-

94 1060 191 1111 lem,
224 1059 290 1098 ubi
323 1058 551 1109 sperabatur
582 1060 718 1108 utique
752 1064 1003 1110 regnaturus,
1036 1064 1195 1097 secutus
1227 1060 1299 1097 iste
1331 1059 1428 1109 psal-

95 1130 181 1156 mus
220 1117 393 1155 adiunxit
431 1122 546 1167 atque
585 1118 654 1154 ait:
694 1117 883 1155 Evertistz'
920 1122 1192 1156 testamentum
1223 1119 1429 1164 servitui,

91 1175 325 1225 profanasti
354 1177 394 1214 in
427 1181 579 1213 terram
610 1177 862 1213 sanctitatem
894 1178 1000 1220 eizts‚·
1033 1177 1269 1214 destruxisti
1298 1187 1430 1213 omnes

96 1236 296 1272 macerias
333 1235 434 1281 eius,
473 1235 644 1282 posuisti
679 1236 915 1272 munitiones
954 1236 1038 1271 eius
1077 1236 1115 1271 in
1150 1233 1430 1281 forinidine7n;

97 1295 355 1341 diripuerant
385 1303 472 1330 eum
504 1303 635 1329 omnes
667 1296 920 1330 transeuntes
953 1294 1072 1338 riam,
1107 1291 1243 1339 saetas
1275 1297 1333 1329 est
1364 1303 1428 1340 op-

92 1352 303 1399 probriam
348 1352 487 1388 vicinis
529 1352 632 1393 sais;
682 1352 873 1388 exaltasti
920 1352 1130 1388 dexteram
1181 1353 1430 1388 inimieorum

97 1411 191 1455 eius,
220 1410 450 1446 ineundasti
473 1419 604 1446 omnes
631 1410 810 1446 inimicos
836 1410 942 1453 eins;
974 1411 1156 1446 avertisti
1186 1410 1431 1446 adlatorium

93 1468 225 1515 aladii
261 1468 345 1504 eius
382 1471 420 1504 et
456 1477 534 1504 non
572 1478 612 1504 es
651 1468 689 1504 ei
724 1468 945 1505 ‹teiarile'atzts
984 1469 1023 1505 in
1063 1468 1183 1511 bela),-
1221 1469 1433 1504 dissolvisti

97 1536 184 1563 eum
222 1526 272 1562 ab
310 1526 606 1571 emundatione,
650 1526 781 1562 sedem
825 1527 909 1563 eius
948 1527 988 1563 in
1026 1530 1177 1563 terrain
1216 1527 1431 1570 eoniisisti;

97 1585 275 1621 nn'naisti
306 1584 389 1621 dies
414 1583 519 1620 sedis
545 1584 640 1629 eius,
668 1582 889 1631 perfudisti
920 1595 1008 1621 eum
1040 1582 1283 1630 confusione.
1327 1582 1430 1620 Ilaec

98 1643 226 1679 onmia
253 1646 445 1678 venerunt
477 1652 595 1690 super
628 1640 803 1678 ancillam
830 1640 1084 1691 Hierusalem,
1117 1642 1155 1678 in
1189 1652 1263 1690 qua
1295 1652 1430 1690 regna-

98 1705 238 1737 verunt
274 1697 451 1736 nonnulli
483 1699 598 1735 etiam
630 1698 697 1736 filii
728 1698 890 1750 liberae,
931 1710 1094 1749 regnum
1127 1698 1220 1736 illud
1253 1704 1431 1737 tenentes

97 1759 137 1795 in
170 1757 458 1807 dispensatione
491 1758 745 1806 temporaria,
776 1768 941 1807 regnum
973 1762 1101 1795 autem
1134 1756 1310 1794 caelestis
1342 1756 1430 1794 Hie-

97 1815 285 1866 rusalem,
329 1816 441 1852 cuius
486 1819 597 1852 erant
639 1814 723 1866 filii,
767 1816 806 1852 in
846 1827 934 1853 vera
972 1815 1046 1853 fide
1084 1814 1271 1853 habentes
1313 1821 1352 1853 et
1392 1817 1432 1853 in

98 1885 189 1911 vero
228 1873 383 1911 Christo
421 1877 635 1923 sperantes.
699 1872 783 1918 Quo
822 1873 936 1911 modo
975 1878 1103 1911 autem
1141 1875 1213 1910 ista
1256 1875 1432 1911 venerint

99 1944 216 1982 super
242 1930 336 1969 illud
361 1942 538 1982 regnum,
569 1931 683 1969 index
710 1937 770 1969 est
801 1943 934 1969 rerum
965 1937 1174 1982 gestarum,
1207 1933 1239 1969 si
1270 1931 1430 1981 legatur,

98 1989 270 2027 historia.

193 2091 228 2132 3)
255 2089 298 2123 V.
325 2093 379 2123 39.
430 2092 464 2133 8)
493 2095 522 2124 1.
552 2090 648 2123 Sani.
676 2093 730 2133 24,
758 2093 788 2124 7.
841 2092 898 2133 24)
926 2090 981 2122 Ps.
1010 2092 1065 2131 88,
1093 2094 1136 2122 40
1163 2101 1241 2133 sqq.

194 2221 235 2252 17
268 2218 404 2251 terram
436 2217 471 2251 R
504 2216 570 2260 (εἰς
602 2214 670 2260 τὴν
695 2217 794 2260 γῆν);
826 2219 924 2252 terra
951 2229 968 2251 υ
1006 2220 1017 2261 11
1056 2222 1097 2251 18
1124 2218 1161 2250 in
1186 2217 1340 2259 RA1‹'·1>‚·
1365 2229 1430 2251 om.

99 2264 265 2308 e¹f91122
293 2264 326 2298 ei
352 2263 547 2299 auxiliatus
571 2264 606 2298 R
616 2276 628 2306 ;
659 2263 859 2308 opitulatus
886 2264 919 2298 ei
944 2274 964 2298 v
983 2265 994 2307 ΙΙ
1015 2268 1057 2297 24
1084 2263 1332 2298 confusionem
1358 2264 1435 2298 RF

1456 778 1497 808 10

1458 1069 1499 1099 15

1456 1359 1499 1389 20

1458 1940 1502 1970 30
