1548 2562
436 157 489 181 DE
509 156 697 182 CIVITATE
717 156 786 180 DEI
804 156 837 181 L.
857 156 921 180 xx.
941 154 971 180 0.
990 156 1015 180 8.
1308 144 1395 185 425

64 252 170 285 reret
195 247 278 284 eius
304 245 469 295 maligna
495 246 678 296 potentia,
710 246 839 282 minus
871 249 1024 282 sanctae
1058 244 1222 282 civitatis
1254 243 1394 281 fidelis-

65 307 160 343 sima
196 305 381 355 patientia
418 303 674 354 probaretur,
720 304 848 341 minus
878 303 1053 353 'denique
1092 303 1395 353 perspiceretur,

65 375 180 413 quam
207 374 344 412 magno
372 363 455 400 eius
482 361 580 399 malo
613 368 690 399 tam
722 360 821 399 bene
855 362 972 399 fuerit
1004 372 1098 399 usus
1130 359 1397 411 Omnipotens,

65 423 132 472 qui
173 433 262 459 eum
303 432 375 458 nec
416 421 573 458 omnino
611 419 770 457 abstulit
808 432 826 457 a
865 421 1118 469 temptatione
1161 424 1397 468 sanctorum,

66 481 240 530 quamvis
279 478 325 516 ab
363 490 498 516 eorum
537 477 789 516 interioribus
822 477 1063 528 hominibus,
1104 476 1171 515 ubi
1202 478 1242 515 in
1274 476 1397 514 Deum

66 538 259 588 creditur,
300 537 403 575 foras
440 538 623 588 missum,
664 542 707 575 ut
745 537 828 574 eius
860 536 1078 574 forinsecus
1111 536 1397 585 oppugnatione

64 597 319 647 proficerent3
358 601 398 633 et
428 596 467 633 in
501 596 574 647 eis,
607 596 673 645 qui
707 600 798 633 sunt
829 606 875 632 ex
907 599 1016 645 parte
1048 596 1189 645 ipsius,
1221 593 1399 644 alligavit,

66 667 114 693 ne
148 659 331 704 quantam
367 659 501 704 posset
539 653 773 691 effundendo
807 658 845 691 et
877 652 1094 690 exercendo
1127 652 1311 690 malitiam
1341 653 1397 689 in-

66 711 327 751 numerabiles
358 712 552 763 infirmos,
593 723 639 749 ex
672 710 813 761 quihus
846 711 1049 749 ecclesiam
1081 710 1329 760 multiplicari
1362 714 1400 747 et

65 771 219 821 impleri
251 770 467 821 oportebat,
499 770 593 808 alios
626 770 865 821 credituros,
897 769 991 807 alios
1022 770 1098 807 iam
1130 768 1347 819 credentes,
1379 780 1399 806 a

67 829 142 867 fide
184 830 338 880 pietatis
379 828 450 866 1103
491 828 728 875 deterreret,
768 828 839 865 hos
878 828 1092 878 frangeret,
1131 833 1169 865 et
1207 827 1329 864 solvet
1360 828 1399 864 in

66 888 154 939 fine,
187 892 241 939 ut,
274 899 389 937 quam
416 887 557 924 fortem
589 887 852 924 adversarium
880 886 948 923 Dei
981 887 1114 923 civitas
1147 886 1400 935 superaverit,

67 958 156 984 cum
200 947 349 995 ingenti
390 945 511 995 gloria
552 946 612 983 sui
652 945 911 994 redemptoris
953 944 1140 981 adiutoris
1181 943 1400 981 liberatoris

71 1005 241 1055 aspiciat.
304 1003 346 1041 ln
372 1015 509 1041 eorum
535 1014 639 1054 sane,
672 1005 737 1052 qui
763 1008 856 1040 tunc
889 1003 1011 1040 suturi
1043 1008 1145 1052 sunt,
1177 1008 1401 1039 sanctorum

68 1069 183 1112 atque
212 1062 382 1100 fidelium
409 1062 695 1112 comparatione
723 1061 815 1111 quid
841 1058 1006 1099 sumus?
1056 1060 1217 1105 Quando
1245 1060 1402 1110 quidem

69 1121 114 1159 ad
147 1120 232 1158 illos
259 1119 480 1170 probandos
506 1125 637 1157 tantus
670 1119 842 1157 solvetur
873 1120 1067 1169 inimicus,
1100 1130 1188 1156 cum
1222 1130 1297 1168 quo
1330 1130 1401 1156 nos

68 1179 183 1229 ligato
222 1180 338 1216 tantis
378 1178 562 1228 periculis
602 1178 841 1216 dimicamus.
904 1177 1087 1222 Quamvis
1126 1182 1164 1214 et
1201 1176 1274 1214 1100
1307 1182 1401 1215 10111-

68 1238 175 1288 poris
208 1236 408 1274 intervallo
441 1236 627 1286 quosdam
660 1236 801 1274 milites
834 1235 977 1273 Christi
1011 1240 1087 1273 tam
1119 1235 1332 1286 prudentes
1366 1241 1404 1273 et

68 1296 191 1333 sortes
223 1295 343 1333 fuisse
371 1299 485 1344 atque
514 1307 599 1332 esse
632 1307 708 1332 non
742 1293 903 1332 dubium
936 1299 1006 1344 est,
1040 1298 1093 1344 ut,
1126 1294 1277 1331 etiamsi
1310 1298 1403 1331 111110

69 1355 109 1392 111
141 1355 213 1391 ista
245 1352 478 1391 mortalitate
519 1354 713 1403 viverent,
755 1352 909 1402 quando
942 1351 1004 1389 ille
1038 1352 1226 1402 solvetur,
1268 1364 1403 1389 01111103

69 1412 229 1450 insidias
269 1412 351 1449 eius
389 1416 503 1461 atque
542 1413 711 1461 impetus
750 1417 788 1449 et
825 1415 1009 1448 caverent
1049 1411 1332 1461 sapientissime
1366 1415 1405 1448 et

69 1470 351 1521 patientissime
384 1471 635 1507 sustinerent.

188 1527 291 1565 Haec
324 1532 453 1565 autem
485 1527 650 1577 alligatio
683 1527 824 1566 diaboli
857 1539 933 1565 non
967 1526 1091 1565 solum
1124 1526 1223 1564 facta
1255 1531 1326 1577 est,
1357 1538 1405 1564 ex

72 1598 149 1637 quo
189 1587 316 1636 coepit
354 1585 517 1624 ecclesia
554 1591 709 1636 praeter
745 1585 925 1624 Iudaeam
963 1590 1107 1623 terram
1147 1586 1187 1622 in
1228 1586 1405 1622 nationes

71 1645 162 1683 alias
195 1649 309 1694 atque
337 1644 428 1682 alias
455 1644 624 1695 dilatari,
657 1644 725 1682 sed
757 1645 871 1681 etiam
904 1655 1008 1681 nunc
1040 1644 1082 1680 fit
1114 1648 1152 1680 et
1183 1643 1249 1681 fiet
1280 1654 1404 1692 usque

72 1703 117 1741 ad
159 1704 370 1740 terminum
414 1702 578 1753 saeculi,
620 1714 696 1753 quo
736 1701 943 1740 solvendus
983 1706 1061 1747 est,
1103 1702 1192 1750 quia
1230 1705 1269 1738 et
1300 1713 1405 1739 nunc

70 1761 248 1798 homines
281 1759 327 1798 ab
359 1760 603 1812 infidelitate,
640 1762 679 1798 in
712 1772 789 1810 qua
820 1772 887 1798 eos
919 1762 1002 1810 ipse
1034 1758 1277 1810 possidebat,
1315 1771 1405 1796 con-

72 1824 278 1857 vertuntur
319 1818 364 1856 ad
404 1818 517 1856 fidem
555 1824 594 1856 et
632 1830 756 1869 usque
793 1820 834 1856 in
872 1817 980 1856 illum
1021 1818 1138 1855 linem
1170 1819 1253 1855 sine
1287 1816 1405 1854 dubio

73 1882 369 1927 convertentur,
408 1882 446 1915 et
484 1879 617 1927 utique
655 1878 866 1927 unicuique
904 1877 978 1914 iste
1010 1877 1121 1914 fortis
1154 1880 1247 1913 tunc
1280 1875 1405 1925 alliga-

72 1941 154 1986 tur,
192 1935 346 1985 quando
384 1934 430 1973 ab
469 1935 532 1973 illo
575 1941 768 1985 tamquam
799 1946 863 1972 vas
895 1936 979 1972 eius
1012 1935 1194 1984 eripitur3
1226 1938 1266 1971 et
1296 1933 1404 1983 abys-

73 2005 157 2045 sus,
188 1992 255 2031 ubi
286 1992 460 2031 inclusus
492 1998 569 2045 est,
615 2006 692 2031 non
724 1995 764 2031 in
796 1994 852 2030 eis
884 1998 1113 2042 consumpta
1145 1997 1220 2042 est,
1253 1991 1405 2041 quando

73 2057 166 2089 sunt
197 2052 352 2102 mortui,
385 2053 450 2102 qni
483 2058 576 2090 tunc
609 2056 719 2089 erant
751 2051 904 2101 quando
937 2062 1021 2088 esse
1056 2051 1184 2100 coepit
1214 2049 1406 2101 inclusus3

73 2109 140 2147 sed
169 2115 445 2147 successerunt
471 2111 526 2147 eis
554 2110 615 2147 alii
648 2109 841 2147 nascendo
874 2113 990 2158 atque
1023 2107 1251 2159 succedunt,
1282 2107 1406 2146 donec

74 2168 230 2205 finiatur
256 2166 329 2204 hoc
356 2167 565 2219 saeculum,
598 2169 664 2217 qui
697 2168 851 2205 oderint
883 2166 1135 2217 Christianos,
1166 2167 1206 2203 in
1239 2177 1406 2215 quorum

168 2319 188 2350 6
213 2314 411 2349 forinsecus
438 2314 515 2348 eius
540 2325 560 2348 v
580 2314 591 2358 ΙΙ
611 2317 654 2348 25
681 2313 845 2357 aliasque
870 2324 892 2347 υ

1428 779 1469 808 10

1429 1069 1471 1101 15

1430 1360 1474 1392 20

1431 1651 1474 1683 25

1432 1943 1475 1973 30
