1611 2465
33 887 74 916 10

35 1178 75 1206 15

35 1470 78 1499 ‘20

36 1761 80 1791 25

38 2054 82 2082 30

99 109 184 150 262
645 117 673 142 s.
695 116 912 142 AUGUSTINI

650 271 801 314 CAPUT
833 271 885 312 V.

99 374 159 412 De
191 374 269 422 Api
305 383 400 419 νᾶφε
432 372 691 420 Aryivorum,
732 380 846 416 quem
879 370 1067 416 Aeyyptz'z'
1097 368 1279 416 Serapim
1313 368 1434 405 nomi-

398 434 533 467 natum
569 429 701 465 divino
733 428 884 465 honore
916 429 1135 465 coluerunt.

216 523 284 561 His
323 521 566 572 temporibus
604 533 672 559 rex
711 521 943 571 Argivorum
980 521 1072 569 Apis
1111 518 1272 557 navibus
1312 524 1436 556 trans·

102 589 236 621 vectus
267 583 308 620 in
340 582 576 631 Aegyptum,
609 592 698 617 cum
730 579 783 617 ibi
817 584 995 616 mortuus
1027 578 1183 629 fuisset,
1222 578 1346 615 sactus
1379 582 1439 615 est

101 642 257 692 Serapis
308 641 482 677 omnium
526 639 716 676 maximus
759 638 1037 687 Aegyptiorum
1081 636 1209 679 deus.„.
1261 635 1438 673 Nominis

100 706 230 739 autem
261 699 390 749 huius,
422 709 493 735 cur
519 709 596 735 non
623 697 715 747 Apis
748 697 863 734 etiam
896 701 984 745 post
1015 684 1192 745 mortem]
1225 693 1291 732 sed
1325 693 1436 732 Sera-

99 761 159 810 pis
203 757 419 809 appellatus
473 757 543 807 sit,
594 755 814 793 facillimam
858 755 1048 791 rationem
1093 752 1213 790 Varro
1259 752 1437 790 reddidit.

101 818 199 862 Quia
243 818 347 854 enim
390 827 499 866 arca,
544 816 583 852 in
627 826 701 864 qua
740 819 919 851 mortuus
951 812 1129 862 ponitur,
1167 810 1269 861 quod
1303 822 1438 848 omnes

101 878 175 914 iam
203 874 485 925 sarcophagum
511 879 662 924 vocant,
693 868 807 922 σορὸς
833 871 976 909 dicitur
1002 869 1160 921 Graece,
1193 875 1232 908 et
1264 869 1317 907 ibi
1348 880 1437 907 eum

102 935 279 972 venerari
323 931 522 983 sepultum
566 936 799 981 coeperant,
843 931 1072 979 priusquam
1122 928 1311 978 templum
1354 929 1438 965 eius

102 998 207 1031 esset
232 996 472 1033 extructum:
504 988 609 1027 velut
641 1001 751 1027 soros
777 995 816 1026 et
836 988 926 1038 Apis
949 986 1105 1037 Serapis
1132 988 1269 1037 primO,
1299 985 1438 1024 deinde

102 1063 179 1090 una
203 1050 343 1100 littera,
375 1054 418 1087 ut
444 1049 528 1086 fieri
560 1047 718 1096 adsolet,
751 1051 984 1097 commutata
1021 1045 1176 1096 Serapis
1209 1045 1336 1083 dietus
1369 1050 1439 1083 est.

102 1110 151 1148 Et
183 1110 440 1148 constitutum
473 1113 532 1145 est
563 1108 679 1145 etiam
711 1106 757 1143 de
790 1105 867 1156 illo,
900 1110 954 1151 ut,
987 1105 1164 1154 quisquis
1196 1115 1284 1141 eum
1318 1103 1438 1141 homi-

103 1181 192 1206 nem
219 1168 338 1205 fuisse
365 1166 538 1216 dixisset,
571 1164 773 1215 capitalem
806 1163 995 1213 penderet
1026 1174 1201 1213 poenam.
1264 1161 1312 1199 Et
1344 1173 1439 1212 quo-

103 1228 206 1265 niam
247 1226 328 1263 fere
373 1226 413 1262 in
460 1223 641 1261 omnibus
684 1222 863 1273 templis,
908 1221 974 1259 ubi
1019 1220 1246 1258 colebantur
1286 1219 1358 1258 Isis
1401 1226 1440 1258 et

105 1285 273 1335 Serapis,
305 1289 389 1321 erat
415 1284 530 1320 etiam
558 1281 820 1331 simulacrum,
848 1279 949 1330 quod
978 1280 1097 1329 digito
1124 1278 1235 1316 labiis
1261 1280 1439 1329 inpresso

104 1344 313 1381 admonere
352 1340 568 1391 videretur,
616 1345 659 1378 ut
700 1339 897 1377 silentium
939 1338 1068 1376 fieret:
1108 1337 1181 1376 hoc
1221 1337 1438 1387 significare

104 1402 207 1440 idem
239 1400 358 1438 Varro
402 1400 614 1449 existimat,
658 1404 701 1436 ut
740 1397 917 1435 homines
962 1408 1028 1434 eos
1069 1396 1190 1434 fuisse
1231 1401 1441 1434 taceretur.

105 1460 172 1498 Ille
205 1465 335 1497 autem
366 1457 455 1509 bos,
494 1469 609 1507 quem
651 1455 817 1494 mirabili
851 1456 1015 1493 vanitate
1049 1454 1211 1505 decepta
1243 1454 1440 1504 Aegyptus

104 1521 144 1557 in
177 1520 262 1556 eius
287 1517 477 1554 honorem
503 1515 653 1553 deliciis
685 1514 936 1552 affluentibus
968 1512 1104 1564 alebat,
1137 1514 1318 1563 quoniam
1351 1524 1441 1550 eum

105 1579 188 1615 sine
231 1575 468 1626 sarcophago
508 1575 635 1612 vivum
672 1572 978 1623 venerabantur,
1021 1572 1132 1622 Apis,
1173 1583 1251 1608 non
1284 1570 1441 1621 Serapis

106 1635 325 1673 vocabatur.
400 1633 485 1678 Quo
530 1632 626 1670 bove
672 1637 825 1669 mortuo
871 1632 1053 1680 quoniam
1097 1628 1360 1679 quaerebatur
1403 1635 1442 1667 et

106 1692 375 1744 reperiebatur
403 1691 545 1729 vitulus
572 1690 713 1729 coloris
741 1689 926 1740 eiusdem,
958 1689 1031 1726 boc
1064 1693 1123 1726 est
1154 1687 1250 1726 albis
1282 1686 1441 1737 quibus-

109 1753 195 1790 dam
228 1750 388 1789 maculis
421 1749 599 1787 similiter
630 1750 856 1798 insignitus,
890 1749 1030 1785 mirum
1064 1746 1245 1796 quiddam
1278 1751 1317 1783 et
1348 1745 1440 1783 divi-

107 1813 212 1849 nitus
239 1809 312 1847 sibi
338 1813 592 1859 procuratum
618 1820 703 1845 esse
731 1805 954 1844 credebant.
1016 1804 1101 1842 Non
1129 1806 1232 1842 enim
1259 1816 1441 1854 magnum

108 1875 190 1907 erat
239 1866 493 1906 daemonibus
543 1865 589 1903 ad
638 1877 705 1903 eos
761 1864 1010 1914 decipiendos
1066 1862 1305 1913 phantasiam
1355 1861 1442 1899 talis

108 1928 226 1978 tauri,
270 1937 385 1976 quam
429 1924 509 1962 sola
552 1928 749 1968 cerneret,
793 1928 989 1960 ostentare
1028 1933 1165 1959 vaccae
1207 1921 1442 1970 concipienti

109 1992 224 2035 atque
257 1984 506 2034 praegnanti,
538 1981 641 2020 unde
674 1980 791 2018 libido
825 1981 958 2017 matris
991 1979 1234 2029 adtralieret,
1267 1978 1371 2028 quod
1403 1979 1441 2016 in

109 2045 193 2080 eius
231 2043 311 2080 fetu
350 2043 424 2079 iam
463 2039 718 2091 corporaliter
756 2044 978 2089 appareret3
1011 2039 1112 2075 sicut
1143 2036 1255 2075 Iacob
1289 2036 1336 2074 de
1369 2038 1442 2074 vir-

108 2104 165 2151 gis
198 2102 369 2150 variatis,
402 2105 445 2137 ut
476 2110 566 2136 oves
599 2104 638 2136 et
669 2109 806 2147 caprae
839 2097 964 2134 variae
998 2101 1272 2146 nascerentur,
1304 2096 1442 2132 effecit.

109 2158 220 2204 Quod
261 2160 365 2196 enim
409 2157 584 2194 homines
625 2154 820 2193 coloribus
860 2160 899 2191 et
940 2153 1171 2204 corporibus
1210 2154 1329 2204 veris,
1369 2152 1442 2190 hoc

1167 2247 1183 2262 θ

202 2282 259 2324 31)
288 2281 375 2315 Gen.
405 2285 460 2323 30,
487 2284 529 2314 37
558 2291 634 2324 sqq.

1602 909 1611 1393 *μμ-ἐμ
1610 880 1611 885 Α
1609 824 1611 862 A*
1610 799 1611 807 ⁴
