1548 2562
416 154 467 178 DE
487 153 676 179 oivrrATE
696 154 766 179 Dm
786 154 817 178 L.
837 155 917 179 XVI.
937 154 966 179 o.
987 155 1027 180 15.
1303 145 1384 186 151

56 241 209 292 quando
241 246 350 292 pater
377 243 460 279 eius
493 244 775 280 centensimum
808 242 1174 293 quadragensimum
1207 248 1245 281 et
1276 244 1386 293 quin-

56 306 139 338 tum
171 312 311 338 annum
354 299 489 349 agebat
526 302 679 351 aetat1s3
718 307 811 338 tuno
845 302 949 344 enim
982 301 1054 339 suit
1085 300 1201 338 huius
1234 306 1385 351 septua-

55 359 253 408 gensimus
279 359 449 407 quintus.
501 357 633 396 Soluta
660 364 719 396 est
745 364 874 396 autem
901 360 972 396 ista
1001 360 1174 408 quaestio
1202 364 1241 396 et
1265 358 1387 410 aliter,

56 421 98 454 ut
125 417 367 466 septuaginta
392 417 564 466 quinque
590 417 680 453 anni
706 415 893 467 Abrahae,
927 416 1080 466 quando
1114 428 1295 467 egressus
1328 422 1387 454 est

55 473 102 512 de
136 473 296 523 Charra,
335 486 381 512 ex
412 473 476 511 illo
509 479 846 525 computarentur,
890 487 934 512 ex
968 487 1044 525 quo
1077 475 1123 512 de
1156 477 1242 525 igne
1277 474 1385 513 Chal-

55 531 240 570 daeorum
271 531 475 583 liberatus,
514 543 591 569 non
623 544 669 570 ex
702 544 778 582 quo
810 538 923 570 natus
956 538 1032 584 est,
1066 539 1260 583 tamquam
1292 538 1386 571 tuno

55 591 183 640 potius
215 595 328 628 natus
360 589 559 628 habendus
593 591 653 628 sit.

173 647 248 686 Sed
289 647 425 686 beatus
467 648 687 698 Stephanus
724 650 764 686 in
805 648 956 687 actibus
994 649 1256 699 apostolorum
1297 662 1386 688 oum

54 707 129 744 ista
172 712 365 744 narraret:
408 707 532 754 Deus,
576 707 719 757 inquit,
760 709 918 754 ylore'ae
962 710 1154 755 apparuit
1196 709 1387 747 Abrahae

50 766 165 813 patri
188 769 333 810 nostro,
366 776 455 803 cum
482 770 582 803 esset
613 767 652 802 in
681 765 977 814 Mesopotann'a,
1006 768 1242 813 pre'asquam
1273 767 1384 805 habi-

55 827 161 861 taret
198 825 237 861 in
275 823 452 869 Charra,
491 828 528 862 et
566 825 623 860 all
654 825 710 861 ad
740 826 864 861 illum:
910 824 992 861 Exi
1022 825 1071 862 de
1103 829 1215 862 terra
1247 829 1317 862 {aa
1349 829 1388 863 et

56 883 104 919 de
129 883 366 928 manatione
392 886 460 919 lua
493 886 531 919 et
562 883 610 919 de
642 883 753 919 domo
781 884 913 930 patris
946 884 1013 927 tui,
1046 886 1084 919 et
1114 884 1205 920 vem‘
1235 885 1275 920 in
1307 887 1385 921 ter-

54 951 164 986 ram,
209 950 328 987 quam
378 940 451 977 tibi
500 941 787 978 demonstrabo.
863 939 1086 977 Secundum
1131 939 1225 978 haee
1270 940 1384 978 verba

55 997 239 1047 Stephani
278 1009 355 1034 non
393 1003 477 1047 post
519 1003 683 1035 mortem
722 999 843 1048 patris
882 999 965 1036 eius
1004 997 1158 1035 loeutus
1190 1004 1250 1036 est
1281 998 1384 1036 Deus

54 1055 240 1106 Abrahae,
274 1057 339 1105 qui
372 1057 506 1105 utique
539 1057 578 1093 in
611 1055 754 1093 Charra
788 1061 966 1094 mortuus
999 1062 1068 1106 est,
1100 1055 1168 1094 ubi
1200 1069 1287 1094 cum
1320 1056 1383 1094 illo

52 1120 92 1151 et
123 1115 205 1164 ipse
238 1113 339 1151 filius
371 1113 566 1164 habitavit,
599 1113 665 1151 sed
698 1115 924 1164 priusquam
957 1113 1149 1152 habitaret
1179 1116 1218 1152 in
1252 1115 1385 1153 eadem

54 1173 218 1222 civitate,
250 1173 324 1209 iam
356 1177 485 1209 tamen
518 1184 606 1210 cum
639 1177 742 1210 esset
773 1174 811 1209 in
845 1172 1131 1223 Mesopotamia.
1182 1172 1260 1210 Iam
1292 1185 1384 1223 ergo

53 1231 199 1267 exierat
242 1242 262 1267 a
307 1229 519 1268 Chaldaeis.
595 1229 704 1274 Quod
756 1231 884 1280 itaque
931 1231 1104 1279 adiungit
1148 1230 1385 1281 Stephanus:

58 1289 91 1325 Τ
90 1300 166 1326 ime
203 1289 409 1326 Abraham
453 1300 636 1335 eqressus
678 1293 735 1326 est
775 1290 823 1326 de
861 1294 974 1327 terra
1018 1290 1309 1327 Chaldaeorum
1349 1295 1386 1328 et

52 1347 248 1384 habitavit
283 1349 322 1384 in
360 1347 536 1392 Charra,
575 1358 650 1383 non
690 1344 716 1378 ί
718 1345 985 1397 demonstrat>
1024 1347 1113 1396 quid
1148 1348 1197 1384 sit
1229 1347 1385 1399 sactum,

53 1410 187 1455 postea
225 1416 340 1454 quam
378 1404 530 1442 locutus
569 1410 627 1441 est
669 1404 721 1442 illi
754 1404 855 1442 Deus
889 1400 1035 1457 (neque
1069 1406 1172 1442 enim
1203 1412 1292 1455 post
1323 1405 1385 1443 illa

54 1462 123 1500 Dei
154 1461 269 1499 verba
301 1474 482 1512 egressus
515 1468 574 1500 est
606 1462 652 1500 de
684 1468 789 1500 terra
822 1462 1120 1514 Chaldaeorum,
1163 1476 1251 1501 cum
1283 1464 1385 1502 dicat

53 1522 88 1558 ei
131 1520 304 1558 locutum
346 1520 469 1558 Deum
513 1532 601 1558 cum
646 1526 749 1558 esset
792 1522 830 1558 in
872 1517 1185 1574 Mesopotamia),
1229 1522 1296 1559 sed
1338 1522 1383 1560 ad

53 1584 178 1616 totum
216 1578 308 1616 illud
348 1584 502 1628 tempus
539 1580 710 1629 pertinet
748 1579 850 1628 quod
884 1581 953 1617 ait:
985 1579 1143 1630 „Tunc,
1176 1579 1211 1617 id
1246 1586 1305 1617 est
1337 1592 1384 1617 ex

53 1649 151 1688 quo,
195 1648 377 1686 egressus
419 1641 478 1674 est
520 1648 539 1673 a
585 1636 783 1674 Chaldaeis
828 1642 865 1674 et
903 1637 1086 1675 habitavit
1126 1638 1165 1674 in
1204 1634 1383 1676 Cliarra“.

52 1695 149 1733 Item
175 1694 277 1744 quod
305 1695 500 1744 sequitur:
533 1695 584 1731 Et
610 1696 702 1732 inde
730 1700 938 1743 poslquam
971 1700 1149 1733 mortuus
1182 1701 1238 1733 est
1264 1701 1385 1744 pater

51 1755 152 1800 eius,
197 1752 420 1791 conlocavit
463 1754 570 1790 illum
614 1754 652 1790 2⁴72
699 1758 811 1791 terra
843 1754 938 1804 hae,
982 1755 1021 1791 in
1060 1765 1139 1801 qua
1180 1765 1245 1792 vos
1277 1766 1385 1793 nune

51 1812 242 1849 habitatis
286 1815 322 1848 et
354 1816 494 1859 pam-es
532 1812 668 1857 vestri,
709 1822 784 1848 non
817 1812 885 1849 ait:
929 1811 1171 1863 „Postquam
1206 1817 1384 1850 mortuus

51 1874 112 1907 est
148 1874 258 1919 pater
301 1869 403 1919 eius,
447 1869 539 1906 exiit
581 1868 626 1905 de
666 1866 856 1920 Charra“;
901 1869 986 1907 sed:
1029 1869 1151 1921 „Inde
1190 1869 1252 1908 hic
1295 1882 1382 1908 eum

52 1926 275 1977 conlocavit,
307 1931 510 1976 postquam
538 1931 715 1964 mortuus
742 1932 800 1964 est
832 1933 941 1977 pater
974 1924 1091 1965 eius“.
1154 1927 1381 1979 Intellegen-

51 1985 143 2023 dum
182 1990 240 2022 est
277 1985 395 2034 igitur
434 1984 605 2023 locutum
644 1983 765 2022 Deum
799 1985 918 2023 fuisse
959 1985 1002 2023 ad
1047 1985 1255 2037 Abraham,
1293 1999 1383 2025 cum

51 2048 155 2081 esset
203 2044 242 2080 in
286 2042 578 2093 Mesopotamia,
622 2043 848 2092 priusquam
886 2043 1078 2081 habitaret
1129 2045 1163 2081 in
1221 2044 1382 2096 Charra3

51 2100 119 2138 sed
152 2112 241 2138 eum
272 2102 311 2137 in
344 2100 527 2138 Charram
559 2102 782 2150 pervenisse
816 2113 903 2139 cum
934 2108 1064 2153 patre,
1096 2107 1248 2140 retento
1281 2103 1382 2154 apud

145 2190 203 2232 28)
229 2189 308 2223 Act.
336 2192 367 2231 7,
393 2192 412 2221 2
441 2200 517 2232 sqq.

144 2308 188 2338 20
214 2304 439 2339 demonstrat
464 2314 528 2338 om.
555 2315 642 2346 mss;
668 2305 712 2347 ef.
739 2306 803 2342 vol.
832 2306 868 2347 I,
895 2309 955 2348 72,
982 2309 1005 2341 2

1413 773 1455 804 10

1414 1064 1454 1095 15

1411 1356 1455 1387 20

1411 1646 1453 1677 25

1409 1937 1452 1968 30
