1548 2562
362 166 414 190 DE
434 165 620 191 CIVITATE
639 166 709 191 DEI
728 166 760 191 L.
780 166 861 191 XVI.
881 166 910 191 C.
931 167 972 192 10.
1263 157 1344 197 139

562 273 712 315 CAPUT
744 274 794 315 X.

16 359 76 397 De
98 361 359 406 §mercatione
384 359 483 404 Sem,
516 360 556 396 in
583 361 698 396 culus
718 354 912 407 proqem'e
939 361 1102 398 tendens
1133 362 1190 398 ad
1216 361 1343 398 Abra-

296 418 387 454 ham
419 418 591 454 civitatis
622 417 699 454 Dei
728 419 826 455 ordo
859 419 1062 465 dirimam:

135 497 317 535 Tenenda
344 503 403 535 est
427 498 546 547 igitur
572 498 694 535 series
727 499 1019 547 generationum
1053 498 1098 536 ab
1131 500 1215 549 ipso
1244 498 1345 551 Sem,

18 561 60 593 ut
97 556 179 605 ipsa
217 555 395 593 ostendat
431 560 519 605 post
556 555 743 593 diluvium
776 557 969 593 civitatem
1000 555 1086 608 Dei,
1128 558 1230 595 sicut
1261 569 1345 595 eain

17 614 139 651 series
165 615 459 663 generationum
491 612 537 650 ab
563 613 640 664 illo,
667 614 732 663 qui
759 619 818 651 est
844 613 1056 664 appellatus
1085 614 1190 666 Seth,
1217 621 1344 653 osten-

16 670 131 709 debat
169 677 255 709 ante
295 671 492 709 diluvium.
553 670 719 721 Propter
756 671 830 709 hoc
869 684 960 721 ergo
995 674 1187 723 scriptura
1220 673 1346 711 divina

17 741 107 767 cum
148 735 342 767 terrenam
385 731 577 767 civitatem
619 731 657 767 in
698 729 914 781 Babylone,
958 730 1032 768 hoc
1076 737 1135 769 est
1175 732 1214 768 in
1256 743 1345 769 con-

18 788 189 838 fusione,
233 792 504 839 monstrasset,
544 787 590 825 ad
628 788 885 838 patriarcham
928 788 1017 826 Sem
1056 789 1346 839 recapitulando

18 846 228 883 revertitur
254 851 293 883 et
318 845 470 883 orditur
494 845 584 883 inde
611 847 881 895 generationes
913 858 1037 896 usque
1069 846 1115 884 ad
1143 847 1345 898 Abraham,

17 909 318 941 commemorato
351 905 465 941 etiam
499 915 661 941 numero
694 916 896 955 annorum,
928 910 1072 953 quanto
1105 906 1268 954 quisque
1302 905 1347 942 ad

18 961 115 999 hanc
140 963 283 999 seriem
309 963 569 1011 pertinentem
597 961 716 999 filium
749 964 947 1011 genuisset
979 968 1201 1012 quantoque
1234 964 1346 1000 vixis-

18 1024 87 1057 set.
148 1019 222 1057 Ubi
253 1025 359 1057 certe
391 1020 678 1069 agnoscendum
711 1025 786 1070 est,
826 1020 927 1069 quod
960 1026 1047 1058 ante
1080 1022 1348 1072 promiseram,

17 1082 60 1115 ut
85 1083 266 1127 appareat
292 1089 410 1127 quare
437 1079 487 1115 sit
512 1077 657 1115 dictum
684 1078 730 1115 de
758 1078 842 1115 filiis
871 1077 1017 1116 Heber:
1050 1080 1198 1117 Nomen
1230 1081 1348 1116 um'us

19 1136 216 1182 Plzalech,
261 1138 355 1183 quia
400 1138 438 1173 in
481 1137 618 1174 diebus
659 1138 743 1173 eius
784 1138 911 1174 divisa
953 1142 1011 1174 est
1049 1142 1173 1175 terra.
1246 1136 1347 1181 Quid

18 1195 120 1231 enim
164 1193 265 1231 aliud
310 1193 611 1243 intellegendum
656 1200 715 1231 est
756 1200 899 1232 terrain
944 1206 1028 1232 esse
1073 1194 1231 1232 divisam
1274 1196 1348 1232 nisi

18 1252 240 1290 diversitate
281 1249 529 1301 linguarum?
579 1251 741 1289 Omissis
785 1253 904 1302 igitur
945 1254 1086 1290 ceteris
1128 1253 1215 1290 filiis
1258 1252 1348 1290 Sem

18 1309 64 1347 ad
95 1309 193 1347 lianc
226 1321 308 1347 rem
340 1321 416 1347 non
443 1309 729 1360 pertinentibus
761 1310 815 1347 illi
847 1316 1107 1348 conectuntur
1139 1312 1178 1348 in
1211 1311 1346 1349 ordine

18 1369 322 1418 generationum,
354 1380 424 1417 per
456 1380 552 1417 quos
585 1369 707 1417 possit
738 1367 783 1405 ad
805 1367 996 1405 Abraham
1028 1370 1241 1420 perveniri,
1275 1370 1346 1406 sic·

20 1430 62 1463 ut
93 1424 146 1462 illi
187 1425 491 1463 conectebantur
523 1431 611 1463 ante
644 1425 847 1477 diluvium,
891 1439 961 1476 per
994 1438 1091 1476 quos
1123 1428 1348 1477 pervenire-
1376 1439 1383 1447 *

20 1488 84 1521 tur
116 1483 161 1520 ad
193 1483 273 1521 Noe
316 1483 648 1534 generationibus,
687 1496 784 1533 quae
816 1491 1049 1535 propagatae
1083 1491 1174 1523 sunt
1207 1498 1251 1523 ex
1283 1485 1348 1522 illo

20 1541 139 1579 Adam
171 1541 259 1592 filio,
292 1543 358 1591 qui
390 1547 450 1579 est
481 1542 693 1592 appellatus
727 1542 831 1580 Seth.
895 1542 959 1580 Sic
992 1555 1083 1593 ergo
1116 1544 1251 1593 incipit
1285 1555 1347 1593 ge-

20 1600 264 1637 nerationum
291 1600 362 1637 ista
389 1601 602 1638 contextio:
630 1600 680 1637 Et
705 1602 781 1638 hae
804 1603 1087 1647 qeneraliones
1113 1602 1212 1638 Sem.
1258 1602 1347 1639 Sem

16 1659 124 1703 filius
161 1662 316 1695 centum
354 1669 568 1704 annorum,
609 1669 697 1695 cum
726 1660 867 1705 yenuit
898 1659 1128 1707 Arphaxcd,
1173 1660 1348 1697 secundo

20 1726 126 1753 anno
154 1720 242 1763 post
268 1717 468 1753 diluvium.
532 1716 582 1753 Et
612 1718 712 1753 vixit
738 1717 837 1762 Sem,
864 1722 1075 1764 postquam
1103 1719 1242 1764 {lenuit
1274 1718 1348 1754 Ar—

16 1774 184 1822 plzaxat,
216 1775 448 1820 que'nyentos
474 1785 599 1812 annos
625 1778 663 1811 et
684 1776 822 1821 yemce'l
844 1776 948 1819 filios
975 1780 1011 1812 et
1038 1777 1146 1820 filias
1178 1781 1215 1813 et
1246 1786 1347 1813 mor-

22 1836 113 1869 tuus
144 1836 210 1869 est.
274 1831 336 1868 Sic
376 1833 602 1881 exsequitur
640 1837 791 1869 ceteros
829 1832 981 1883 diceus,
1020 1838 1138 1882 quoto
1184 1834 1349 1882 quisque

22 1900 121 1926 anno
161 1890 258 1926 vitae
301 1901 391 1927 suae
434 1889 552 1927 filium
595 1891 774 1939 genuerit
814 1890 859 1928 ad
898 1892 1015 1927 istum
1054 1892 1350 1940 generationum

21 1946 198 1984 ordinem
228 1948 508 1998 pertinentem,
540 1949 606 1997 qui
638 1947 834 1997 pertendit
866 1948 910 1985 ad
944 1948 1152 1999 Abraham,
1185 1954 1224 1987 et
1254 1955 1349 1998 quot

1375 854 1417 884 10

1376 1144 1417 1173 15

1377 1723 1419 1753 25

22 2016 142 2042 annos
185 2004 430 2055 postmodum
475 2006 635 2056 vixerit,
679 2007 861 2043 intimans
903 2018 991 2044 euin
1036 2006 1133 2043 filios
1175 2006 1348 2057 filiasque
1376 2014 1419 2044 30

21 2063 220 2113 genuisse3
246 2068 289 2100 ut
309 2062 576 2113 intellegamus
603 2063 704 2101 unde
731 2065 931 2114 potuerint
956 2064 1089 2114 populi
1109 2064 1350 2116 adcrescere,

117 2163 173 2205 13)
198 2162 237 2197 P.
267 2166 344 2205 128,
369 2166 400 2197 2.
454 2165 509 2206 15)
536 2163 624 2198 Gen.
654 2167 707 2207 10,
735 2167 788 2198 25.
840 2166 898 2208 27)
925 2163 1012 2198 Gen.
1042 2168 1096 2206 11,
1124 2169 1166 2198 10
1193 2177 1243 2208 sq.

117 2316 158 2347 10
185 2313 398 2348 ordinantur
423 2313 474 2347 R¹
