1548 2562
397 164 449 189 DE
468 162 656 189 c1VITATE
676 163 746 188 DEI
765 163 797 187 L.
817 162 928 187 xvm.
948 161 978 188 c.
999 163 1040 188 36.
1059 162 1103 187 37.
1348 150 1432 191 311

575 283 730 325 CAPUT
763 281 959 324 XXXVI.

336 370 396 408 De
427 370 560 407 Esdra
592 372 630 407 et
659 369 773 407 libris
805 349 1184 406 Macchabaeorum.

217 450 331 489 Post
342 450 413 488 hos
445 455 525 488 ties
556 449 786 500 prophetas,
817 449 1024 499 Aggaeum,
1056 446 1290 497 Zachariam,
1321 444 1433 484 Mala-

103 510 239 561 chiam,
271 521 341 560 per
367 508 471 547 idem
506 513 661 559 tempus
693 506 932 545 liberationis
964 505 1098 573 populi
1131 518 1176 544 ex
1202 478 1433 555 Babyloniae

104 569 290 607 servitute
316 568 473 617 scripsit
499 568 614 605 etiam
639 565 795 617 Esdras,
826 566 893 615 qui
918 566 1039 614 magis
1072 566 1206 603 rerum
1236 568 1434 614 gestarum
1461 568 1480 600 5

103 627 272 677 scriptor
309 631 369 664 est
406 624 560 663 habitus
598 636 714 675 quam
752 623 941 674 propheta
981 618 1116 675 (sicuti
1154 627 1214 661 est
1255 627 1294 660 et
1324 620 1435 672 liber,

104 686 171 735 qui
202 683 416 735 appellatur
441 682 595 735 Esther,
627 683 739 721 cuius
771 693 835 720 res
866 685 973 732 gesta
1005 682 1045 719 in
1077 679 1230 719 laudem
1257 679 1326 718 Dei
1357 690 1436 717 non

104 743 216 793 longe
255 741 301 780 ab
339 742 399 780 his
430 741 674 792 temporibus
705 735 939 792 invenitur);
982 740 1057 777 nisi
1088 739 1188 777 forte
1220 737 1364 776 Esdras
1396 738 1436 775 in

104 813 150 839 eo
194 799 393 840 Christum
434 799 688 851 prophetasse
732 797 1015 849 intellegendus
1060 802 1137 848 est,
1187 795 1290 847 quod
1334 797 1437 834 inter

106 859 292 909 quosdam
322 860 483 897 iuvenes
515 864 598 896 orta
631 858 869 908 quaestione,
902 855 993 907 quid
1026 855 1190 906 amplius
1220 854 1366 893 valeret
1397 854 1436 892 in
1464 860 1507 891 10

106 917 248 969 rebus,
292 929 381 956 cum
424 928 537 967 reges
581 928 682 955 unus
728 915 912 965 dixisset,
956 913 1053 951 alter
1097 915 1253 964 vinum,
1296 913 1437 950 tertius

106 975 302 1027 mulieres,
334 987 431 1025 quae
457 974 687 1025 plerumque
714 972 872 1023 regibus
899 973 1148 1022 imperarent,
1179 970 1281 1009 idem
1308 975 1438 1008 tamen

104 1035 246 1073 tertius
272 1035 474 1072 veritatem
501 1044 619 1083 super
645 1033 772 1069 omnia
798 1031 1076 1069 demonstravit
1108 1041 1193 1067 esse
1226 1030 1437 1067 victricem.
1488 1058 1505 1074 ‚-

107 1091 292 1131 Consulto
319 1096 448 1129 autem
475 1090 671 1141 evangelio
699 1089 897 1127 Christum
924 1089 1195 1139 cognoscimus
1221 1098 1307 1125 esse
1341 1087 1437 1124 veri-

106 1155 236 1189 tatem.
303 1148 359 1187 Ab
397 1149 471 1187 hoc
509 1154 683 1199 tempore
731 1147 831 1198 apud
870 1146 1033 1185 Iudaeos
1072 1144 1438 1195 restituto‘templo
1468 1152 1508 1181 15

107 1220 186 1247 non
217 1220 347 1259 reges,
385 1207 453 1246 sed
490 1208 687 1258 principes
725 1206 885 1244 fuerunt
924 1217 1046 1255 usque
1081 1204 1126 1242 ad
1158 1202 1439 1252 Aristobolum3

108 1278 275 1317 quorum
313 1267 536 1316 supputatio
576 1270 795 1315 temporum
841 1275 918 1301 non
961 1265 1001 1301 in
1040 1264 1246 1313 scripturis
1284 1262 1441 1312 sanctis,

37 1361 41 1365 ,
109 1336 206 1375 quae
239 1324 480 1375 appellantur
506 1324 726 1373 canonicae,
758 1322 824 1360 sed
857 1323 896 1359 in
928 1321 1012 1359 aliis
1044 1322 1252 1371 invenitur,
1282 1321 1323 1358 in
1357 1320 1439 1370 qui-

108 1383 181 1421 bus
220 1388 310 1420 sunt
348 1388 386 1420 et
422 1381 765 1420 Macchabaeorum
806 1379 912 1431 libri,
944 1391 1042 1430 quos
1074 1391 1151 1417 non
1184 1378 1333 1425 Iudaei,
1372 1376 1440 1416 sed

109 1441 272 1479 ecclesia
297 1451 368 1491 pro
395 1441 591 1478 canonicis
616 1438 732 1477 habet
757 1444 918 1489 propter
950 1436 1193 1488 quorundam
1226 1441 1439 1486 martyrum
1468 1443 1511 1473 20

109 1500 310 1550 passiones
359 1498 609 1536 vehementes
659 1502 774 1547 atque
825 1496 1044 1547 mirabiles,
1094 1497 1185 1546 qui,
1235 1500 1441 1544 antequam

111 1556 289 1596 Christus
314 1557 485 1594 venisset
516 1557 555 1594 in
587 1567 716 1607 carne,
742 1567 866 1605 usque
893 1554 939 1592 ad
965 1559 1131 1592 mortem
1158 1564 1229 1604 pro
1262 1552 1332 1590 Dei
1357 1552 1440 1602 lege

108 1620 312 1654 certarunt
343 1620 382 1653 et
412 1614 509 1653 mala
541 1615 764 1664 gravissima
804 1618 918 1662 atque
951 1611 1152 1650 horribilia
1183 1610 1443 1661 pertulerunt.

580 1749 732 1791 CAPUT
762 1746 982 1789 XXXVII

119 1836 233 1882 Quod
262 1836 501 1884 prophetica
542 1835 764 1872 auctoritas
801 1844 905 1871 omnz
942 1832 1100 1879 oriyine
1128 1832 1288 1879 yentz’lzs
1314 1832 1442 1880 phelo-
1470 1837 1513 1869 25

439 1894 603 1941 sophzae
634 1893 862 1930 mvematur
895 1891 1110 1937 antiquior.

230 1974 422 2025 Tempore
448 1974 568 2023 igitur
593 1972 872 2024 piophetarum
898 1976 1056 2009 nostro1
1060 1982 1137 2020 um
1170 1982 1337 2020 quorum
1370 1971 1446 2008 iam

112 2033 258 2083 scripta
289 2032 335 2070 ad
367 2033 542 2078 notitiam
574 2031 656 2069 sere
688 2031 860 2069 omnium
893 2030 1067 2080 gentium
1098 2034 1374 2078 pervenerunt,
1407 2033 1446 2068 et

212 2123 267 2165 13)
293 2125 324 2155 3.
351 2120 453 2155 Esdr
479 2123 511 2163 3,
538 2123 559 2153 4
585 2130 662 2163 sqq

209 2229 231 2260 4
261 2225 482 2269 babyloniae
512 2224 547 2258 R
577 2226 678 2267 (306,
702 2227 759 2266 4);
789 2223 987 2267 babylonia.
1022 2222 1075 2264 A‚·
1104 2220 1324 2266 babylonica
1349 2221 1409 2256 Fv
1433 2221 1445 2268 ΙΙ

114 2276 136 2307 ὅ
163 2272 288 2307 ezdras
314 2271 350 2306 R
374 2272 482 2306 ident.
502 2272 514 2315 ΙΙ
535 2274 576 2305 16
597 2270 835 2305 aristobolum
855 2269 968 2304 RAF
991 2273 1021 2303 et
1047 2279 1098 2303 szc
1114 2270 1341 2313 pleiwumque
1366 2269 1445 2302 Ari·
1487 2276 1489 2279 ·

114 2319 334 2354 stobulumv
353 2319 365 2363 ΙΙ
384 2321 426 2352 22
454 2327 560 2352 carne
584 2327 654 2352 mss
677 2317 738 2360 (cf.
766 2327 792 2351 c.
820 2320 866 2351 47
890 2317 954 2350 sub
980 2316 1079 2359 ftnq)
1104 2325 1252 2350 carnem
1276 2326 1295 2349 v
