1495 2489
59 745 99 775 10

59 1035 99 1065 15

56 1325 99 1356 20

56 1615 97 1645 25

55 1905 98 1935 30

131 116 210 156 126
659 126 687 152 s.
707 127 919 153 Anocs'rm1

126 216 194 252 illa
226 217 323 253 exiit
356 217 480 253 Assur
520 220 557 254 et
588 217 818 261 aedificavit
847 217 1021 255 Nineven
1055 222 1092 255 et
1122 217 1276 256 Roboth
1309 219 1445 256 civita·

126 277 201 311 tem
233 279 269 311 et
299 274 473 311 Clzalach
495 279 531 311 et
556 274 699 311 Dasem
732 276 834 312 inter
865 276 1034 312 medium
1067 275 1242 314 Nz‘nevae
1273 280 1310 313 et
1346 276 1445 314 Cha-

126 332 235 369 ἰαί-Μ
266 333 365 370 haec
392 333 532 369 civilas
563 343 719 378 mamm.
781 331 856 369 Iste
887 344 1004 382 porro
1031 332 1145 383 ebus,
1176 338 1285 382 pater
1316 334 1445 383 gigan-

126 390 175 426 tis
207 388 396 439 Nebroth,
434 390 583 438 primus
621 391 839 427 nominatus
880 395 937 428 est
969 392 1008 428 in
1040 390 1126 428 [iliis
1159 389 1296 442 Cham,
1335 393 1446 430 cuius

127 448 297 496 quinque
330 447 395 484 tilii
427 448 501 484 iam
533 447 687 485 fuerant
718 450 927 498 computati
959 454 997 486 et
1027 454 1188 498 nepotes
1220 449 1306 487 duo.
1370 448 1445 488 Sed

125 506 242 542 istum
281 505 471 554 gigantem
511 510 575 542 aut
605 510 693 556 post
723 511 884 556 nepotes
916 518 1006 544 suos
1039 513 1147 544 natos
1179 508 1328 558 genuit,
1369 512 1446 559 aut,

127 563 228 612 quod
255 568 314 600 est
339 562 573 613 credibilius,
605 575 779 602 seorsum
807 564 853 602 de
879 563 942 602 illo
968 570 1127 614 propter
1160 566 1242 602 eius
1275 565 1445 603 eminen-

127 622 217 658 tiam
244 621 435 670 scriptura
461 620 587 659 locuta
619 627 693 672 est,
726 621 878 671 quando
911 622 1065 672 quidem
1098 627 1136 660 et
1166 634 1331 672 regnum
1361 624 1446 661 eius

128 684 469 717 commemoratum
510 685 587 730 est,
632 681 742 718 cuius
788 682 940 718 initium
981 687 1063 718 erat
1107 680 1169 718 illa
1208 680 1446 719 nobilissima

126 735 294 786 Babylon
339 738 487 788 civitas,
527 743 565 775 et
603 749 698 788 quae
738 739 843 775 iuxta
881 744 1200 777 commemoratae
1238 744 1328 777 sunt
1365 740 1444 777 sive

127 795 300 832 civitates
338 796 417 832 sive
454 797 643 845 regiones.
705 795 814 840 Quod
853 808 942 834 vero
982 796 1128 834 dictum
1166 802 1224 834 est
1261 797 1307 834 de
1340 802 1444 835 terra

126 851 199 902 illa,
230 852 267 891 id
300 859 358 891 est
390 852 436 891 de
468 858 571 891 terra
604 853 792 904 Sennaar,
827 866 923 904 quae
955 854 1173 904 pertinebat
1204 854 1249 892 ad
1281 866 1444 904 regnum

126 909 310 961 Nebroth,
343 912 466 949 exisse
493 912 614 950 Assur
640 918 678 950 et
703 912 922 950 aedificasse
955 911 1126 950 Nineven
1158 917 1196 950 et
1226 911 1318 950 alias
1349 924 1444 962 quas

127 970 325 1006 contexuit
356 971 548 1020 civitates,
580 969 691 1019 longe
723 976 855 1020 postea
887 970 1030 1008 sactum
1062 976 1131 1021 est,
1162 969 1264 1020 quod
1297 982 1342 1007 ex
1373 970 1443 1007 hac

126 1028 327 1064 occasione
353 1029 581 1077 perstrinxit
605 1034 764 1078 propter
790 1027 1027 1066 nobilitatem
1053 1029 1162 1078 regni
1188 1028 1444 1077 Assyriorum,

127 1084 229 1134 quod
262 1084 489 1123 mirabiliter
515 1085 684 1123 dilatavit
709 1085 842 1137 Ninus,
872 1085 953 1124 Beli
984 1085 1098 1136 filius,
1129 1085 1304 1123 conditor
1329 1083 1443 1121 Nine-

127 1154 192 1179 vae
214 1144 376 1180 civitatis
398 1155 573 1194 magnae,
600 1145 709 1181 cuius
735 1145 898 1181 civitatis
925 1155 1063 1181 nomen
1090 1156 1136 1181 ex
1162 1142 1263 1181 illius
1289 1143 1444 1179 nomine

127 1200 340 1239 derivatum
374 1207 443 1252 est,
474 1207 518 1239 ut
543 1213 563 1238 a
589 1201 686 1239 Nino
713 1201 857 1239 Nineve
890 1208 1103 1239 vocaretur.
1152 1202 1273 1239 Assur
1305 1205 1445 1250 autem,

127 1257 227 1295 unde
259 1259 417 1310 Assyrii,
448 1270 525 1296 non
556 1259 628 1297 suit
658 1261 697 1297 in
729 1258 815 1297 filiis
849 1258 978 1311 Cham,
1010 1259 1126 1297 medii
1157 1259 1224 1296 filii
1254 1257 1346 1309 Noe,
1379 1256 1445 1295 sed

125 1317 164 1353 in
190 1316 277 1354 filiis
305 1316 394 1354 Sem
419 1318 625 1368 reperitur,
658 1319 723 1367 qui
749 1318 821 1356 fuit
846 1317 925 1355 Noe
958 1319 1145 1355 maximus
1176 1316 1288 1354 filius.
1337 1314 1446 1353 Unde

125 1380 284 1424 apparet
327 1374 373 1412 de
415 1377 598 1425 progenie
633 1374 721 1412 Sem
765 1381 920 1413 exortos
952 1376 1089 1426 fuisse,
1127 1377 1193 1425 qui
1222 1379 1357 1425 postea
1387 1385 1446 1411 re-

125 1444 244 1481 gnum
275 1434 439 1482 gigantis
465 1432 567 1471 illius
593 1432 815 1471 obtinerent
849 1439 887 1471 et
923 1433 1011 1471 inde
1043 1433 1301 1484 procederent
1332 1436 1447 1481 atque

125 1489 215 1527 alias
243 1490 456 1528 conderent
482 1492 667 1541 civitates,
699 1503 862 1540 quarum
894 1493 1016 1541 prima
1048 1497 1107 1529 est
1138 1503 1158 1528 a
1189 1490 1287 1528 Nino
1320 1488 1446 1540 appel—

124 1547 198 1585 lata
242 1547 397 1586 Nineve.
459 1548 556 1586 Hinc
601 1548 749 1586 reditur
793 1549 839 1586 ad
883 1549 996 1587 alium
1041 1548 1161 1586 filium
1201 1547 1338 1599 Cham,
1382 1548 1449 1598 qui

125 1605 333 1644 vocabatur
364 1606 561 1657 Mesraim,
600 1612 638 1644 et
670 1613 1022 1645 conunemorantur
1054 1619 1151 1657 quos
1183 1608 1333 1657 genuit,
1371 1617 1448 1643 non

124 1669 319 1714 tamquam
364 1665 504 1714 singuli
547 1665 741 1715 homines,
785 1665 852 1703 sed
889 1666 1064 1703 nationes
1102 1670 1260 1715 septem.
1322 1663 1371 1702 Et
1402 1663 1449 1701 de

125 1728 252 1773 sexta,
294 1722 398 1760 velut
443 1722 488 1760 de
528 1729 636 1761 sexto
674 1722 776 1774 filio,
819 1735 913 1773 gens
951 1728 1275 1762 commemoratur
1313 1723 1450 1773 exisse,

129 1792 226 1829 quae
260 1780 472 1830 appellatur
504 1780 728 1831 philistiim,
762 1781 863 1819 unde
896 1782 994 1819 fiunt
1024 1787 1122 1820 octo.
1183 1780 1275 1819 Inde
1307 1781 1450 1819 iterum

125 1839 171 1876 ad
204 1838 382 1876 Chanaan
413 1838 581 1889 reditur,
613 1841 652 1876 in
685 1851 760 1888 quo
792 1839 869 1877 filio
902 1839 1128 1877 maledictus
1160 1844 1219 1876 est
1251 1837 1381 1889 Cham,
1413 1843 1451 1876 et

125 1908 222 1947 quos
248 1898 382 1947 genuit
408 1896 588 1935 undecim
621 1898 880 1934 nominantur.
942 1896 1086 1934 Deinde
1119 1908 1242 1946 usque
1275 1895 1320 1934 ad
1353 1907 1450 1945 quos

125 1956 220 1992 lines
269 1956 519 2005 pervenerint
575 1956 885 1992 commemoratis
947 1954 1176 2004 quibusdam
1231 1953 1450 1992 civitatibus

127 2013 280 2051 dicitur.
341 2013 394 2050 Ac
437 2024 506 2063 per
550 2012 623 2050 hoc
668 2012 754 2050 filiis
798 2011 1083 2063 nepotibusque
1129 2013 1360 2062 computatis
1403 2011 1450 2050 de

123 2072 309 2121 progenie
342 2070 459 2108 Cham
491 2072 648 2121 triginta
680 2082 781 2108 unus
813 2071 932 2120 geniti
964 2071 1200 2109 reseruntur.

221 2233 236 2263 1
265 2229 422 2264 Niniven
442 2240 461 2263 v
481 2230 492 2272 ΙΙ
511 2228 642 2263 roboth
671 2228 811 2269 V2AF‚·
843 2229 978 2263 roboch
998 2228 1055 2269 Η,-
1081 2229 1257 2263 tbi-oboth
1285 2228 1351 2270 V¹,·
1381 2227 1451 2262 Ro·

122 2276 236 2310 booth
264 2287 283 2309 v
303 2278 314 2320 ΙΙ
334 2280 352 2310 2
380 2280 411 2310 et
437 2280 480 2310 16
507 2275 665 2310 Nineves
694 2277 804 2319 111133
831 2287 942 2309 unum
978 2274 1121 2309 VRAF
