1611 2465
73 692 114 722 10

72 985 114 1015 15

71 1278 114 1308 20

24 1569 114 1601 ‘25

73 1863 115 1894 30

140 56 226 97 354
682 66 709 91 s.
728 65 946 92 Amus'mu

141 161 272 194 autem
304 157 424 194 trium
456 155 529 194 hoc
562 155 679 206 elegit
709 157 871 194 tertium
902 155 1178 207 hominemque
1212 169 1282 196 nec
1315 159 1481 197 animam

141 214 262 253 solam
300 227 372 252 nec
417 214 542 252 solum
586 226 747 266 corpus,
791 214 859 252 sed
903 216 1070 253 animam
1108 215 1223 254 simul
1261 221 1301 255 et
1338 228 1481 267 corpus

141 286 227 312 esse
267 273 491 311 arbitratur.
537 272 723 313 ¹Proinde
761 285 958 311 summum
995 273 1141 312 bonum
1179 274 1365 327 hominis,
1403 272 1481 326 quo

142 333 185 371 fit
216 332 371 383 beatus,
410 343 457 369 ex
495 333 702 382 utriusque
735 333 793 370 rei
825 331 938 370 bonis
971 338 1150 371 constare
1182 333 1293 385 dicit,
1332 339 1371 372 et
1401 335 1481 372 ani-

143 403 226 429 mae
260 390 410 428 scilicet
448 395 487 428 et
527 391 715 441 corporis.
776 390 830 429 Ac
862 402 932 442 per
963 390 1038 429 hoc
1069 393 1194 442 prima
1225 392 1288 430 illa
1319 397 1481 431 naturae

140 454 302 501 propter
340 461 380 487 se
419 450 503 500 ipsa
547 450 742 487 existimat
788 450 1003 500 expetenda
1046 452 1247 501 ipsamque
1285 452 1482 504 virtutem,

142 520 257 559 quam
297 508 475 546 doctrina
502 508 650 552 ‚inserit
686 506 792 546 velut
829 513 953 546 artem
989 509 1160 561 vivendi,
1200 521 1298 560 quae
1330 511 1370 548 in
1402 511 1481 548 ani-

141 578 225 605 mae
251 566 364 605 bonis
385 571 445 604 est
465 566 836 604 excellentissimum
862 565 1020 606 honum.
1073 566 1321 619 Quapropter
1347 568 1481 607 eadem

140 627 286 677 virtus,
328 625 368 663 id
408 630 470 663 est
509 636 572 663 ars
614 625 784 675 agendae
825 626 946 676 vitae,
990 638 1079 664 cum
1120 628 1317 677 acceperit
1356 628 1482 678 prima

141 690 324 735 naturae,
369 695 467 734 quae
513 685 596 721 sine
640 683 703 721 illa
747 689 881 735 erant,
925 683 993 722 sed
1036 690 1167 723 tamen
1210 691 1322 723 erant
1365 687 1483 724 etiam

141 742 296 794 quando
329 743 386 780 eis
418 741 595 780 doctrina
627 741 752 780 adhuc
785 741 939 790 deerat,
972 744 1099 781 omnia
1131 749 1293 794 propter
1325 756 1366 782 se
1398 745 1482 796 ipsa

141 802 289 852 appetit
319 798 513 851 simulque
547 803 662 839 etiam
695 812 735 839 se
761 802 897 853 ipsam,
930 800 1189 852 omnibusque
1222 802 1338 841 simul
1370 808 1409 841 et
1440 815 1482 842 se

140 862 223 911 ipsa
255 861 392 911 utitur,
423 872 469 897 eo
501 860 590 911 fine,
621 865 666 898 ut
697 858 878 897 omnibus
910 859 1125 899 delectetur
1158 866 1273 911 atque
1305 861 1481 911 perfrua-

141 925 223 970 tur,
261 920 382 968 magis
420 919 647 969 minusque,
684 923 729 956 ut
770 930 947 968 quaeque
978 919 1081 957 inter
1113 930 1155 957 se
1187 921 1334 957 maiora
1365 925 1481 971 atque

140 978 292 1016 minora
318 982 421 1029 sunt,
451 983 582 1015 tamen
609 976 791 1015 omnibus
822 976 997 1027 gaudens
1029 982 1068 1015 et
1100 977 1288 1028 quaedam
1319 979 1482 1031 minora,

140 1037 174 1074 si
205 1037 419 1074 necessitas
451 1035 641 1086 postulat,
679 1040 841 1086 propter
874 1037 1019 1073 maiora
1050 1035 1110 1074 vel
1142 1036 1392 1087 adipiscenda
1422 1037 1482 1076 vel

139 1093 308 1133 tenenda
341 1099 608 1132 contemnens,
670 1092 853 1132 Omnium
887 1100 1016 1132 autem
1048 1094 1241 1133 bonorum
1273 1095 1333 1133 vel
1364 1097 1483 1135 animi

139 1152 200 1191 vel
244 1153 421 1203 corporis
466 1152 561 1190 nihil
606 1151 680 1190 sibi
723 1153 847 1190 virtus
891 1154 1049 1190 omnino
1092 1155 1309 1204 praeponit.
1377 1154 1481 1193 Haec

141 1212 244 1249 enim
288 1210 388 1249 bene
427 1212 552 1249 utitur
591 1216 629 1248 et
667 1223 708 1249 se
746 1212 828 1261 ipsa
867 1216 906 1249 et
945 1213 1108 1263 ceteris,
1153 1224 1250 1262 quae
1283 1212 1481 1252 hominem

141 1270 290 1308 faciunt
320 1269 494 1321 beatum,
526 1268 650 1307 bonis.
712 1268 787 1307 Ubi
817 1281 910 1307 vero
941 1271 1026 1320 ipsa
1056 1282 1135 1308 non
1167 1276 1238 1322 est,
1269 1271 1482 1321 quamlibet

141 1328 261 1366 multa
294 1329 372 1366 sint
403 1327 516 1380 bona,
548 1339 627 1365 non
657 1326 760 1365 bono
793 1329 878 1366 eius
911 1334 1023 1380 sunt,
1056 1330 1168 1367 cuius
1201 1335 1303 1381 sunt,
1335 1342 1379 1368 ac
1410 1342 1482 1381 per

140 1387 214 1425 hoc
252 1398 324 1425 nec
362 1388 447 1425 eius
485 1385 786 1429 bonardicenda
826 1392 938 1438 sunt,
977 1388 1040 1425 cui
1078 1387 1175 1426 male
1214 1389 1341 1426 utenti
1372 1388 1480 1427 utilia

141 1457 228 1484 esse
261 1457 338 1483 non
370 1450 547 1496 possunt.
584 1443 714 1482 'Haec
754 1457 846 1495 ergo
878 1446 954 1484 vita
986 1445 1173 1497 hominis,
1205 1459 1303 1497 quae
1336 1448 1480 1486 virtute

141 1509 180 1542 et
211 1503 294 1542 aliis
333 1505 450 1542 animi
490 1509 529 1542 et
568 1505 745 1554 corporis
776 1503 908 1555 bonis,
948 1505 1031 1542 sine
1064 1504 1206 1554 quihus
1238 1507 1361 1544 virtus
1393 1517 1480 1545 esse

141 1574 219 1600 non
257 1568 404 1614 potest,
444 1563 607 1614 fruitur,
646 1561 758 1600 beata
796 1574 881 1600 esse
921 1562 1082 1614 dicitur3
1124 1565 1156 1601 si
1188 1575 1280 1601 vero
1313 1569 1352 1602 et
1383 1564 1480 1617 aliis,

142 1622 225 1659 sine
259 1620 401 1671 quihus
428 1633 513 1659 esse
539 1622 664 1659 virtus
694 1626 837 1672 potest,
867 1620 927 1659 vel
958 1621 1048 1659 ullis
1079 1621 1139 1659 vel
1169 1621 1360 1674 pluribus,
1391 1622 1479 1662 bea-

141 1681 238 1718 tior·
271 1682 303 1717 si
330 1685 460 1718 autem
485 1691 649 1730 prorsus
675 1679 868 1730 omnibus,
900 1684 944 1718 ut
969 1679 1118 1718 nullum
1144 1682 1302 1719 omnino
1333 1680 1481 1721 bonum

142 1738 244 1777 dest
280 1737 340 1776 vel
378 1740 495 1776 animi
533 1737 592 1776 vel
624 1739 819 1789 corporis,
858 1738 1090 1777 beatissima.
1152 1738 1236 1777 Non
1270 1741 1374 1778 enim
1405 1740 1479 1779 hoc

143 1802 203 1835 est
227 1798 316 1849 vita,
348 1796 451 1846 quod
479 1798 615 1847 virtus,
649 1798 830 1846 quoniam
857 1809 933 1835 nou
960 1798 1086 1835 omnis
1112 1799 1199 1849 vita,
1231 1798 1298 1836 sed
1325 1800 1480 1849 sapiens

142 1857 218 1894 vita
250 1857 375 1893 virtus
407 1860 483 1906 est3
516 1860 555 1893 et
586 1860 715 1892 tamen
748 1854 1041 1905 qualiscumque
1074 1857 1149 1894 vita
1181 1857 1263 1894 sine
1296 1856 1373 1895 ulla
1404 1858 1479 1895 vir-

143 1919 225 1952 tute
266 1919 398 1965 potest
437 1925 542 1964 esse3
583 1914 706 1951 virtus
748 1925 838 1951 vero
881 1914 964 1951 sine
1006 1913 1082 1951 ulla
1121 1915 1196 1952 vita
1236 1926 1312 1952 non
1350 1921 1480 1966 potest

143 1984 240 2010 esse.
302 1971 385 2010 Hoc
425 1978 463 2010 et
504 1971 549 2009 de
593 1972 778 2009 memoria
817 1971 980 2009 dixerim
1020 1977 1135 2022 atque
1167 1974 1339 2025 ratione,
1377 1975 1479 2012 etsi

144 2030 236 2079 quid
270 2030 344 2068 tale
377 2029 480 2068 aliud
520 2035 580 2068 est
617 2031 655 2067 in
697 2028 864 2067 homine.
928 2029 1027 2068 Sunt
1059 2032 1161 2069 enim
1193 2030 1288 2070 haec
1321 2037 1480 2071 et.ante

145 2236 150 2241 ι
240 2189 396 2269 lAeligit
420 2201 439 2224 v
482 2191 494 2233 ΙΙ
533 2193 572 2222 11
608 2188 690 2233 ipsa
720 2187 775 2230 R;
813 2188 931 2232 ipsam
963 2190 1020 2223 Av
1056 2191 1068 2233 Η
1105 2193 1148 2224 22
1180 2190 1250 2224 hoc
1281 2189 1371 2232 RL‚·
1408 2191 1477 2225 hoc

142 2247 215 2270 lam
285 2247 304 2269 v
