1611 2465
139 657 180 688 10

138 950 179 981 15

135 1243 179 1274 20

135 1533 179 1565 25

135 1827 180 1858 30

211 20 231 59 1
239 19 295 59 94
745 29 1007 57 S.AUGUST1N1

210 124 248 156 et
288 118 491 169 adoptatus
533 132 552 157 a
595 119 668 157 tilia
703 120 913 158 Pharaonis
955 116 1258 172 (quodnomen
1298 123 1337 159 in
1370 124 1543 175 Aegypto

209 179 382 216 omnium
422 190 557 228 regum
597 173 688 229 suit)
728 180 766 216 in
809 184 958 217 tantum
996 181 1173 229 provenit
1205 181 1351 231 virum,
1384 188 1427 220 ut
1457 183 1541 233 ipse

208 235 310 274 illam
352 242 506 286 gentem
555 236 784 275 mirabiliter
825 237 1116 288 multiplicatam
1161 250 1207 276 ex
1251 239 1460 278 durissimo
1503 247 1542 280 et

208 297 455 347 gravissimo,
497 295 598 345 quod
640 294 693 333 ibi
731 295 899 344 ferebat,
940 298 1030 347 iugo
1070 298 1267 335 servitutis
1308 298 1543 352 extraheret,

208 355 325 392 immo
358 365 428 404 per
453 365 541 391 eum
570 353 685 406 Deus,
717 356 783 405 qui
814 354 887 393 hoc
919 357 1152 405 promiserat
1177 355 1362 395 Abrahae.
1425 357 1540 397 Prius

209 414 353 463 quippe
392 412 530 450 exinde
570 413 740 465 fugiens,
778 414 898 464 quod,
937 426 1025 452 cum
1057 414 1269 453 Israelitam
1301 414 1571 468 defenderet‚‘

207 472 438 521 Aegyptium
479 471 675 509 occiderat
712 478 751 510 et
790 475 952 510 territus
995 473 1138 524 suerat,
1179 478 1317 523 postea
1358 474 1542 513 divinitus

208 531 349 568 missus
381 530 420 567 in
452 535 644 580 potestate
677 532 838 581 spiritus
871 530 939 568 Dei
972 533 1169 582 superavit
1199 531 1412 571 Pharaonis
1445 535 1540 572 resi-

207 593 355 626 stentes
387 599 529 638 magos.
592 588 701 627 Tunc
733 602 804 640 per
836 602 924 628 eum
951 590 1149 640 Aegyptiis
1181 590 1318 629 inlatae
1353 597 1444 630 sunt
1476 592 1540 630 de-

206 659 293 685 cem
324 646 596 685 memorabiles
624 648 767 699 plagae,
799 660 888 686 cum
920 648 1115 686 dimittere
1146 649 1332 699 populum
1359 649 1428 688 Dei
1460 651 1540 689 nol-

206 705 307 753 lent,
349 718 446 755 aqua
478 707 517 743 in
550 708 777 757 sanguinem
810 719 940 757 versa,
985 718 1076 745 rana
1108 712 1147 745 et
1178 708 1393 760 sciniphes,
1426 721 1540 760 cyno—

206 766 326 816 myia,
364 776 469 802 mors
507 777 714 817 pecorum,
746 760 897 816 ulcera,
929 764 1095 817 grando,
1133 765 1306 818 lucusta,
1346 767 1542 819 tenebrae,

207 835 311 861 mors
336 824 697 874 primogenitorum.
736 824 792 862 Ad
819 829 1037 862 extremum
1063 823 1269 876 israelitas,
1296 838 1394 876 quos
1420 826 1541 877 plagis

206 887 264 920 tot
288 883 485 932 tantisque
512 883 699 932 perfracti
724 882 880 921 tandem
907 882 1111 933 aliquando
1144 883 1383 936 dimiserant,
1418 885 1540 935 Aegy-

205 942 276 991 ptii
308 942 348 978 in
375 942 471 978 mari
498 940 631 979 Rubro
664 941 755 979 dum
787 946 1080 991 persequuntur
1112 943 1273 980 extincti
1305 948 1406 982 sunt.
1462 943 1541 981 Illis

207 1000 350 1049 quippe
389 998 621 1038 abeuntibus
664 1000 829 1038 divisum
871 1012 976 1037 mare
1017 1001 1115 1037 viam
1154 1000 1264 1052 fecit3
1302 1001 1372 1039 hos
1411 1007 1541 1040 autem

206 1057 458 1108 insequentes
499 1059 539 1096 in
577 1071 618 1095 se
659 1058 815 1095 rediens
854 1058 955 1096 unda
997 1058 1219 1097 submersit.
1282 1059 1428 1098 Deinde
1469 1072 1540 1111 per

205 1128 327 1163 annos
372 1116 625 1167 quadraginta
669 1116 767 1154 duce
808 1116 936 1167 Moyse
979 1116 1047 1154 Dei
1091 1117 1258 1167 populus
1299 1119 1339 1156 in
1384 1118 1540 1157 deserto

206 1180 314 1213 actus
356 1180 436 1226 est,
480 1175 634 1225 quando
675 1174 970 1217 tabernaculum
1018 1177 1231 1213 testimonii
1273 1182 1540 1227 nuncupatum

207 1239 277 1284 est,
310 1232 376 1271 ubi
403 1232 505 1271 Deus
533 1234 732 1271 sacrificiis
766 1234 897 1272 futura
922 1234 1288 1284 praenuntiantibus
1322 1234 1540 1287 colebatur3

206 1304 295 1330 cum
328 1291 476 1330 scilicet
506 1293 581 1330 iam
613 1292 699 1330 data
732 1292 792 1329 lex
824 1292 963 1330 fuisset
994 1293 1032 1330 in
1066 1298 1195 1330 monte
1229 1293 1394 1332 multum
1427 1295 1538 1332 terri-

205 1350 353 1402 biliter,
394 1350 658 1389 adtestabatur
691 1352 794 1388 enim
827 1350 1114 1388 evidentissima
1146 1351 1388 1390 mirabilibus
1421 1353 1540 1402 signis

204 1408 443 1459 vocibusque
487 1409 676 1447 divinitas.
740 1408 850 1454 Quod
890 1409 1033 1447 sactum
1072 1414 1148 1457 est,
1188 1422 1277 1447 mox
1319 1416 1363 1448 ut
1394 1411 1541 1449 exitum

206 1472 265 1505 est
303 1466 349 1505 de
383 1468 556 1518 Aegypto
595 1473 634 1506 et
667 1469 709 1505 in
742 1467 897 1505 deserto
930 1467 1097 1518 populus
1130 1479 1214 1506 esse
1248 1470 1397 1520 coepit,
1430 1470 1540 1519 quin-

206 1527 458 1576 quagensimo
490 1527 551 1565 die
584 1531 672 1577 post
704 1525 942 1564 celebratum
975 1526 1121 1563 Pascha
1152 1538 1223 1577 per
1255 1528 1337 1565 ovis
1370 1527 1539 1565 immola—

205 1586 369 1635 tionem;
412 1586 478 1635 qui
520 1596 643 1635 usque
686 1585 780 1622 adeo
822 1591 936 1635 typus
978 1584 1122 1622 Christi
1160 1590 1221 1623 est
1260 1587 1541 1636 praenuntians

205 1655 295 1681 eum
335 1655 406 1693 per
446 1645 640 1681 victimam
678 1644 868 1694 passionis
907 1643 953 1681 de
991 1643 1065 1681 hoc
1104 1643 1249 1682 mundo
1282 1645 1539 1682 transiturum

205 1701 251 1740 ad
278 1701 434 1739 Patrem
460 1697 627 1754 (Pascha
660 1703 803 1752 quippe
829 1700 1005 1739 Hebraea
1036 1701 1166 1752 lingua
1197 1704 1386 1740 transitus
1418 1704 1539 1741 inter—

205 1756 424 1812 pretatur),
465 1765 508 1798 ut
547 1761 622 1797 iarn
667 1772 755 1798 cum
794 1760 1032 1798 revelaretur
1071 1766 1346 1799 testamentum
1385 1773 1540 1811 novum,

206 1824 339 1869 postea
393 1830 507 1868 quam
551 1818 697 1856 Pascha
748 1823 925 1856 nostrum
975 1818 1195 1856 immolatus
1245 1824 1304 1857 est
1348 1817 1540 1868 Christus,

207 1878 555 1927 quinquagensimo
582 1876 643 1914 die
670 1878 820 1914 veniret
851 1876 897 1914 de
931 1876 1035 1914 caelo
1069 1876 1237 1927 Spiritus
1271 1882 1440 1928 sanctus,
1475 1878 1540 1927 qui

206 1935 333 1974 dictus
377 1941 437 1974 est
485 1936 525 1973 in
569 1935 765 1985 evangelio
814 1934 957 1984 digitus
1002 1934 1090 1987 Dei,
1134 1940 1178 1973 ut
1229 1935 1540 1974 recordationem

301 2026 357 2067 32³)
384 2025 444 2059 Le.
474 2029 528 2068 11,
554 2028 608 2058 20.

300 2155 320 2185 2
347 2152 518 2196 prouenit
550 2151 714 2193 VRAF,·
740 2152 908 2196 pervenit
932 2163 951 2186 υ
977 2155 988 2196 Η
1016 2156 1054 2186 11
1084 2162 1173 2186 rana
1206 2152 1238 2185 V
1259 2154 1358 2194 (130,
1384 2155 1431 2187 15
1456 2155 1539 2196 sq),-

206 2209 315 2233 ranae
340 2210 360 2232 v
379 2200 392 2243 ΙΙ
412 2202 454 2233 18
480 2199 518 2233 in
544 2199 689 2233 deserto
715 2209 804 2241 φης-3,·
830 2210 894 2243 per
921 2199 1106 2233 desertum
1132 2211 1151 2233 v
1171 2201 1182 2242 ΙΙ
1203 2202 1245 2233 25
1273 2198 1332 2233 die
1359 2209 1423 2234 om.
1458 2199 1491 2232 V
