1611 2465
80 756 123 787 10

82 1048 123 1078 15

82 1341 124 1371 20

86 1925 128 1955 30

146 122 230 164 576
686 131 705 157 S
732 130 949 157 AUGUSTINI

147 233 302 273 quoque
341 221 476 260 ultima
514 220 692 272 fuerunt,
731 232 819 258 nam
858 232 936 259 non
974 220 1096 259 multo
1135 225 1224 272 post
1254 222 1372 259 etiam
1403 221 1487 272 ipse

148 280 357 319 defunctus
391 284 460 317 est.

267 338 399 377 Sanati
438 343 530 376 sunt
567 336 645 376 illie
677 349 748 388 per
781 336 949 376 eundem
982 344 1192 389 martyrem
1223 339 1339 376 etiam
1370 337 1486 388 poda-

147 400 206 448 gri
232 397 309 435 duo
336 397 451 444 cives,
484 397 717 447 peregrinus
743 408 864 435 unus:
896 396 964 434 sed
991 398 1095 434 cives
1121 397 1227 434 omni
1258 396 1391 448 modo3
1422 408 1487 447 pe-

148 456 329 506 regrinus
367 459 497 493 autem
534 466 606 506 per
637 454 932 506 revelationem,
974 454 1066 505 quid
1099 454 1301 493 adhiberet
1333 453 1488 506 quando

149 514 316 566 doleret,
353 512 517 566 audivit3
549 518 589 552 et
621 524 710 552 cum
742 513 816 552 hoc
848 514 1005 565 feeerit,
1037 512 1147 551 dolor
1179 515 1365 552 continuo
1398 524 1488 551 con-

150 574 327 623 quiescit.

266 631 451 670 Audurus
493 642 637 669 nomen
681 635 740 669 est
784 630 914 683 fundi,
958 629 1026 668 ubi
1067 636 1126 669 est
1167 630 1331 669 ecclesia
1371 634 1410 669 et
1450 631 1490 669 in

150 701 194 728 ea
226 691 414 728 memoria
445 690 628 740 martyris
661 689 858 740 Stephani.
920 688 1093 727 Puerum
1126 689 1320 740 quendam
1351 701 1488 740 parvu-

149 748 241 801 lum,
275 760 365 787 oum
391 749 431 786 in
458 760 546 786 area
579 747 744 800 luderet,
777 746 1040 786 exorbitantes
1073 747 1202 800 hoves,
1235 750 1301 799 qui
1334 747 1489 786 vehicu-

150 807 229 845 lum
270 806 496 858 trahebant,
540 811 625 845 rota
663 805 929 858 obtriverunt,
971 811 1009 845 et
1047 807 1253 845 confestim
1291 806 1491 857 palpitavit

149 867 342 916 expirans.
404 864 518 903 Hune
560 870 683 903 mater
724 870 924 916 arreptum
968 864 1014 903 ad
1061 864 1222 903 eandem
1264 865 1492 903 memoriam

149 925 300 975 posuit,
343 928 381 961 et
418 935 497 961 non
535 923 661 962 solum
700 924 856 975 revixit,
895 935 1031 961 verum
1070 924 1186 962 etiam
1223 923 1393 961 inlaesus
1426 935 1490 973 ap—

150 984 291 1033 paruit.

270 1039 582 1079 Sanctimonialis
621 1039 810 1090 quaedam
848 1041 886 1078 in
929 1041 1053 1078 vicina
1087 1041 1352 1092 possessione,
1393 1051 1491 1090 quae

152 1098 376 1150 Caspaliana
409 1098 574 1147 dicitur,
613 1110 702 1136 eum
734 1097 975 1149 aegritudine
1009 1097 1204 1137 laboraret
1235 1110 1279 1136 ao
1311 1098 1491 1149 despera-

153 1163 281 1209 retur,
314 1156 360 1195 ad
393 1156 556 1195 eandem
588 1158 816 1195 memoriam
848 1158 979 1195 tunica
1012 1158 1095 1195 eius
1128 1156 1253 1195 adlata
1285 1162 1361 1208 est3
1395 1168 1492 1207 quae

151 1221 360 1266 antequam
398 1221 667 1264 revocaretur,
706 1214 771 1253 illa
810 1214 993 1253 defuncta
1026 1220 1096 1253 est.
1158 1214 1237 1253 Hac
1270 1220 1399 1253 tamen
1431 1220 1491 1254 tu-

151 1275 237 1312 nica
270 1279 513 1325 operuerunt
545 1273 708 1312 cadaver
741 1275 824 1311 eius
854 1278 1057 1325 parentes,
1089 1278 1128 1311 et
1158 1278 1318 1324 recepto
1351 1274 1492 1324 spiritu

152 1332 253 1370 salva
286 1333 384 1370 facta
417 1338 488 1370 est.

270 1390 381 1442 Apud
414 1390 634 1441 Hipponem
666 1389 809 1428 Bassus
843 1389 999 1440 quidam
1033 1389 1154 1441 Syrus
1187 1389 1234 1428 ad
1266 1392 1494 1428 memoriam

153 1449 329 1488 eiusdem
356 1450 538 1500 martyris
571 1448 706 1487 orabat
730 1460 802 1500 pro
829 1454 1054 1498 aegrotante
1082 1454 1121 1487 et
1145 1448 1391 1500 periclitante
1417 1448 1494 1487 filia

154 1520 278 1558 eoque
318 1519 452 1546 seeum
490 1512 638 1546 vestem
677 1508 761 1545 eius
798 1506 1007 1559 adtulerat,
1045 1518 1134 1545 cum
1177 1519 1268 1546 ecce
1299 1508 1414 1558 pueri
1446 1507 1493 1545 de

153 1567 267 1605 domo
295 1571 571 1617 cucurrerunt,
604 1567 670 1616 qui
697 1567 733 1604 ei
768 1571 961 1604 mortuam
994 1567 1230 1604 nuntiarent.
1295 1564 1371 1604 Sed
1404 1577 1495 1604 cum

111 1633 123 1640 ”
155 1630 290 1663 orante
323 1624 388 1662 illo
421 1624 467 1662 ab
501 1625 635 1662 amicis
668 1625 753 1662 eius
786 1625 1075 1675 exciperentur,
1106 1623 1395 1675 prohibuerunt
1427 1636 1494 1662 eos

153 1683 208 1721 illi
241 1683 384 1735 dicere,
416 1694 465 1721 ne
496 1695 568 1733 per
599 1681 801 1733 publicum
831 1682 1044 1733 plangeret.
1107 1682 1184 1727 Qui
1214 1694 1304 1721 eum
1336 1682 1494 1721 domum

154 1742 322 1780 redisset
364 1743 439 1779 iam
485 1752 648 1792 suorum
691 1740 900 1780 eiulatibus
944 1746 1222 1792 personantem
1264 1746 1304 1779 et
1346 1746 1494 1779 vestem

154 1801 272 1848 filiae,
311 1811 426 1850 quam
465 1799 636 1851 serebat,
674 1811 793 1850 super
833 1811 917 1837 eam
957 1800 1206 1851 proiecisset,
1242 1798 1393 1838 reddita
1436 1804 1496 1838 est

154 1861 265 1897 vitae.

272 1916 425 1954 Rursus
451 1915 595 1954 ibidem
627 1916 729 1966 apud
761 1927 833 1954 nos
864 1916 1015 1955 Irenaei
1047 1914 1248 1954 cuiusdam
1281 1915 1495 1954 collectarii

156 1975 257 2013 tilius
295 1973 538 2026 aegritudine
578 1975 774 2012 extinctus
813 1979 883 2013 est.
951 1974 1125 2024 Cumque
1167 1985 1310 2024 corpus
1348 1975 1495 2013 iaceret

156 2035 331 2072 exanime
375 2038 492 2084 atque
532 2044 555 2071 a
597 2032 821 2083 lugentibus
870 2038 908 2071 et
955 2031 1257 2071 lamentantibus
1306 2033 1492 2083 exequiae

251 2162 270 2190 3
297 2156 490 2201 podagrim
521 2156 557 2191 A
593 2157 605 2201 ΙΙ
642 2161 664 2191 4
689 2156 761 2191 duo
788 2156 897 2191 ciues.
924 2156 1139 2201 peregrinus
1165 2168 1274 2199 unus;
1307 2157 1371 2191 sed
1397 2157 1496 2191 ciues

156 2202 271 2246 RAeq
301 2204 504 2244 (vmbomm
536 2204 802 2238 distinctionem
827 2214 870 2238 eoe
894 2203 930 2238 R
955 2204 1127 2248 sumpsi);
1159 2203 1248 2245 duo,
1274 2215 1367 2238 unus
1394 2203 1496 2245 civis,

156 2260 265 2294 perge
257 2250 370 2284 rinus
396 2262 505 2292 unus;
539 2250 603 2284 sed
630 2250 719 2285 civis
744 2261 765 2285 v
783 2252 796 2295 {j
816 2254 835 2285 6
862 2250 1001 2285 faceret
1026 2250 1061 2284 A
1091 2251 1103 2294 ΙΙ
1135 2253 1154 2283 7
1181 2249 1322 2293 quieuit
1346 2250 1381 2284 A
1410 2251 1422 2295 ΙΙ
1455 2253 1496 2284 19

156 2298 368 2340 praesentes
395 2297 430 2330 A
449 2298 461 2341 ΙΙ
481 2298 517 2331 et
544 2308 607 2331 om.
635 2296 671 2331 R
