1611 2465
81 733 120 764 10

79 1026 119 1056 15

78 1316 120 1347 20

79 1902 123 1932 30

146 96 230 138 570
675 103 702 129 s.
723 102 940 129 Acecs'rrn

145 196 270 246 gressi
302 200 393 232 sunt
425 193 583 244 medici,
615 197 802 243 parantur
834 193 962 231 omnia
996 203 1093 243 quae
1125 191 1221 230 hora
1252 191 1315 230 illa
1346 204 1481 243 posce-

145 253 221 306 bat,
253 252 453 292 tremenda
493 252 729 289 ferramenta
760 251 1016 302 proferuntur
1048 250 1231 289 adtonitis
1264 252 1482 302 suspensis—

147 324 221 363 que
255 310 446 350 omnibus.
508 309 574 347 Eis
607 315 757 357 autem,
791 321 958 360 quorum
991 316 1074 348 erat
1105 311 1227 347 maior
1259 310 1483 361 auctoritas,

146 371 342 409 defectum
392 369 509 407 animi
560 369 644 407 eius
695 367 929 406 consolando
974 367 1215 418 erigentibus
1257 368 1304 407 ad
1345 379 1483 406 manus

147 429 293 467 secturi
333 426 506 465 membra
544 428 584 465 in
625 426 768 466 lectulo
808 432 1112 479 componuntur,
1150 426 1353 466 solvuntur
1392 425 1484 465 nodi

146 487 461 538 ligamentorum,
500 485 670 524 nudatur
707 485 837 538 locus,
874 486 1033 536 inspicit
1072 485 1247 523 medicus
1280 491 1319 524 et
1350 496 1482 524 secan-

146 546 237 585 dum
270 544 378 583 illum
411 546 538 583 sinum
572 549 743 583 armatus
775 549 890 594 atque
922 545 1097 582 intentus
1129 545 1303 594 inquirit.
1367 543 1482 583 Scru-

146 610 250 643 tatur
283 603 406 642 oculis
439 603 648 654 digitisque
691 607 925 654 contrectat,
964 607 1127 653 temptat
1157 602 1327 653 denique
1359 602 1484 641 modis

146 662 348 701 omnibus:
384 683 432 688 —
468 663 615 700 invenit
641 662 902 699 firmissimam
934 662 1167 700 cicatricem.
1229 660 1308 699 Iam
1339 661 1484 700 laetitia

147 721 208 760 illa
249 726 288 760 et
328 720 410 759 laus
450 725 565 771 atque
607 721 819 771 gratiarum
863 720 962 758 actio
1002 719 1246 758 misericordi
1284 725 1322 758 et
1362 721 1483 758 omni-

146 781 298 832 potenti
341 779 444 831 Deo,
490 791 586 829 quae
632 779 716 817 fusa
761 784 820 817 est
861 790 928 816 ore
973 779 1147 816 omnium
1189 777 1484 817 lacrimantibus

146 839 307 890 gaudiis,
339 850 417 876 non
445 843 503 876 est
530 836 805 876 committenda
832 838 928 875 meis
955 836 1101 888 verbis;
1134 838 1327 887 cogitetur
1353 838 1484 889 potius

146 910 261 949 quam
294 896 457 935 dicatur.
837 945 841 953 .

264 955 307 993 In
352 954 485 993 eadem
531 954 761 1005 Carthagine
806 953 1051 1006 Innocentia,
1095 954 1386 1004 religiosissima
1430 955 1483 992 fe-

147 1016 270 1066 mina,
310 1014 355 1052 de
394 1014 590 1064 primariis
628 1014 751 1064 ipsius
790 1013 976 1064 civitatis,
1016 1013 1056 1050 in
1094 1012 1260 1050 mamilla
1299 1024 1485 1052 cancrum

147 1072 329 1124 habebat,
374 1084 474 1123 rem,
519 1073 620 1109 sicut
664 1070 804 1109 medici
842 1071 996 1122 dicunt,
1037 1070 1153 1109 nullis
1191 1071 1484 1110 medicamentis

148 1131 369 1170 sanabilem.
431 1130 507 1168 Aut
540 1141 631 1180 ergo
658 1129 831 1180 praecidi
863 1128 961 1167 solet
993 1135 1031 1167 et
1063 1141 1080 1166 a
1115 1141 1278 1181 corpore
1312 1131 1485 1181 separari

147 1189 367 1229 membrum
407 1188 475 1227 ubi
516 1189 707 1239 nascitur,
745 1193 830 1239 aut,
868 1192 911 1226 ut
949 1186 1144 1238 aliquanto
1182 1188 1329 1227 diutius
1367 1188 1482 1227 homo

148 1251 266 1300 vivat,
304 1254 433 1286 tamen
473 1246 562 1285 inde
600 1251 725 1284 morte
759 1245 970 1296 quamlibet
1001 1246 1149 1284 tardius
1183 1246 1383 1299 adfutura,
1424 1259 1483 1285 se·

149 1307 320 1346 cundum
346 1305 593 1356 Hippocratis
622 1310 666 1343 ut
697 1305 829 1343 ferunt
860 1306 1093 1343 sententiam
1124 1306 1250 1343 omnis
1282 1310 1342 1344 est
1374 1307 1482 1344 omit-

151 1366 263 1405 tenda
305 1365 465 1403 curatio.
528 1363 610 1402 Hoc
647 1362 710 1401 illa
749 1375 769 1401 a
809 1364 935 1414 perito
975 1363 1124 1402 medico
1158 1368 1196 1402 et
1228 1375 1319 1402 suae
1352 1364 1485 1403 domui

149 1424 447 1463 familiarissimo
475 1426 678 1473 acceperat
703 1426 742 1460 et
768 1422 813 1460 ad
841 1421 965 1460 solum
992 1421 1115 1460 Deum
1142 1434 1183 1460 se
1215 1422 1360 1461 orando
1393 1434 1483 1461 con-

148 1488 328 1522 verterat.
390 1481 632 1519 Admonetur
670 1481 710 1518 in
743 1482 888 1518 somnis
921 1482 1207 1532 propinquante
1239 1481 1404 1533 Pascha,
1441 1486 1485 1520 ut

148 1544 187 1580 in
219 1547 329 1592 parte
362 1541 594 1578 seminarum
627 1538 848 1577 observanti
881 1539 925 1577 ad
958 1538 1242 1592 baptisterium,
1274 1552 1482 1590 quaecum-

149 1612 224 1651 que
262 1599 316 1638 illi
354 1598 544 1649 baptizata
575 1599 756 1649 primitus
789 1599 1046 1650 occurrisset,
1086 1599 1257 1648 signaret
1288 1600 1324 1637 ei
1355 1598 1484 1638 locum

148 1661 257 1709 signo
297 1657 452 1695 Christi.
515 1656 642 1707 Fecit,
680 1661 718 1694 et
759 1656 965 1695 confestim
997 1657 1139 1694 sanitas
1172 1662 1382 1696 consecuta
1414 1662 1483 1696 est.

147 1717 320 1755 Medicus
347 1727 451 1767 sane,
484 1716 549 1765 qui
576 1716 611 1753 ei
643 1713 792 1753 dixerat
824 1720 868 1753 ut
900 1714 994 1752 nihil
1026 1715 1238 1753 curationis
1270 1714 1484 1767 adhiberet,

149 1777 181 1814 si
212 1774 325 1826 paulo
353 1774 500 1812 diutius
523 1772 645 1811 vellet
675 1774 816 1824 vivere,
849 1785 938 1811 cum
969 1774 1204 1824 inspexisset
1235 1785 1318 1812 eam
1349 1779 1485 1825 postea

150 1839 188 1872 et
225 1833 467 1872 sanissimam
500 1833 772 1883 comperisset,
811 1843 925 1882 quam
962 1832 1071 1883 prius
1103 1831 1246 1870 habere
1277 1831 1371 1871 illud
1405 1843 1484 1870 ma-

149 1892 229 1930 lum
262 1891 327 1930 tali
359 1891 601 1941 inspectione
629 1896 873 1941 cognoverat,
905 1891 1094 1940 quaesivit
1125 1889 1171 1928 ab
1204 1902 1247 1928 ea
1279 1890 1482 1928 vehemen-

151 1956 210 1989 ter
243 1949 333 2001 quid
362 1948 603 1987 adhibuisset
629 1949 854 1995 curationis,
887 1949 1060 2000 cupiens,
1093 1954 1280 1998 quantum
1312 1948 1484 1999 intellegi

150 2009 275 2060 datur,
306 2019 421 2046 nosse
449 2006 785 2053 medicamentum,
818 2018 893 2057 quo
921 2005 1166 2057 Hippocratis
1199 2006 1371 2045 definitio
1403 2008 1482 2045 vin-

151 2072 318 2105 ceretur.
383 2065 557 2116 Cumque
584 2064 630 2103 ab
664 2076 707 2102 ea
739 2065 831 2115 quid
864 2064 1008 2103 factum
1041 2070 1144 2104 esset
1176 2064 1359 2116 audisset,
1390 2077 1483 2103 voce

153 2271 188 2306 P
245 2230 287 2259 -23
315 2225 634 2270 appropinquante
659 2234 680 2258 v
717 2225 728 2268 ΙΙ
766 2228 807 2259 31
837 2223 1034 2259 curationis
1059 2223 1095 2258 R
1121 2224 1197 2259 edd.
1224 2226 1325 2266 vett.,·
1356 2234 1421 2259 om.
1448 2224 1483 2258 A

189 2283 261 2306 arr.
288 2283 307 2306 v
