1548 2562
438 134 490 159 DE
509 133 697 159 CIV1TA'rE
716 134 786 160 DEI
805 135 838 160 L.
857 135 921 160 xx.
942 134 970 160 0.
991 136 1032 160 24.
1322 127 1406 168 469

75 224 285 274 accipiatur
327 223 368 262 111
407 233 470 274 00,
514 222 617 272 quod
655 222 803 261 dictum
836 228 912 262 est:
956 224 1041 273 Ipsi
1072 225 1280 277 peribunt,
1318 237 1407 264 cum

76 281 147 320 soli
179 281 273 320 caeli
298 280 420 319 infimi
446 281 614 332 perituri
645 282 734 332 sint,
766 292 881 332 quem
914 281 960 320 ad
993 282 1149 321 modum
1181 284 1221 321 in
1254 290 1405 334 aposto-

73 340 146 378 lica
176 339 239 378 illa
270 338 434 390 epistula
466 350 486 376 a
517 343 598 378 toto
641 351 730 390 pars
763 341 970 392 accipitur,
1008 341 1110 391 quod
1143 340 1286 380 diluvio
1318 353 1405 393 per-

73 399 150 436 isse
183 397 308 436 dictus
341 402 401 437 est
432 397 619 450 mundus,
652 399 826 448 quamvis
858 398 938 436 sola
971 400 1054 437 eius
1087 411 1176 438 cum
1209 401 1290 439 suis
1322 412 1405 439 cae-

73 456 119 494 lis
167 467 257 507 pars
307 457 383 494 ima
434 457 607 507 perierit.
670 455 747 494 Sed
798 458 887 507 quia
936 456 1034 509 hoc,
1083 463 1127 496 ut
1175 458 1278 510 dixi,
1327 470 1405 497 non

74 514 353 566 dignabuntur,
384 526 432 552 ne
463 513 523 552 vel
555 513 719 565 apostoli
749 513 858 553 Petri
889 514 1104 566 adprobent
1136 528 1316 568 sensum,
1348 517 1407 555 vel

74 578 223 612 tantum
255 572 470 611 concedant
495 572 787 623 conflagrationi
818 574 1062 626 novissimae,
1094 580 1282 625 quantum
1314 575 1405 614 dici-

76 643 160 670 mus
205 630 368 670 valuisse
409 630 614 682 diluvium,
659 633 725 681 qui
763 630 878 670 nullis
916 634 1044 684 aquis,
1088 633 1204 672 nullis
1242 633 1405 672 flammis

73 695 197 728 totum
223 701 346 740 genus
371 689 582 728 humanum
612 690 741 740 perire
773 701 887 740 posse
921 691 1179 730 contendunt:
1212 697 1331 731 restat
1365 697 1406 730 ut

73 747 221 799 dicant,
263 747 366 798 quod
406 753 613 798 propterea
656 747 709 785 dii
746 760 883 786 eorum
920 748 1136 787 Hebraeam
1177 751 1405 801 sapientiam

72 805 324 858 laudaverint,
356 807 445 857 quia
476 807 594 844 istum
626 805 816 856 psalmum
847 818 926 845 non
958 807 1141 857 legerant.

190 863 232 902 In
265 864 411 915 psalmo
445 866 560 902 etiam
592 864 914 915 quadragensimo
947 877 1049 903 nono
1082 865 1129 904 de
1160 865 1304 904 iudicio
1336 866 1406 905 Dei

73 924 281 961 novissimo
329 922 567 973 intellegitur
616 922 781 961 dictum:
837 924 945 962 Deus
988 923 1222 972 manifestus
1266 927 1404 971 veniet,

74 981 180 1020 Deus
211 986 356 1029 noster,
388 986 427 1020 et
450 992 528 1019 non
559 982 697 1019 silebit.
760 981 872 1029 Iqm's
904 983 944 1020 in
976 987 1189 1031 conspectu
1221 984 1306 1021 eius
1338 996 1403 1021 ar-

75 1040 198 1087 debit,
237 1044 276 1078 et
315 1041 355 1077 in
392 1041 567 1078 circuitu
609 1041 694 1077 eius
731 1044 939 1088 tempestas
976 1042 1123 1079 valida.
1185 1041 1407 1080 Advoeabit

73 1100 228 1137 caelum
276 1109 434 1136 sursum
484 1103 522 1136 et
569 1102 720 1136 terram
772 1099 1004 1137 discernere
1048 1101 1238 1148 populum
1280 1112 1404 1138 suum.

78 1157 326 1204 Conqreqate
371 1157 429 1194 ille·
466 1158 586 1194 iustos
624 1157 725 1203 eius,
769 1158 839 1204 qui
881 1158 1096 1206 disponunt
1135 1162 1406 1197 testamentum

72 1217 157 1253 eius
193 1226 314 1263 super
353 1216 572 1260 sacrificia.
633 1213 715 1252 Hoc
753 1226 823 1253 nos
856 1215 902 1253 de
935 1214 1097 1254 Domino
1129 1215 1217 1255 Iesu
1251 1215 1405 1255 Christo

72 1272 349 1323 intellegimus,
387 1284 502 1322 quem
539 1284 740 1323 speramus
782 1272 828 1311 de
862 1273 967 1311 03010
1000 1286 1085 1312 esse
1118 1280 1326 1313 venturum
1359 1276 1405 1313 ad

72 1332 177 1368 vivos
210 1336 248 1368 et
280 1336 454 1369 mortuos
492 1330 731 1370 iudicandos.
792 1331 1019 1370 Manifestus
1052 1333 1155 1371 enim
1187 1334 1316 1371 veniet
1348 1335 1402 1371 in-

74 1394 134 1427 ter
171 1390 294 1427 iustos
332 1393 370 1426 et
412 1390 579 1427 iniustos
616 1389 858 1428 iudicaturus
895 1391 1018 1442 iuste,
1062 1392 1127 1441 qui
1158 1392 1268 1442 prius
1301 1393 1406 1430 venit

74 1447 250 1486 occultus
295 1446 341 1485 ab
385 1448 541 1486 iniustis
585 1448 815 1486 iudicandus
858 1450 1014 1487 iniuste.
1082 1448 1192 1501 Ipse,
1235 1451 1404 1502 inquam,

72 1505 305 1554 manifestus
346 1508 475 1544 vemet
510 1511 549 1545 et
584 1519 662 1545 non
699 1507 843 1554 silebit,
883 1507 920 1545 id
953 1513 1030 1559 est,
1066 1508 1107 1546 in
1139 1520 1231 1546 voce
1264 1508 1405 1547 iudIcis

73 1564 229 1603 evidens
261 1564 477 1616 apparebit,
515 1566 582 1615 qui
612 1566 722 1616 prius
755 1577 843 1603 cum
876 1567 1045 1604 venisset
1076 1565 1273 1618 occultus,
1315 1572 1403 1605 ante

71 1622 241 1661 iudicem
274 1622 396 1675 siluit,
434 1623 586 1673 quando
625 1625 726 1662 sicut
763 1625 844 1662 ovis
877 1624 922 1662 ad
954 1623 1230 1663 immolandum
1263 1624 1403 1664 ductus

74 1686 132 1719 est
170 1686 208 1720 et
245 1682 346 1719 sicut
383 1693 504 1732 agnus
537 1694 666 1720 coram
698 1682 882 1721 tondente
916 1683 989 1721 fuit
1020 1685 1102 1721 sine
1136 1694 1246 1735 voce,
1289 1696 1405 1734 quem

73 1739 119 1777 ad
151 1739 309 1778 modum
340 1739 387 1777 de
417 1739 480 1777 illo
512 1752 583 1790 per
609 1739 761 1779 Esaiam
792 1741 956 1792 legimus
987 1741 1263 1793 prophetatum
1295 1748 1334 1781 et
1364 1744 1405 1781 in

72 1798 270 1848 evangelio
297 1797 471 1836 videmus
497 1798 709 1849 impletum.
770 1799 824 1838 De
850 1801 938 1850 igne
966 1812 1057 1838 vero
1092 1806 1131 1838 et
1162 1806 1404 1853 tempestate,

73 1868 161 1894 cum
203 1857 244 1894 in
287 1855 422 1894 Esaiae
462 1856 665 1907 prophetia
707 1857 781 1896 tale
823 1857 966 1909 aliquid
1006 1864 1282 1911 tractaremus,
1328 1871 1403 1910 quo

72 1915 185 1953 modo
218 1919 349 1952 essent
379 1914 473 1953 11300
505 1915 782 1968 intellegenda,
820 1918 895 1954 iam
927 1917 1104 1955 diximus.
1168 1917 1279 1962 Quod
1313 1930 1403 1960 vero

73 1972 218 2011 dictum
250 1978 326 2011 est:
357 1973 579 2012 Advocabit
604 1977 758 2013 caelum
788 1987 965 2014 sursum:
998 1977 1179 2026 quoniam
1212 1977 1335 2014 sancti
1366 1981 1405 2014 et

72 2031 165 2069 iusti
196 2036 301 2069 recte
328 2030 477 2069 caelum
507 2031 760 2084 appellantur,
792 2035 975 2072 nimirum
1008 2034 1080 2072 hoc
1114 2039 1183 2085 est,
1217 2034 1319 2084 quod
1352 2036 1404 2073 ait

167 2134 222 2174 18)
248 2131 306 2166 Ps.
332 2135 387 2175 49,
415 2136 434 2166 3
462 2144 539 2176 sqq.
589 2134 648 2176 26)
674 2133 768 2168 Esai.
797 2138 853 2176 53,
881 2138 910 2169 7.
961 2136 1020 2177 28)
1045 2134 1110 2168 Mt..
1138 2138 1192 2177 26,
1220 2139 1274 2170 63.

167 2251 208 2281 11
235 2247 468 2282 laudauerint
492 2248 546 2290 Β,-
571 2249 815 2284 laudauerunt
839 2251 895 2284 Av
932 2252 943 2294 ΙΙ
983 2254 1023 2285 15
1051 2251 1244 2286 circumitu
1269 2263 1288 2286 v
1320 2254 1331 2296 Η
1361 2256 1403 2286 18

71 2292 226 2328 Domino
252 2296 376 2329 nostro
401 2297 514 2338 111129
539 2296 615 2331 tale
640 2307 705 2331 om.
732 2296 767 2330 R

1432 467 1451 497 5

1434 758 1475 789 10

1436 1049 1475 1081 15

1431 1343 1474 1373 :20

1432 1633 1474 1666 25

1430 1926 1474 1958 30
