1548 2562
402 145 455 170 DE
474 145 662 171 civnrATE
681 146 752 171 Dm
771 146 804 171 L.
824 146 906 171 xxt.
925 145 954 171 0,
974 146 1016 172 15.
1037 146 1078 171 16.
1327 137 1411 177 519

82 239 142 273 est
184 239 313 272 tamen
357 245 472 284 quam
508 235 639 284 priora
676 235 776 272 vitae
818 234 946 273 huius.
1014 234 1150 272 Melius
1189 233 1412 284 confligitur

83 294 225 343 quippe
252 303 340 330 cum
366 293 481 344 vitiis,
515 304 629 342 quam
655 293 738 330 sine
764 292 841 330 ulla
873 292 1119 331 conflictione
1152 292 1411 331 dominantur.

81 350 217 388 Melius
249 355 320 401 est,
351 351 520 402 inquam,
551 349 695 388 bellum
727 362 816 388 cum
848 362 916 401 spe
947 352 1053 401 pacis
1085 356 1264 389 aeternae
1297 362 1413 400 quam

81 410 164 446 sine
196 408 273 446 ulla
304 407 544 446 liberationis
571 409 802 458 cogitatione
836 410 1047 459 captivitas.
1109 408 1296 460 Cupimus
1329 409 1411 458 qui-

81 466 169 504 dem
200 467 315 505 etiam
346 466 420 504 hoc
452 465 551 504 bello
585 477 717 504 carere
750 471 789 504 et
820 466 866 505 ad
899 466 1176 518 capessendam
1207 467 1411 505 ordinatis·
1439 472 1459 504 5

82 526 218 562 simam
243 536 390 575 pacem,
415 524 482 562 uhi
507 524 728 562 firmissima
754 523 960 563 stabilitate
987 525 1206 575 potioribus
1226 525 1413 563 inferiora

81 581 317 635 subdantur,
348 584 435 632 igne
468 582 586 620 divini
618 583 760 620 amoris
792 583 1041 621 accendimur
1115 582 1191 621 Sed
1224 584 1257 621 si
1289 578 1413 635 (quod

81 637 199 693 absit)
237 640 339 679 illius
375 641 473 679 tanti
510 640 603 678 boni
639 652 728 691 spes
760 640 864 680 nulla
905 646 1026 693 esset,
1063 641 1174 679 malle
1208 641 1414 679 debuimus

81 700 119 736 in
152 698 267 737 huius
306 698 602 737 conflictationis
641 698 816 737 molestia
856 711 1060 737 remanere
1093 711 1208 749 quam
1239 700 1342 737 vitiis
1374 700 1414 737 in

80 768 150 795 nos
182 757 484 795 dominationem
516 769 593 795 non
625 758 682 795 eis
713 757 932 796 resistendo
964 759 1203 809 permittere.
1444 764 1485 796 10

596 927 752 969 CAPUT
780 928 895 969 XVI.

80 1014 161 1051 Sub
188 1013 330 1061 quibus
352 1015 516 1061 qrctle'ae
541 1014 693 1060 leqibus
720 1024 851 1051 omnes
877 1018 1208 1060 reqeneratorum
1240 1015 1414 1052 habean-

617 1076 684 1108 tur
715 1075 877 1109 aetates.

197 1151 341 1190 Verum
372 1156 478 1189 tanta
510 1156 571 1189 est
602 1151 671 1189 Dei
702 1151 969 1190 misericordia
1001 1153 1041 1190 in
1073 1164 1161 1190 vasa
1193 1154 1414 1191 misericor-

79 1211 176 1262 diae,
209 1222 305 1260 quae
331 1210 574 1260 praeparavit
599 1211 639 1247 111
665 1209 838 1261 gloriam,
869 1215 913 1248 ut
944 1211 1060 1248 etiam
1091 1211 1216 1261 prima
1247 1210 1416 1249 hominis
1444 1219 1485 1248 15

80 1273 196 1320 aetas,
228 1267 266 1305 id
293 1273 353 1306 est
378 1267 550 1318 infantia,
583 1279 680 1317 quae
708 1269 791 1306 sine
818 1267 896 1306 ullo
922 1269 1057 1306 renisu
1090 1268 1265 1307 subiacet
1296 1270 1417 1320 carni,

79 1331 118 1364 et
150 1325 340 1377 secunda,
379 1336 476 1375 quae
510 1326 676 1375 pueritia
708 1330 975 1378 nuncupatur,
1012 1325 1080 1364 ubi
1111 1326 1284 1365 nondum
1316 1329 1414 1365 ratio

81 1385 254 1434 suscepit
292 1383 390 1421 hanc
428 1395 597 1433 pugnam
630 1389 669 1421 et
700 1384 782 1421 fere
814 1383 887 1422 suh
919 1383 1100 1422 omnibus
1131 1386 1281 1423 vitiosis
1313 1385 1415 1423 dele·

80 1441 315 1480 ctationihus
340 1443 450 1488 iacet,
483 1443 583 1493 quia,
615 1441 706 1480 licet
737 1442 810 1480 fari
841 1443 916 1480 iam
948 1442 1071 1480 valeat
1103 1448 1142 1481 et
1173 1443 1259 1481 ideo
1291 1444 1414 1481 infan-

78 1502 170 1538 tiam
197 1501 383 1538 transisse
410 1500 598 1551 videatur,
630 1499 800 1538 nondum
826 1501 866 1538 in
900 1512 943 1538 ea
975 1506 1035 1539 est
1065 1502 1264 1551 praecepti
1297 1513 1415 1552 capax
1442 1509 1486 1539 20

78 1559 283 1596 infirmitas
305 1558 457 1609 mentis,
484 1559 517 1596 si
537 1563 777 1596 sacramenta
797 1557 1022 1597 Mediatoris
1049 1561 1256 1610 acceperit,
1283 1561 1415 1598 etiam-

81 1618 113 1654 si
144 1616 243 1654 hanc
269 1617 309 1653 in
342 1617 397 1653 eis
425 1617 536 1654 annis
561 1617 676 1654 vitam
709 1616 827 1667 finiat,
859 1616 1043 1655 translata
1076 1616 1225 1655 scilicet
1257 1629 1277 1655 a
1308 1623 1415 1668 pote-

80 1679 179 1712 state
222 1673 474 1712 tenebrarum
518 1675 558 1712 in
602 1686 767 1724 regnum
811 1673 955 1713 Christi
999 1686 1077 1712 non
1115 1674 1240 1712 solum
1278 1677 1416 1725 poenis

79 1744 157 1770 non
183 1737 438 1782 praeparetur
464 1733 645 1783 aeternis,
677 1732 744 1770 sed
771 1744 818 1770 ne
845 1732 921 1770 ulla
948 1733 1104 1782 quidem
1129 1738 1219 1783 post
1250 1740 1416 1772 mortem

78 1791 302 1840 purgatoria
334 1795 526 1828 tormenta
557 1792 735 1841 patiatur.
799 1789 951 1828 Sufficit
983 1792 1086 1828 enim
1118 1790 1198 1828 sola
1230 1792 1415 1842 spiritalis
1443 1799 1485 1829 25

79 1849 337 1899 regeneratio,
369 1859 417 1886 ne
443 1852 531 1898 post
557 1853 723 1886 mortem
750 1847 852 1887 obsit
884 1848 986 1899 quod
1020 1848 1184 1886 carnalis
1217 1851 1415 1899 generatio

80 1917 169 1944 011111
195 1911 320 1944 morte
346 1907 548 1944 contraxit.
611 1905 706 1944 Cum
734 1911 864 1944 autem
895 1912 1053 1945 ventum
1086 1907 1204 1945 fuerit
1236 1907 1282 1945 ad
1315 1913 1414 1946 aeta-

79 1968 170 2014 tem,
203 1975 301 2013 quae
327 1970 579 2014 praeceptum
606 1966 681 2002 iam
708 1966 810 2015 capit
841 1969 880 2003 et
912 1964 1026 2003 subdi
1057 1970 1186 2015 potest
1217 1964 1313 2015 legis
1345 1967 1414 2004 im-

78 2022 207 2072 perio,
247 2022 539 2072 suscipiendum
572 2028 630 2061 est
661 2022 806 2061 bellum
837 2027 974 2061 contra
1004 2024 1095 2061 vitia
1128 2027 1167 2060 et
1198 2024 1414 2072 gerendum

175 2123 230 2165 15)
255 2121 359 2156 Rom.
386 2125 418 2164 9,
444 2125 498 2156 23.

106 2293 112 2300 ῃ
158 2252 193 2328 ἒ
219 2258 329 2292 quam
353 2259 442 2291 mss,-
468 2260 577 2292 quam
603 2260 684 2284 cum
709 2260 730 2284 v
761 2252 772 2294 ΙΙ
804 2254 823 2285 5
849 2250 919 2285 1100
945 2261 1009 2285 om.
1037 2250 1089 2285 R¹
1120 2251 1132 2295 ss
1164 2254 1184 2284 9
1211 2251 1412 2286 conflictio‘

77 2305 133 2328 ms
