1548 2562
424 130 476 156 DE
494 130 683 156 CIVITATE
703 130 773 156 Dm
792 130 825 156 L.
845 131 926 156 mx.
947 130 976 156 o.
996 132 1020 155 3.
1071 143 1076 148 -
1300 121 1385 163 353

53 220 113 258 his
155 219 281 258 tribus
325 220 375 257 sit
418 220 497 257 sive
542 218 682 258 alicubi
728 218 835 271 alibi,
879 219 981 269 quod
1026 224 1114 270 post
1157 218 1385 264 videbimus.

53 278 214 317 Interim
239 277 286 316 de
312 277 372 315 his
398 276 524 315 tribus
551 289 627 327 quo
660 277 773 316 modo
806 289 922 316 unam
956 277 1075 315 Varro
1108 276 1234 329 eligat,
1267 290 1385 328 quan-

52 342 136 374 tum
186 335 356 374 breviter
405 341 616 386 aperteque
666 348 899 387 possumus,
956 335 1204 374 disseramus.
1286 335 1420 375 Istae.

53 406 193 445 nempe
224 399 305 432 tres
338 398 465 432 sectae
497 395 550 432 ita
581 394 699 445 fiunt,
738 405 827 432 cum
858 394 917 432 vel
948 396 1073 444 prima
1104 400 1264 432 naturae
1297 406 1385 445 pro-

52 458 139 504 pter
170 454 365 504 virtutem,
396 451 456 490 vel
481 453 604 490 virtus
635 457 798 503 propter
829 454 953 503 prima
985 457 1158 504 naturae,
1190 452 1250 491 vel
1282 458 1384 491 utra-

53 522 147 562 que,
184 510 223 549 id
261 516 320 549 est
356 516 396 549 et
431 511 555 549 virtus
595 515 634 548 et
663 511 789 561 prima
822 516 1001 563 naturae,
1038 517 1199 562 propter
1231 523 1272 550 se
1304 513 1387 562 ipsa

53 574 145 607 sunt
176 568 411 620 expetenda„

586 681 741 724 CAPUT
774 681 850 724 III.

82 769 142 806 D'e
173 769 302 806 tribus
332 769 450 806 sectis
480 778 672 805 summum
703 768 871 806 homlnis
903 768 1046 806 bonum
1078 770 1364 816 quaerentibus

163 837 281 874 quam
314 827 536 873 ele'qendam
577 825 705 863 Varro
738 826 905 871 definiat
933 837 1108 873 sequens*
1130 829 1274 865 veteris

245 883 488 923 Academiae
518 884 712 922 Antiocho
744 887 912 922 auctore
941 887 1186 922 sententiam.

172 965 273 1011 Quid
300 977 392 1015 ergo
418 966 584 1003 istorum
609 966 728 1003 trium
761 966 811 1002 sit
836 976 971 1003 verum
998 971 1113 1015 atque
1147 966 1388 1018 sectandum,

53 1026 129 1064 isto
168 1023 281 1062 modo
318 1023 555 1074 persuadere
595 1028 768 1060 conatur.
831 1022 1023 1075 Primum,
1062 1024 1151 1073 quia
1191 1036 1387 1063 summum

53 1082 198 1121 bonum
229 1083 269 1120 in
301 1081 542 1132 philosophia
575 1093 652 1119 non
684 1080 851 1132 arboris,
882 1093 959 1119 non
991 1083 1165 1133 pecoris,
1196 1094 1275 1120 non
1307 1082 1387 1134 Dei,

53 1140 121 1179 sed
159 1134 325 1178 hominis
364 1141 583 1191 quaeritur,
622 1139 714 1189 quid
747 1140 798 1177 sit
828 1141 910 1189 ipse
944 1139 1076 1191 homo,
1115 1141 1382 1190 quaerendum

52 1204 173 1250 putat.
236 1199 363 1236 Sentit
400 1200 542 1249 quippe
579 1198 620 1235 in
658 1198 742 1235 eius
781 1203 917 1236 natura
957 1197 1032 1236 duo
1066 1210 1151 1236 esse
1185 1199 1387 1251 quaedam,

53 1269 197 1308 corpus
229 1262 268 1295 et
293 1257 470 1307 animam,
502 1255 706 1294 ethorum
739 1255 895 1305 quidem
928 1256 1096 1294 duorum
1128 1257 1267 1295 melius
1300 1270 1386 1296 esse

53 1317 218 1354 animam
256 1314 447 1365 longeque
485 1313 757 1364 praestabilius
794 1315 951 1352 omnino
990 1327 1068 1352 non
1107 1314 1278 1366 dubitat,
1318 1315 1386 1354 sed

54 1379 186 1412 utrum
213 1374 338 1411 anima
365 1372 444 1410 sola
470 1374 520 1410 sit
548 1372 676 1423 homo,
707 1377 751 1410 ut
782 1373 833 1410 ita
866 1374 916 1411 sit
947 1374 984 1411 ei
1015 1379 1386 1424 eorpustamquam

55 1443 179 1482 equus
212 1432 333 1481 equiti
363 1427 504 1483 (eques
536 1432 638 1469 enim
671 1442 748 1468 non
780 1430 894 1468 homo
928 1436 966 1469 et
997 1443 1139 1482 equus,
1183 1431 1250 1470 sed
1282 1432 1386 1470 solus

54 1490 170 1528 homo
209 1495 284 1541 est3
323 1489 410 1527 ideo
447 1495 576 1527 tamen
615 1500 736 1539 eques
774 1488 934 1540 dicitur,
977 1490 1080 1539 quod
1112 1489 1240 1539 aliquo
1272 1490 1386 1528 modo

55 1561 97 1587 se
129 1547 267 1586 habeat
298 1548 343 1586 ad
377 1544 560 1599 equum),
598 1559 646 1584 an
678 1558 821 1598 corpus
854 1546 978 1585 solum
1011 1549 1061 1585 sit
1092 1547 1226 1598 homo,
1259 1548 1387 1598 aliquo

54 1607 169 1645 modo
202 1618 242 1645 se
274 1605 421 1644 habens
458 1606 504 1644 ad
543 1606 725 1656 animam,
763 1606 865 1643 sicut
895 1605 1079 1655 poculum
1111 1606 1156 1643 ad
1188 1607 1386 1656 potionem

55 1661 154 1717 (non
186 1666 289 1703 enim
316 1664 413 1702 calix
439 1669 478 1702 et
503 1665 620 1714 potio,
653 1675 766 1713 quam
800 1665 973 1701 continet
1005 1661 1113 1715 calix,
1146 1663 1261 1702 simul
1293 1664 1385 1703 diei-

56 1729 121 1761 tur
158 1722 359 1774 poculum,
398 1722 465 1760 sed
506 1722 603 1760 calix
641 1718 763 1771 solus3
801 1721 887 1759 ideo
928 1726 1055 1760 tamen
1096 1722 1198 1772 quod
1237 1724 1386 1772 potioni

57 1780 312 1819 continendae
352 1782 402 1818 sit
433 1775 788 1832 adcommodatus),
826 1791 873 1818 an
913 1791 1003 1818 vero
1043 1791 1116 1818 nec
1149 1782 1275 1818 anima
1307 1780 1387 1819 sola

56 1851 128 1878 nec
167 1838 292 1877 solum
331 1850 490 1890 eorpus,
532 1838 600 1876 sed
633 1837 747 1876 simul
779 1843 988 1888 utrumque
1022 1839 1071 1876 sit
1102 1838 1235 1890 homo,
1274 1840 1387 1877 cuius

57 1899 106 1936 sit
137 1909 227 1948 pars
264 1908 341 1935 una
372 1898 451 1935 sive
484 1897 607 1934 anima
640 1897 719 1934 sive
753 1908 911 1948 eorpuS,
944 1895 1006 1934 ille
1039 1902 1168 1934 autem
1200 1902 1306 1935 totus
1339 1909 1386 1935 ex

56 1961 223 2006 utroque
261 1960 431 2007 constet,
468 1960 511 1993 ut
548 1955 663 1992 homo
702 1955 761 1992 sit·
790 1949 911 2006 (sieut
949 1954 1046 1993 duos
1079 1966 1200 2004 equos
1232 1956 1386 1993 iunctos

57 2013 164 2063 bigas
196 2025 394 2065 vocamus,
425 2024 592 2064 quorum
625 2014 703 2050 sive
737 2012 872 2050 dexter
904 2013 983 2050 sive
1016 2013 1174 2050 sinister
1206 2024 1296 2063 pars
1327 2018 1388 2052 est

57 2070 252 2123 bigarum,
293 2083 415 2110 unum
446 2083 538 2109 vero
570 2082 724 2122 eorum,
763 2082 919 2121 quoquo
952 2070 1065 2119 modo
1098 2082 1139 2108 se
1171 2070 1311 2109 habeat
1341 2070 1388 2110 ad

58 2129 244 2181 alterum,
286 2129 394 2179 bigas
430 2141 509 2167 non
546 2128 730 2180 dicimus,
774 2128 841 2167 sed
880 2128 992 2167 ambo
1031 2124 1178 2180 simul).
1239 2128 1389 2168 Horum

154 2293 170 2322 1
198 2288 288 2322 alibi
312 2297 377 2322 om.
403 2287 439 2321 R
457 2289 469 2330 ΙΙ
489 2291 531 2321 32
559 2287 668 2321 ambo
692 2286 746 2328 Ε,-
772 2287 898 2321 ambos
921 2297 943 2321 v

128 2359 201 2380 auo.
221 2359 262 2379 m:
282 2358 341 2379 ow.
362 2359 424 2378 Dm.
462 2353 501 2378 ΙΙ,
1063 2350 1106 2381 23

1416 815 1479 866 10⁵

1416 1149 1456 1179 15

1414 1440 1458 1470 20

1413 1730 1456 1761 25

1413 2022 1458 2052 30
