1548 2562
367 87 418 111 DE
438 85 628 111 CIVITATE
648 86 718 111 Dm
738 86 771 112 L.
793 86 874 111 XIX.
891 86 920 112 c.
941 87 983 112 24.
1004 86 1045 113 25.
1066 88 1110 112 26.
1325 78 1408 118 401

79 187 156 214 non
198 175 333 213 offerat
373 176 447 212 nisi
493 175 760 212 tantummodo
794 174 883 225 sibi,
923 180 962 213 et
1001 187 1071 226 per
1102 175 1176 214 hoc
1207 177 1247 214 in
1278 175 1341 214 illa
1373 182 1412 214 et

80 235 231 272 animus
268 234 423 284 corpori
459 234 635 283 ratioque
675 234 777 271 vitiis
816 240 922 271 recte
962 245 1005 272 ac
1038 233 1203 272 fideliter
1234 235 1412 286 imperet,

79 298 186 331 caret
216 293 385 330 iustitiae
417 293 590 329 veritate.

586 451 742 494 CAPUT
768 452 902 494 XXV.

114 538 229 583 Quod
257 548 335 575 non
363 538 518 585 possint
548 537 606 574 ibi
635 548 756 575 verae
787 549 871 575 esse
904 540 1085 588 vernales,
1118 539 1188 576 ubi
1216 549 1294 576 non
1327 542 1386 576 est
1439 545 1459 574 5

608 606 705 633 vera
738 597 890 643 reliqz'o.

197 676 417 721 Quamlibet
438 677 541 714 enim
562 676 739 714 videatur
766 677 918 715 animus
943 679 1098 728 corpori
1124 682 1163 715 et
1188 678 1285 715 ratio
1312 678 1414 715 vitiis

79 733 322 773 laudabiliter
363 736 578 786 imperare,
618 735 651 772 si
690 733 769 772 Deo
811 736 962 773 animus
1004 740 1042 773 et
1079 737 1177 773 ratio
1215 736 1298 785 ipsa
1336 747 1413 773 non

80 794 219 845 servit,
263 794 364 831 sicut
408 792 481 830 sibi
523 805 607 831 esse
647 792 895 831 serviendum
933 795 1017 843 ipse
1056 792 1158 831 Deus
1202 795 1413 845 praecepit,

80 851 185 890 nullo
218 851 331 889 modo
370 852 525 902 corpori
562 852 742 901 vitiisque
785 856 891 889 recte
924 853 1099 902 imperat.
1161 851 1257 889 Nam
1289 852 1413 902 qualis
1441 860 1484 890 10

80 911 256 961 corporis
294 915 409 960 atque
456 911 641 948 vitiorum
684 915 814 959 potest
861 921 946 947 esse
985 921 1095 947 mens
1137 909 1291 948 domina
1332 911 1415 948 veri

80 967 149 1006 Dei
188 969 317 1006 nescia
354 980 426 1006 nec
464 970 548 1006 eius
585 969 748 1018 imperio
788 967 1008 1020 subiugata,
1047 967 1115 1006 sed
1156 970 1415 1006 vitiosissimis

80 1026 333 1065 daemonibus
366 1025 707 1076 corrumpentibus
739 1023 976 1076 prostituta?
1036 1025 1205 1064 Proinde
1238 1028 1415 1078 virtutes,

81 1096 176 1135 quas
207 1084 350 1123 habere
378 1083 450 1122 sibi
481 1084 646 1136 videtur,
677 1096 748 1134 per
780 1096 875 1134 quas
907 1085 1072 1135 imperat
1104 1087 1259 1135 corpori
1292 1091 1330 1123 et
1362 1087 1414 1124 vi-

79 1144 163 1195 tiis,
204 1142 249 1180 ad
291 1142 492 1193 quodlibet
531 1142 824 1193 adipiscendum
867 1142 926 1180 vel
966 1144 1176 1181 tenendum
1218 1143 1415 1182 rettulerit
1443 1151 1484 1181 15

81 1202 155 1240 nisi
182 1201 228 1240 ad
254 1200 389 1253 Deum,
421 1203 535 1239 etiam
564 1202 669 1251 ipsae
695 1201 786 1238 vitia
813 1206 904 1239 sunt
928 1203 1058 1251 potius
1091 1214 1206 1252 quam
1238 1203 1414 1240 virtutes.

80 1259 177 1297 Nam
203 1259 293 1298 licet
325 1271 345 1296 a
377 1258 608 1309 quibusdam
640 1265 733 1297 tunc
766 1271 878 1297 verae
911 1265 1026 1309 atque
1059 1260 1243 1298 honestae
1276 1266 1415 1311 puten-

80 1324 145 1356 tur
171 1329 256 1356 esse
281 1319 457 1370 virtutes,
490 1330 578 1356 cum
605 1318 831 1356 reseruntur
863 1317 907 1355 ad
941 1330 981 1356 se
1015 1319 1117 1369 ipsas
1150 1331 1222 1357 nec
1255 1325 1415 1369 propter

83 1375 186 1414 aliud
228 1381 481 1426 expetuntur:
520 1378 634 1414 etiam
676 1382 766 1414 tunc
805 1376 957 1414 inflatae
997 1388 1040 1414 ac
1078 1376 1269 1428 superbae
1313 1383 1415 1428 sunt,

81 1434 168 1472 ideo
205 1446 284 1472 non
316 1436 497 1486 virtutes,
534 1434 601 1473 sed
640 1435 728 1472 vitia
767 1434 972 1473 iudicanda
1005 1441 1105 1473 sunt.
1170 1435 1280 1474 Sicut
1312 1437 1413 1473 enim
1442 1444 1485 1474 20

82 1504 159 1530 non
198 1497 258 1530 est
296 1504 316 1530 a
355 1504 470 1531 carne
509 1493 577 1531 sed
615 1504 734 1543 super
773 1505 950 1545 carnem,
995 1493 1097 1543 quod
1136 1505 1293 1532 carnem
1325 1495 1415 1532 facit

81 1552 227 1589 vivere:
259 1552 315 1589 sic
346 1563 425 1589 non
452 1557 511 1589 est
542 1550 588 1589 ab
621 1551 789 1603 homine,
821 1550 888 1589 sed
922 1563 1039 1601 super
1071 1552 1280 1603 hominem,
1313 1552 1416 1602 quod

82 1608 279 1647 hominem
320 1610 411 1647 facit
455 1609 565 1648 beate
610 1610 756 1660 vivere3
801 1621 874 1647 nec
918 1609 1042 1647 solum
1086 1609 1302 1662 hominem,
1348 1610 1415 1649 sed

82 1668 198 1706 etiam
230 1667 442 1718 quamlibet
472 1673 705 1719 potestatem
737 1669 1000 1718 virtutemque
1034 1667 1250 1707 caelestem.

574 1827 729 1871 CAPUT
754 1829 907 1871 XXVI.
1443 1841 1485 1871 25

84 1914 144 1953 De
170 1926 275 1963 pace
306 1915 446 1963 populi
483 1916 651 1952 alienati
681 1925 706 1952 α
738 1915 838 1965 Deo,
879 1926 959 1962 qua
990 1917 1117 1953 utitur
1149 1916 1204 1952 ad
1228 1917 1416 1963 pietatem

176 1975 347 2021 populus
379 1973 464 2019 Dei,
497 1973 589 2010 dum
621 1974 662 2010 in
694 1973 768 2011 hoc
795 1975 1038 2022 pereqrz'nus
1071 1977 1129 2011 est
1159 1975 1314 2012 mundo.

203 2053 392 2098 Quocirca
413 2058 456 2092 ut
475 2055 550 2091 vita
578 2055 705 2091 carnis
731 2055 854 2092 anima
882 2059 953 2105 cst,
979 2056 1029 2092 ita
1055 2053 1167 2092 beata
1192 2056 1269 2093 vita
1293 2054 1415 2093 homi-

85 2112 145 2149 nis
177 2111 279 2150 Deus
311 2117 387 2163 est,
427 2111 474 2149 de
507 2123 583 2162 quo
616 2111 751 2150 dicunt
782 2123 912 2150 sacrae
945 2112 1096 2151 litterae
1129 2112 1415 2152 Hebraeorum:

181 2252 222 2282 16
248 2247 328 2291 ipsa
353 2247 425 2281 ΒΑ
449 2249 461 2292 ΙΙ
494 2251 538 2282 20
563 2247 646 2282 ideo
672 2248 761 2282 R¹A
786 2249 868 2290 (vol.
895 2248 932 2291 I,
957 2252 1040 2291 177,
1065 2253 1146 2292 10)‚·
1171 2251 1208 2285 ei:
1232 2249 1315 2285 ideo
1340 2261 1362 2284 v

156 2318 230 2337 Avo.
251 2319 291 2337 m:
312 2319 373 2338 cxv.
396 2318 459 2337 Dm.
478 2312 519 2336 11.
1090 2312 1133 2342 26
