1548 2562
429 136 480 162 DE
500 135 688 162 CIVITATE
708 135 777 160 DEI
796 134 828 160 L.
849 135 912 160 xx.
932 134 960 160 c.
981 136 1022 161 29.
1297 124 1380 164 479

56 237 173 275 quam
204 228 339 264 veniat
375 226 458 264 dies
490 225 651 263 Domini
688 236 855 272 maynus
886 228 923 263 et
955 225 1151 271 inlustris,
1192 224 1262 271 qui
1291 234 1381 261 con-

55 289 181 324 vertet
212 295 282 323 cor
302 285 435 332 patris
462 283 518 321 ad
543 284 670 329 filium
703 286 741 320 et
771 293 843 321 cor
874 283 1041 321 hominis
1073 282 1129 319 ad
1152 283 1381 330 proximum

54 353 185 390 suum,
224 354 273 380 ne
305 341 414 390 forte
452 342 612 379 veniens
637 342 865 389 percutiam
898 344 1048 379 terram
1075 341 1246 389 penitus.
1308 338 1382 376 Per

55 400 159 439 hunc
198 399 346 438 Heliam
383 411 564 450 magnum
603 397 895 447 mirabilemque
939 397 1168 448 prophetam
1209 398 1382 448 exposita

57 457 130 497 sibi
162 457 245 509 lege
284 457 419 496 ultimo
457 462 632 507 tempore
671 461 758 494 ante
796 456 982 494 iudicium
1014 455 1175 494 Iudaeos
1201 457 1240 493 in
1274 454 1381 493 Chri·
1408 462 1426 492 5

56 522 158 555 stum
186 528 330 568 verum,
362 515 400 553 id
426 520 485 553 est
515 516 555 553 in
582 513 779 553 Christum
812 518 1001 562 nostrum,
1035 526 1120 552 esse
1153 513 1383 562 credituros,

56 574 354 613 celeberrimum
403 579 462 612 est
510 574 549 611 in
600 571 844 611 sermonibus
895 571 1156 622 cordibusque
1201 571 1382 610 fidelium.

55 633 142 683 lpse
175 634 317 683 quippe
344 636 430 670 ante
458 630 664 669 adventum
690 630 829 669 iudicis
857 629 1066 668 Salvatoris
1092 642 1169 667 non
1202 631 1383 668 inmerito

55 696 234 742 speratur
276 702 360 728 esse
399 695 607 740 venturus,
652 690 718 739 qui
759 689 872 726 etiam
912 700 1015 726 nunc
1056 689 1184 726 vivere
1217 700 1295 726 non
1327 689 1382 726 in-

55 750 194 787 merito
227 747 410 787 creditur.
472 746 599 786 Curru
638 759 801 797 namque
842 748 955 797 igneo
988 752 1122 797 raptus
1154 751 1213 784 est
1246 746 1291 784 de
1324 757 1382 783 re·
1412 754 1453 784 10

55 807 128 845 bus
154 806 344 858 humanis,
376 806 478 857 quod
505 805 791 843 evidentissime
825 810 955 843 sancta
983 806 1176 855 scriptura
1208 809 1383 843 testatur.

57 865 153 904 Cum
197 866 346 903 venerit
390 876 500 915 ergo,
544 863 771 914 exponendo
811 863 936 913 legem
977 861 1225 913 spiritaliter,
1270 873 1383 912 quam

56 935 160 962 nunc
192 922 322 961 Iudaei
360 922 565 960 carnaliter
604 923 775 972 sapiunt,
819 925 1021 960 convertet
1057 932 1128 959 cor
1162 922 1294 969 patris
1332 921 1387 958 ad

52 984 190 1029 filium,
223 981 260 1019 id
286 986 346 1019 est
369 992 437 1018 cor
467 986 621 1031 patrum
649 979 694 1018 ad
722 979 838 1030 filios;
871 979 1105 1029 singularem
1139 979 1281 1029 quippe
1313 989 1383 1028 pro

57 1051 219 1078 numero
256 1038 397 1090 plurali
433 1039 668 1089 interpretes
707 1038 950 1087 septuaginta
990 1042 1224 1088 posuerunt3
1257 1041 1293 1074 et
1328 1041 1385 1074 est
1414 1043 1453 1072 15

57 1109 214 1148 sensus,
246 1102 289 1135 ut
320 1098 435 1135 etiam
466 1096 533 1134 filii
565 1097 620 1134 sic
652 1095 877 1146 intellegant
908 1094 1049 1146 legem,
1082 1094 1120 1132 id
1153 1099 1212 1132 est
1243 1093 1385 1144 Iudaei,

57 1167 173 1206 quem
205 1155 251 1193 ad
276 1154 433 1193 modum
463 1166 546 1192 eam
578 1160 708 1205 patres
739 1153 1026 1204 intellexerunt,
1059 1152 1096 1190 id
1130 1158 1189 1190 est
1220 1151 1384 1203 proplie-

56 1220 129 1265 tae‚
160 1215 200 1251 in
232 1213 373 1263 quibus
405 1219 487 1251 erat
519 1218 557 1250 et
588 1214 670 1263 ipse
702 1211 870 1262 Moyses;
911 1212 965 1249 sic
998 1212 1100 1249 enim
1133 1223 1199 1249 cor
1231 1216 1385 1261 patrum

57 1277 307 1310 convertetur
333 1271 379 1309 ad
405 1270 514 1319 filios,
548 1282 635 1309 cum
667 1269 929 1320 intellegentia
962 1275 1116 1319 patrum
1148 1268 1385 1319 perducetur

57 1329 103 1368 ad
153 1329 455 1380 intellegentiam
504 1328 689 1379 filiorum3
739 1333 777 1366 et
822 1339 892 1366 εον
932 1330 1108 1374 filiorum
1155 1328 1210 1365 ad
1247 1331 1386 1375 patres
1412 1334 1455 1364 ⁶20

58 1399 213 1435 eorum,
257 1387 349 1425 dum
387 1388 425 1424 in
463 1386 522 1438 id,
561 1386 662 1436 quod
703 1391 911 1424 senserunt
948 1385 1021 1436 illi,
1067 1386 1317 1422 consentiunt
1348 1389 1386 1422 et

57 1447 141 1497 isti3
173 1445 240 1483 uhi
268 1444 518 1496 Septuaginta
550 1444 748 1482 dixerunt:
781 1444 832 1481 Et
863 1455 934 1482 cor
965 1445 1132 1481 hominis
1164 1444 1220 1481 acl
1245 1443 1384 1491 proxiss

58 1515 161 1542 mum
191 1515 315 1542 suum.
379 1503 478 1541 Sunt
509 1504 612 1541 enim
643 1504 745 1540 inter
777 1513 818 1540 se
850 1501 956 1540 valde
989 1502 1154 1552 proximi
1186 1507 1316 1551 patres
1348 1505 1386 1538 et

58 1562 136 1600 filii.
199 1562 440 1612 Quamquam
477 1562 516 1599 in
556 1560 683 1599 verbis
722 1561 965 1611 septuaginta
1004 1561 1280 1609 interpretum,
1321 1559 1387 1608 qui

60 1619 286 1671 prophetice
319 1620 564 1670 interpretati
603 1624 710 1670 sunt,
748 1624 876 1668 potest
907 1617 1004 1656 alius
1037 1629 1175 1655 sensus
1207 1616 1385 1666 idemque
1414 1624 1456 1654 25

59 1678 219 1716 electior
266 1679 450 1729 inveniri,
493 1683 537 1716 ut
578 1676 825 1727 intellegatur
868 1675 997 1714 Helias
1041 1687 1108 1713 cor
1153 1674 1221 1713 Dei
1262 1674 1387 1712 Patris

60 1747 321 1774 conversurus
353 1735 399 1774 ad
430 1734 587 1787 Filium3
626 1746 703 1773 non
735 1736 870 1784 utique
903 1734 1050 1784 agendo
1083 1739 1126 1771 ut
1157 1732 1272 1770 Pater
1303 1732 1386 1770 dili-

60 1800 123 1845 gat
153 1793 304 1841 Filium,
336 1793 403 1832 sed
436 1793 609 1832 docendo
644 1792 745 1843 quod
778 1792 891 1830 Pater
924 1792 1055 1842 diligat
1086 1791 1243 1842 Filium3
1276 1796 1319 1828 ut
1351 1795 1389 1828 et

60 1851 208 1904 ludaei,
247 1863 362 1902 quem
392 1853 503 1902 prius
534 1851 713 1902 oderant,
745 1850 904 1901 diligant
935 1849 1125 1901 eundem,
1158 1850 1224 1898 qui
1255 1854 1388 1886 noster

62 1917 121 1949 est
148 1909 336 1948 Christus.
398 1909 550 1948 Iudaeis
577 1910 680 1947 enim
705 1920 809 1947 nunc
837 1920 1014 1947 aversum
1047 1919 1113 1946 cor
1144 1906 1260 1944 habet
1286 1906 1389 1945 Deus
1415 1914 1458 1945 30

61 1980 81 2006 a
119 1967 271 2006 Christo
310 1973 462 2020 nostro,
501 1969 589 2018 quia
627 1967 700 2005 hoc
738 1972 886 2017 putant.
954 1966 1020 2004 Eis
1059 1977 1150 2015 ergo
1190 1971 1283 2003 tunc
1321 1976 1388 2002 cor

61 2028 144 2065 eius
176 2031 424 2064 convertetur
457 2026 503 2064 ad
530 2025 680 2077 Filium,
712 2037 800 2063 cum
831 2026 905 2075 ipsi
937 2035 1123 2062 converso
1151 2023 1267 2061 corde
1295 2022 1388 2061 didi-

154 2128 189 2169 3)
215 2126 299 2160 Mal.
326 2130 358 2170 4,
384 2129 404 2160 5
431 2137 482 2169 sq.
535 2128 590 2169 11)
616 2129 648 2159 2.
675 2125 762 2169 Reg.
791 2128 823 2168 2,
852 2129 904 2159 11.

156 2247 172 2277 1
202 2242 383 2277 conuertit
407 2241 442 2275 R
467 2241 615 2285 itemque
635 2241 748 2284 paulo
768 2244 851 2284 post
876 2242 887 2283 ΙΙ
913 2244 932 2274 9
960 2239 1023 2283 qui
1047 2239 1140 2281 RA,·
1165 2240 1251 2283 quja
1275 2250 1295 2274 v
1314 2241 1326 2284 Ι]
1345 2244 1386 2274 21

62 2289 291 2324 consentient
314 2300 334 2323 v
353 2290 364 2332 fl
384 2292 427 2322 30
454 2287 608 2322 christus
634 2287 706 2329 R¹,-
731 2286 912 2321 Christum
938 2286 1027 2321 R²A
1057 2285 1163 2321 Parr.
1188 2297 1208 2321 v
