1611 2465
60 752 100 782 10

64 1046 102 1075 15

66 1926 84 1955 3
89 1926 108 1955 O

123 113 208 156 594
662 121 690 147 s.
711 120 928 148 ,mensum

123 216 164 252 in
196 223 424 252 mensuram
462 212 607 250 aetatis
632 211 896 259 plenitudinis
933 211 1095 258 Christi,
1135 217 1190 249 et:
1234 210 1465 260 Conformes

124 273 310 320 imctqz'nis
339 272 417 317 filie·
448 269 539 317 Dei,
580 280 651 307 nec
683 270 723 307 in
756 281 851 307 sexu
883 269 1051 307 femineo
1085 275 1378 308 resurrecturas
1410 270 1463 308 fe-

124 332 247 368 minas
280 328 464 379 credunt,
504 327 570 365 sed
604 329 641 365 in
676 327 777 365 virili
810 339 945 365 omnes
978 328 1102 379 aiunt⁷
1146 329 1328 378 quoniam
1360 327 1465 367 Deus

125 389 250 428 solum
282 389 410 425 virum
448 387 540 424 fecit
580 398 626 423 ex
659 385 769 438 limo,
810 386 993 424 feminam
1027 398 1072 424 ex
1106 388 1198 425 viro.
1262 386 1338 425 Sed
1371 387 1464 425 mihi

126 447 264 485 melius
297 457 433 496 sapere
467 444 665 496 videntur,
708 446 774 495 qui
806 451 1018 495 utrumque
1052 456 1187 483 sexum
1218 451 1464 484 resurrectu-

125 518 213 544 rum
251 516 337 543 esse
376 515 454 542 non
487 502 677 541 dubitant.
737 502 823 541 Non
867 504 969 541 enim
1001 502 1119 541 libido
1151 502 1205 541 ibi
1237 505 1328 555 erit,
1367 515 1465 554 quae

126 564 367 602 confusionis
400 568 459 600 est
499 573 626 600 causa.
687 561 783 600 Nam
815 563 1043 612 priusquam
1075 568 1327 614 peccassent,
1372 562 1467 600 nudi

127 629 257 673 erant,
295 627 335 659 et
366 633 444 658 non
477 619 818 659 confundebantur
851 621 908 658 vir
940 626 979 658 et
1011 621 1163 659 femina.
1226 619 1466 672 Corporibus

127 693 218 732 ergo
238 680 313 718 illis
329 681 419 718 vitia
434 678 702 730 detrahentur,
722 684 860 717 natura
883 678 1112 717 servabitur.
1150 678 1236 717 Non
1257 685 1317 718 est
1337 686 1467 718 autem

127 742 263 778 vitium
297 750 412 777 sexus
446 738 661 789 semineus,
694 737 761 775 sed
794 742 950 787 natura,
982 749 1080 788 quae
1113 743 1206 776 tunc
1239 737 1397 788 quidem
1429 742 1468 776 et

128 812 147 837 a
181 796 392 837 concubitu
420 802 459 835 et
485 808 505 834 a
530 801 646 847 partu
678 797 850 834 inmunis
883 797 975 847 erit3
1009 802 1126 834 erunt
1158 797 1261 834 enim
1293 795 1468 834 membra

128 858 295 896 feminea
333 868 412 894 non
454 853 747 893 adcommodata
784 855 874 893 usui
912 855 1051 906 veteri,
1092 854 1159 892 sed
1193 854 1325 893 decori
1356 867 1468 906 novo,

129 928 205 967 quo
245 928 323 954 non
362 913 552 952 alliciatur
591 914 1188 965 aspicientis.concupiscentia,
1227 925 1325 964 quae
1365 912 1468 951 nulla

129 976 224 1026 erit,
263 973 331 1012 sed
363 972 432 1011 Dei
474 971 655 1010 laudetur
694 973 882 1022 sapientia
920 976 1037 1022 atque
1070 971 1293 1023 clementia,
1332 972 1399 1022 qui
1430 977 1470 1010 et

132 1033 235 1085 quod
263 1044 340 1070 non
375 1037 458 1069 erat
490 1031 583 1068 fecit
615 1036 652 1068 et
683 1029 860 1068 liberavit
892 1042 911 1067 a
945 1031 1196 1081 corruptione
1229 1029 1333 1081 quod
1365 1030 1468 1068 fecit.

128 1092 179 1131 Ut
212 1092 315 1130 enim
356 1091 396 1128 in
438 1087 597 1127 exordio
639 1089 794 1138 generis
835 1088 994 1126 hnmani
1033 1087 1080 1126 de
1118 1088 1238 1127 latere
1278 1090 1350 1127 viri
1381 1088 1467 1127 dor-

129 1151 285 1189 mientis
312 1154 419 1187 costa
446 1147 618 1186 detracta
645 1146 786 1184 femina
820 1147 943 1198 fieret,
976 1145 1174 1185 Christum
1201 1153 1239 1185 et
1265 1146 1468 1186 ecclesiam

129 1209 196 1248 tali
235 1209 334 1246 facto
373 1208 448 1244 iam
487 1212 580 1244 tnnc
619 1204 845 1256 prophetari
883 1204 1096 1256 oportebat.
1160 1204 1286 1256 Sopor
1325 1206 1469 1256 quippe

130 1268 193 1306 ille
226 1268 299 1305 viri
331 1277 435 1303 mors
469 1269 551 1302 erat
584 1262 745 1314 Christi,
787 1264 899 1301 ouius
932 1264 1119 1302 exanimis
1151 1264 1191 1302 in
1223 1275 1342 1302 cruce
1374 1275 1468 1314 pen-

132 1326 259 1365 dentis
291 1324 391 1362 latus
430 1323 562 1361 lancea
598 1322 841 1373 perforatum
873 1327 933 1359 est
973 1327 1089 1372 atque
1121 1321 1210 1360 inde
1244 1323 1400 1372 sanguis
1432 1327 1471 1360 et

132 1396 231 1436 aqna
264 1382 442 1434 defluxit3
476 1393 574 1432 quae
607 1386 850 1419 sacramenta
883 1392 968 1418 esse
1001 1382 1200 1432 novimus,
1233 1379 1376 1431 quibus
1408 1392 1468 1418 ae-

131 1444 310 1482 dificatur
356 1440 530 1479 ecclesia.
591 1438 688 1477 Nam
731 1438 803 1477 hoc
849 1440 965 1476 etiam
1005 1438 1123 1477 verbo
1166 1440 1360 1490 scriptura
1401 1450 1471 1477 usa

132 1508 208 1554 est,
240 1500 307 1540 ubi
339 1511 418 1538 non
450 1499 592 1550 legitur
623 1492 864 1549 ‚‚f0r1navit“
895 1502 961 1535 aut
990 1493 1170 1549 ‚,finxit“‚
1203 1497 1289 1536 sed:
1321 1498 1469 1544 Aedifi-

133 1563 238 1600 ccwe't
270 1570 357 1598 eam
390 1561 430 1597 in
463 1559 665 1596 mulierem
676 1570 690 1601 ,·
727 1555 831 1594 unde
864 1561 902 1594 et
934 1555 1132 1606 apostolus
1164 1554 1470 1594 aedificationem

87 1633 99 1659 :
133 1620 227 1658 dicit
271 1617 447 1669 corporis
493 1615 654 1666 Christi,
699 1614 801 1665 quod
844 1620 903 1652 est
941 1614 1115 1652 ecclesia.
1183 1613 1370 1653 Creatura
1412 1619 1472 1652 est

135 1690 226 1729 ergo
260 1676 330 1715 Dei
374 1676 519 1713 femina
563 1675 664 1713 sicut
695 1675 770 1725 vir3
809 1673 876 1711 sed
909 1678 952 1711 ut
984 1673 1030 1711 de
1064 1674 1145 1711 viro
1178 1673 1311 1725 fieret,
1342 1674 1471 1711 unitas

134 1735 419 1786 commendata3
461 1739 505 1772 ut
537 1737 666 1772 autem
697 1730 761 1770 illo
796 1730 908 1769 modo
941 1732 1071 1782 fieret,
1110 1730 1309 1782 Christus,
1342 1737 1385 1769 ut
1416 1730 1469 1768 di-

135 1802 241 1834 ctum
285 1799 364 1845 est,
406 1798 445 1831 et
486 1791 649 1830 ecclesia
688 1790 850 1841 figurata
889 1794 959 1828 est.
1022 1789 1096 1834 Qui
1135 1801 1227 1840 ergo
1260 1796 1470 1840 utrumque

135 1866 271 1893 sexum
310 1852 496 1903 instituit⁷
535 1856 746 1900 utrumque
785 1850 978 1887 restituet.
1040 1847 1215 1898 Denique
1247 1848 1329 1898 ipse
1362 1847 1472 1886 Iesus

135 1915 398 1962 interrogatus
437 1922 456 1948 a
495 1908 750 1960 Sadducaeis‚
792 1908 859 1957 qui
900 1905 1092 1957 negabant
1130 1907 1472 1957 resurrectionem,

136 1973 247 2010 cuins
281 1974 431 2020 septem
464 1968 628 2006 fratrum
662 1967 736 2004 erit
768 1977 886 2016 uxor,
919 1976 1033 2015 quam
1066 1963 1208 2014 singuli
1240 1963 1473 2014 habuerunt,

232 2074 264 2115 1)
290 2070 382 2115 Eph.
412 2072 450 2111 4,
486 2072 537 2102 13.
589 2069 624 2110 2)
651 2066 754 2101 Rom.
781 2069 819 2108 8,
852 2069 906 2100 29.
959 2067 1017 2108 17)
1044 2064 1131 2099 Gen.
1159 2068 1197 2108 2,
1231 2068 1285 2098 21.
1336 2065 1394 2107 21)
1422 2063 1471 2098 Io.

139 2124 192 2162 19,
220 2123 262 2153 34
324 2118 383 2159 24)
412 2115 500 2150 Gen.
528 2118 560 2157 2,
588 2118 642 2149 22.
694 2116 751 2156 25)
777 2112 868 2157 Eph.
897 2117 929 2155 4,
959 2115 1010 2146 12.

235 2250 274 2279 11
305 2245 400 2279 enim
426 2243 576 2286 scrips&
601 2243 723 2276 tamen
751 2252 770 2275 v
808 2242 819 2284 ΙΙ
857 2244 898 2274 21
927 2239 1078 2274 defluxit
1101 2238 1156 2280 R;
1182 2239 1288 2274 fluxit
1311 2239 1367 2281 A‚·
1391 2249 1473 2283 pro-

139 2293 243 2328 fluxit
270 2303 286 2326 v
306 2294 317 2334 ΙΙ
338 2295 379 2325 29
409 2292 445 2324 et
470 2289 548 2333 ipse
577 2300 594 2323 t·
