1611 2465
166 65 252 106 416
707 71 733 97 s.
753 70 973 98 AUGUSTmI

167 177 252 204 cem
273 166 353 211 filii
376 164 461 211 Dei,
495 167 532 201 et
563 164 634 210 qm·
664 163 870 200 audierint
900 163 1040 200 vivent.
1103 162 1219 200 Sicut
1249 164 1353 201 em'm
1386 164 1512 202 Pater

167 225 288 263 habet
318 225 436 261 vitam
472 223 509 259 in
543 225 665 260 semet
695 221 796 269 ipso,
838 221 896 258 sic
929 221 1038 259 dedu
1070 224 1108 258 et
1138 221 1241 259 Filio
1273 222 1423 260 habere
1455 225 1509 261 vi-

168 288 248 321 tam
293 284 333 319 in
372 284 493 319 semet
530 282 625 328 ipso.
687 278 869 317 Nondum
906 277 953 316 de
994 278 1165 317 secunda
1205 281 1511 333 resurrectione,

168 341 206 379 id
234 346 293 378 est
319 350 543 390 corporum,
575 337 761 389 loquitur,
794 348 892 387 quae
920 338 958 374 in
987 339 1062 375 tine
1095 337 1226 376 futura
1259 344 1330 390 est,
1362 338 1430 377 sed
1464 339 1511 378 de

121 408 142 438 5
167 401 310 450 prima,
343 409 442 448 quae
475 408 581 435 nune
613 401 685 435 est.
746 395 854 433 Hanc
887 397 1030 446 quippe
1063 401 1107 434 ut
1138 396 1410 449 distingueret,
1442 399 1512 436 ait:

179 458 291 496 I'em'c
315 458 429 503 hora,
462 460 501 495 et
531 467 639 494 nunc
672 460 739 494 est.
800 453 886 492 Non
919 460 1048 493 autem
1081 456 1155 493 ista
1187 467 1410 508 corporum,
1443 456 1512 495 sed

169 518 386 554 animarum
418 520 489 553 est.
550 513 703 551 Habent
742 514 845 551 enim
878 518 917 551 et
949 514 1097 552 animae
1131 520 1297 552 mortem
1330 526 1440 553 suam
1471 516 1512 554 in

169 576 367 626 impietate
401 579 516 623 atque
549 573 737 623 peccatis,
770 571 987 610 secundum
1020 583 1134 622 quam
1168 579 1335 611 mortem
1367 575 1512 612 mortui

170 638 281 683 sunt,
313 632 361 671 de
394 631 536 682 quibus
569 631 671 669 idem
705 630 892 668 Dominus
925 632 994 668 ait:
1032 630 1129 669 Sine
1159 634 1308 669 mortui
1337 637 1513 671 mortuos

101 701 143 732 10
168 704 260 731 suos
302 693 519 740 sepedictum
563 694 606 728 ut
650 689 799 728 seilicet
839 690 879 727 in
920 690 1048 727 anima
1086 691 1229 728 mortui
1267 691 1307 728 in
1347 702 1534 742 corpore

170 756 346 789 mortuos
385 748 609 800 sepelirent.
670 748 839 798 Propter
876 749 973 786 istos
1012 759 1105 798 ergo
1137 749 1335 799 impietate
1368 754 1407 787 et
1438 751 1510 788 ini-

170 811 317 860 quitate
356 810 397 846 in
429 809 557 846 anima
594 812 789 845 mortuos:
838 805 967 858 Venit,
1006 808 1151 858 inquit,
1183 808 1303 854 hora,
1336 813 1375 846 et
1404 820 1513 847 mmo

170 873 244 915 est,
295 868 457 916 quando
507 867 657 905 mortui
705 866 873 904 audient
908 876 1042 904 vocem
1089 867 1168 912 filie·
1210 866 1308 911 Dee}
1358 871 1396 905 et
1445 869 1515 915 qui

171 928 396 973 audierint,
436 927 576 963 vivent.
645 925 723 971 Qua·
762 926 969 962 audierint
1000 923 1097 962 dixit
1127 926 1224 976 „qui
1257 924 1514 977 oboedierint‚

103 993 143 1024 15
171 987 238 1036 qui
271 984 510 1023 credideriut
549 989 588 1021 et
619 995 743 1033 usque
776 984 816 1020 in
848 980 965 1020 firiem
997 980 1371 1033 perseveraverint“.
1433 983 1514 1022 Nec

170 1044 264 1082 feeit
295 1043 358 1081 hic
384 1042 502 1081 ullam
529 1041 787 1080 differentiam
819 1040 1013 1079 honorum
1046 1046 1085 1079 et
1116 1041 1318 1080 malorum.
1382 1041 1512 1081 Omni-

170 1102 244 1141 bus
277 1103 381 1140 enim
412 1100 559 1139 bonum
598 1105 658 1138 est
697 1099 831 1138 audire
863 1111 999 1137 vocem
1032 1101 1116 1138 eius
1149 1105 1187 1138 et
1218 1101 1348 1138 vivere
1381 1100 1428 1139 ad
1460 1102 1513 1139 vi-

170 1166 248 1199 tam
292 1160 448 1211 pietatis
492 1171 540 1197 ex
590 1159 801 1208 impietatis
846 1164 970 1196 morte
1016 1158 1267 1197 transeundo.
1338 1158 1392 1197 De
1439 1171 1514 1210 qua

172 1225 298 1258 morte
331 1220 383 1256 ait
415 1216 616 1268 apostolus
648 1216 810 1254 Paulus:
850 1217 961 1264 Eryo
993 1228 1126 1255 onmes
1158 1220 1307 1255 mortui
1336 1223 1445 1266 sunt,
1477 1223 1515 1257 et

101 1286 145 1317 20
166 1289 244 1328 pro
286 1278 465 1316 omnibus
506 1280 685 1314 mortuus
726 1280 800 1322 est,
844 1279 888 1313 ut
925 1276 996 1322 qm·
1033 1277 1166 1313 vivunt
1204 1278 1284 1314 iam
1321 1287 1401 1315 non
1437 1278 1517 1316 sibi

171 1338 323 1384 vivant,
362 1337 434 1374 secl
472 1336 525 1382 εἰ,
565 1336 635 1382 qui
666 1345 744 1383 pro
776 1335 872 1382 ipsis
903 1338 1083 1372 mortuus
1115 1338 1172 1373 est
1203 1339 1241 1372 et
1272 1337 1514 1374 resurrexit.

173 1394 318 1433 Omnes
359 1395 490 1444 itaque
531 1393 677 1430 mortui
715 1398 807 1430 sunt
843 1393 883 1430 in
921 1393 1113 1444 peccatis,
1154 1394 1308 1431 nemine
1350 1405 1514 1444 prorsus

174 1458 349 1504 exeeptO,
382 1453 460 1490 sive
494 1450 749 1501 originalibus
781 1452 861 1488 sive
895 1452 1009 1488 etiam
1042 1451 1239 1489 voluntate
1272 1451 1424 1504 additis,
1455 1452 1515 1491 vel

174 1511 388 1562 ignorando
429 1509 490 1548 vel
528 1509 687 1548 sciendo
725 1521 799 1547 nee
837 1508 1013 1547 faciendo
1052 1509 1156 1560 quod
1187 1511 1335 1549 iustum
1366 1516 1444 1562 est3
1476 1516 1515 1550 et

104 1580 146 1609 ‘25
173 1582 244 1621 pro
278 1569 459 1608 omnibus
485 1569 651 1606 mortuis
677 1569 786 1605 vivus
818 1573 998 1606 mortuus
1030 1573 1090 1606 est
1121 1580 1236 1620 unus,
1267 1568 1305 1607 id
1339 1574 1399 1608 est
1429 1569 1513 1608 nul-

173 1629 255 1668 lum
293 1627 440 1666 habens
481 1627 639 1665 omnino
677 1631 901 1677 peceatum3
933 1632 997 1677 ut,
1038 1628 1104 1676 qui
1141 1639 1212 1677 per
1243 1629 1514 1666 remissionem

173 1692 426 1738 peccatorum
465 1687 616 1736 vivunt,
648 1686 723 1722 iam
756 1697 833 1722 non
867 1684 941 1722 sibi
972 1686 1117 1736 vivant,
1158 1685 1226 1723 sed
1259 1687 1312 1738 ei,
1345 1688 1412 1737 qui
1442 1699 1514 1738 pro

174 1744 356 1784 omnibus
382 1750 562 1782 mortuus
589 1748 649 1782 est
679 1748 841 1794 propter
870 1748 1030 1793 peecata
1062 1749 1196 1782 nostra
1227 1749 1267 1783 et
1297 1746 1516 1784 resurrexit

174 1809 336 1855 propter
361 1802 678 1841 iustificationem
712 1807 897 1853 nostram,
929 1807 973 1840 ut
1005 1802 1211 1841 eredentes
1243 1803 1283 1840 in
1315 1815 1416 1854 eum,
1449 1805 1516 1854 qui

105 1871 148 1901 30
175 1862 359 1901 iustificat
405 1861 589 1911 impium,
633 1872 679 1897 ex
724 1861 921 1910 impietate
964 1860 1183 1911 iustificati,
1228 1866 1423 1911 tamquam
1469 1874 1515 1900 ex

176 1926 302 1960 morte
342 1920 542 1970 vivificati,
586 1917 633 1956 ad
671 1919 836 1968 primam
875 1919 1227 1969 resurrectionem,
1271 1931 1370 1969 quae
1411 1932 1515 1959 nunc

269 2046 305 2087 3)
330 2044 381 2079 Io.
409 2048 441 2086 5,
469 2046 511 2077 25
539 2053 591 2086 sq.
645 2043 702 2084 10)
729 2041 792 2074 Mt.
821 2044 852 2084 8,
880 2045 933 2075 22.
985 2044 1044 2084 21)
1071 2046 1103 2076 2.
1131 2042 1209 2077 Cor.
1237 2046 1270 2086 5,
1299 2046 1342 2077 14
1368 2055 1420 2087 sq.

270 2199 290 2229 9
323 2198 363 2228 ut
397 2195 516 2229 editur
548 2193 584 2227 R
618 2193 748 2239 Cypr.;
780 2194 942 2227 mortuos
975 2192 1131 2237 sepelire
1157 2195 1322 2229 mortuos
1348 2205 1430 2230 suos
1457 2194 1514 2230 Av

175 2243 218 2284 (e.
246 2245 308 2285 15)
326 2243 337 2286 ΙΙ
357 2245 401 2276 20
426 2252 493 2286 pro
519 2239 688 2275 omnibus
713 2250 777 2274 om.
808 2240 916 2274 Parr.
942 2240 1123 2284 ,Λοῑιονεείί
