1548 2562
460 145 513 169 DE
533 144 720 170 CIVITATE
740 145 809 169 DEI
829 145 861 170 L.
881 145 962 170 XXI.
983 145 1011 171 c.
1033 147 1057 171 9.
1340 137 1424 177 509

92 238 129 272 et
161 245 238 272 non
271 245 342 282 eqo
374 235 500 271 uror?
548 233 726 271 Eundem
759 235 873 271 etiam
906 245 1074 272 vermem
1107 240 1245 284 putant
1276 235 1423 273 intelle-

92 291 261 342 gendum
300 303 396 330 esse.
458 291 553 329 Nam
592 292 780 342 scriptum
820 297 896 342 est,
934 293 1132 341 inquiunt:
1171 293 1287 331 Sicut
1317 296 1424 332 tinea

92 352 360 389 vestimentum
392 354 431 388 et
460 352 603 388 vermis
634 352 794 397 leynam,
826 352 884 388 εἰσ
915 361 1077 389 maeror
1108 354 1323 389 excruciat
1354 363 1425 390 cor

91 410 180 446 viri.
242 407 317 453 Qui
354 420 445 445 vero
483 420 627 458 poenas
670 413 709 446 et
740 409 856 446 animi
889 413 927 446 et
958 410 1134 459 corporis
1165 410 1205 447 in
1236 409 1300 447 illo
1334 422 1422 460 sup-

91 466 206 517 plicio
232 466 384 504 futuras
410 478 495 504 esse
522 478 599 504 non
631 465 820 512 dubitant,
852 467 939 515 igne
973 468 1035 504 uri
1067 479 1221 518 corpus,
1253 469 1425 506 animum

92 531 222 562 autem
271 524 356 562 rodi
407 523 572 574 quodam
620 523 736 563 modo
792 536 922 562 verme
973 527 1160 563 maeroris
1210 526 1425 564 adfirmant.

93 582 204 628 Quod
243 584 315 620 etsi
354 582 577 620 credibilius
616 582 774 634 dicitur,
814 584 902 632 quia
943 584 1077 633 utique
1112 582 1322 622 absurdum
1355 589 1425 631 est,

92 640 145 678 ibi
172 641 344 679 dolorem
371 646 434 678 aut
462 642 638 691 corporis
670 646 736 679 aut
768 642 884 678 animi
917 641 1160 680 defuturum:
1194 654 1264 692 ego
1297 648 1425 680 tamen

93 699 243 737 facilius
276 705 334 737 est
360 703 404 737 ut
428 698 475 736 ad
507 711 649 749 corpus
681 699 806 736 dicam
837 704 1048 749 utrumque
1080 701 1278 750 pertinere
1311 712 1425 751 quam

93 762 288 808 neutrum,
320 762 359 795 et
383 756 470 795 ideo
497 758 657 795 tacitum
689 759 728 795 in
760 757 833 795 illis
866 757 1014 795 divinae
1048 759 1264 809 scripturae
1296 758 1426 796 verbis

93 817 210 853 animi
259 815 456 866 dolorem,
513 817 694 865 quoniam
746 828 991 866 consequens
1042 828 1126 854 esse
1176 816 1426 868 intellegitur,

93 875 244 912 etiamsi
282 885 358 911 non
397 873 565 924 dicatur,
604 879 647 911 ut
679 886 842 924 corpore
875 875 929 912 sic
962 874 1116 912 dolente
1149 877 1300 913 animus
1333 887 1425 925 quo—

94 944 168 982 que
213 932 337 970 sterili
380 932 616 982 paenitentia
661 933 869 970 crucietur.
931 931 1091 982 Legitur
1129 935 1271 983 quippe
1311 939 1349 971 et
1386 934 1425 971 in

92 990 291 1029 veteribus
324 991 546 1040 scripturis:
595 991 779 1029 Vindicta
816 992 953 1028 carnis
994 993 1106 1039 impii
1137 994 1239 1038 issm's
1272 996 1309 1029 et
1341 1003 1425 1030 ver·

92 1051 175 1087 mis.
237 1048 370 1086 Potuit
406 1047 563 1086 brevius
603 1048 696 1086 dici:
737 1047 912 1086 Vindicta
949 1050 1067 1098 impii.
1131 1048 1208 1086 Cur
1248 1061 1340 1099 ergo
1373 1050 1426 1088 di-

94 1113 199 1146 ctum
238 1112 314 1145 est:
355 1108 493 1145 carnis
531 1108 656 1155 impii,
702 1107 776 1144 nisi
815 1107 903 1156 quia
942 1112 1172 1157 utrumque,
1216 1107 1253 1145 id
1293 1113 1352 1146 est
1390 1113 1428 1146 et

92 1167 193 1215 ignis
220 1170 259 1203 et
282 1165 437 1216 vermis,
467 1176 592 1215 poena
624 1166 698 1202 erit
730 1162 885 1202 carnis?
935 1165 1011 1202 Aut
1043 1166 1074 1202 si
1107 1165 1314 1203 vindictam
1346 1178 1426 1204 car-

93 1226 153 1262 nis
179 1228 386 1274 propterea
412 1222 542 1260 dicere
569 1222 701 1274 voluit,
734 1224 822 1272 quia
854 1222 927 1260 hoc
959 1224 999 1260 in
1031 1223 1186 1261 homine
1219 1224 1427 1263 vindicabi-

93 1288 178 1334 tur,
220 1281 323 1332 quod
362 1279 577 1319 secundum
625 1292 780 1318 carnem
819 1282 958 1319 vixerit
995 1277 1175 1332 (propter
1211 1281 1285 1320 hoc
1325 1284 1426 1320 enim

93 1342 222 1378 veniet
258 1341 298 1377 in
339 1344 505 1376 mortem
545 1338 771 1386 secundam,
811 1350 925 1389 quam
964 1340 1192 1389 significavit
1230 1341 1428 1390 apostolus

94 1400 244 1437 dicens:
284 1398 329 1436 Se·
359 1400 462 1435 enim
492 1399 712 1436 secundum
744 1408 907 1436 carnem
939 1400 1141 1444 vixeritis,
1173 1395 1429 1451 moriemini),

94 1457 210 1507 eligat
248 1457 412 1506 quisque
455 1455 557 1505 quod
594 1455 737 1507 placet,
776 1460 841 1493 aut
879 1457 1007 1506 ignem
1046 1455 1219 1494 tribuere
1261 1458 1428 1509 corpori,

94 1517 220 1553 animo
253 1526 442 1564 vermem,
480 1513 553 1551 hoc
584 1515 760 1564 proprie,
792 1513 887 1551 illud
920 1515 1087 1565 tropice,
1120 1520 1185 1552 aut
1216 1520 1427 1566 utrumque

93 1574 250 1624 proprie
283 1573 449 1622 corpori.
510 1571 588 1609 Iam
616 1573 718 1609 enim
751 1573 842 1609 satis
875 1573 1056 1622 superius
1089 1572 1281 1623 disputavi
1312 1586 1427 1624 posse

95 1631 270 1669 animalia
302 1631 417 1668 etiam
449 1630 489 1667 in
515 1629 670 1680 ignibus
702 1631 842 1681 vivere,
873 1631 913 1667 in
947 1632 1099 1668 ustione
1133 1632 1214 1668 sine
1249 1643 1426 1670 consum-

94 1691 239 1740 ptione,
270 1690 309 1726 in
336 1688 468 1726 dolore
496 1689 579 1726 sine
606 1693 743 1739 morte,
774 1699 844 1738 per
870 1688 1099 1726 miraculum
1132 1691 1425 1739 omnipotentis-

96 1749 182 1786 simi
222 1746 435 1797 Creatori53
479 1747 543 1784 cui
579 1745 652 1783 hoc
694 1745 877 1796 possibile
912 1758 995 1784 esse
1030 1748 1096 1797 qui
1128 1753 1259 1798 negat,
1299 1760 1318 1785 a
1351 1760 1426 1798 quo

96 1807 146 1844 sit
189 1804 377 1856 quidquid
418 1805 458 1842 in
499 1805 648 1842 naturis
693 1803 872 1841 omnihus
911 1806 1074 1842 miratur
1115 1806 1278 1855 ignorat.
1341 1805 1427 1857 Ipse

96 1869 155 1902 est
186 1864 289 1901 enim
314 1861 430 1914 Deus,
462 1863 529 1912 qui
560 1863 687 1900 omnia
718 1863 758 1900 in
790 1861 863 1900 hoc
895 1862 1040 1900 mundo
1073 1875 1208 1913 magna
1242 1869 1280 1902 et
1312 1876 1426 1914 parva

95 1921 291 1973 miracula,
317 1932 415 1971 quae
443 1921 840 1972 commemoravimus,
867 1926 905 1958 et
930 1921 1285 1971 incomparabiliter
1304 1922 1427 1974 plura,

95 1992 192 2030 quae
231 1991 308 2017 non
347 1980 750 2030 commemoravimus,
789 1979 881 2016 fecit
920 1978 1132 2029 eademque
1165 1981 1249 2030 ipso
1282 1980 1426 2019 mundo

192 2070 224 2110 1)
250 2071 280 2101 2.
305 2067 384 2101 Cor.
413 2071 468 2111 11,
493 2071 547 2102 29.
599 2069 633 2110 4)
660 2067 764 2102 Prov.
794 2072 847 2111 25,
874 2071 929 2103 20.
984 2071 1038 2108 15)
1065 2067 1175 2102 Eccli.
1204 2072 1234 2110 7,
1266 2072 1316 2102 19.
1368 2070 1426 2112 21)

95 2115 199 2149 Rom.
225 2117 258 2158 8,
286 2118 338 2149 13.

135 2301 152 2334 t
191 2257 209 2287 1
240 2264 313 2288 non
344 2264 411 2299 ego
438 2253 474 2287 R
500 2253 677 2295 Clarom.‚·
708 2264 780 2288 non
806 2264 870 2288 om.
897 2254 953 2295 A,·
985 2264 1052 2298 ego
1081 2265 1152 2288 non
1184 2255 1296 2298 v1129
1330 2254 1427 2288 enim

95 2311 133 2335 es
174 2310 194 2334 v

1454 766 1496 797 10

1457 1058 1497 1088 15

1455 1349 1498 1379 20

1453 1930 1497 1961 30
