1611 2465
93 402 112 432 5

70 695 111 725 10

71 986 112 1015 15

70 1277 112 1308 ΞΟ

71 1858 114 1888 30

138 63 224 103 484
675 70 703 97 S.
724 70 942 97 AUGUSTINI

139 172 247 199 suam
297 162 469 212 portanti
512 166 551 198 et
594 161 632 198 in
677 160 780 210 ligno
825 161 901 197 iam
945 159 1132 210 pendenti
1176 161 1311 210 utique
1356 160 1477 199 insul-

139 224 329 257 taverunt.
391 218 560 256 Proinde
599 219 963 268 interpretationem
995 229 1073 256 non
1106 223 1316 269 sequentes
1348 230 1477 271 unam,

139 278 205 316 sed
251 282 455 327 utramque
498 278 724 327 iungentes,
767 287 854 314 cnm
901 281 939 314 et
976 278 1267 315 insultaverunt
1309 281 1347 315 et
1385 288 1476 316 eon-

134 338 317 383 fixermit
357 335 543 387 legimus,
589 334 743 385 plenius
785 335 988 372 veritatem
1029 334 1244 373 dominicae
1285 336 1477 385 passionis

139 395 395 445 agnoscimus.

256 451 354 489 Cum
386 463 478 501 ergo
504 452 544 489 in
570 450 810 502 propheticis
842 450 983 489 litteris
1015 450 1061 488 ad
1094 452 1348 489 novissimum
1379 452 1476 490 iudi-

139 512 241 549 cium
274 509 495 548 faciendum
521 508 625 548 Deus
657 509 800 560 legitur
832 521 917 547 esse
949 514 1151 561 venturus,
1185 510 1258 548 etsi
1291 511 1374 548 eius
1407 510 1479 548 alia

139 568 337 607 distinctio
377 579 454 606 non
492 573 680 619 ponatur,
718 567 986 606 tantummodo
1025 572 1187 618 propter
1218 569 1347 618 ipsum
1379 568 1476 606 iudi-

139 628 242 665 cium
284 625 462 664 Christus
501 625 618 664 dehet
653 626 847 677 intellegi,
886 627 976 675 quia
1018 627 1091 663 etsi
1122 625 1238 663 Pater
1279 625 1477 678 iudicabit,

138 697 208 735 per
240 685 448 723 adventum
480 684 547 722 filii
579 684 747 722 hominis
779 683 976 722 iudicabit.
1037 683 1134 721 Nam
1165 685 1247 735 ipse
1281 696 1352 735 per
1384 696 1476 723 suae

137 744 379 794 praesentiae
418 743 771 781 manifestationem
813 754 889 781 non
930 743 1085 781 iudicat
1115 754 1369 791 quemquam,
1407 744 1481 782 sed

138 814 250 840 omne
288 803 482 840 iudicium
520 803 633 839 dedit
662 802 782 848 Filio,
822 802 889 851 qui
927 799 1239 839 manifestabitur
1271 801 1386 839 homo
1419 802 1475 839 iu-

139 860 350 912 dicaturus,
383 861 486 898 sicut
511 859 626 897 homo
654 864 714 897 est
745 859 948 897 iudicatus,
1013 858 1108 904 Quis
1141 864 1200 897 est
1232 860 1335 897 enim
1368 859 1477 911 alius,

138 918 185 956 de
219 930 295 968 quo
327 919 420 956 item
447 917 551 956 Deus
582 917 756 968 loquitur
787 929 858 968 per
884 916 1035 955 Esaiam
1069 916 1140 955 suh
1174 919 1330 956 nomine
1362 917 1476 956 Iacob

140 982 178 1015 ct
210 976 340 1028 Israel,
373 976 419 1014 de
448 977 560 1014 cuius
593 977 740 1014 semine
774 987 918 1026 corpus
951 973 1129 1026 accepit?
1161 975 1264 1025 quod
1297 977 1350 1014 ita
1382 977 1476 1014 scri-

138 1040 249 1085 ptum
277 1039 356 1073 est:
390 1035 513 1073 Iacob
535 1046 641 1084 puer
673 1046 791 1082 meus,
823 1036 1040 1082 suscipiam
1073 1036 1204 1079 mmm
1238 1035 1372 1073 Israel
1401 1037 1475 1073 ele-

139 1098 225 1131 ctus
263 1104 388 1141 meus,
428 1094 647 1141 adsumpsit
684 1103 771 1130 eum
810 1094 945 1130 (mima
985 1104 1082 1131 mea.
1146 1093 1252 1131 Dedi
1281 1093 1477 1141 Spiritum

138 1162 266 1190 meum
298 1153 338 1189 2772
365 1153 484 1198 illum,
518 1153 712 1189 iudicium
738 1151 924 1198 yenle'bzcs
951 1150 1145 1199 proferet.
1209 1152 1295 1189 Non
1327 1153 1475 1190 clama-

139 1211 196 1248 bit
224 1220 351 1257 neque
382 1210 553 1248 cessabit
584 1221 712 1256 neque
743 1210 933 1247 audietur
960 1208 1064 1256 foris
1096 1220 1173 1247 vox
1205 1211 1299 1247 eius.
1361 1209 1475 1248 Cala-

139 1279 242 1306 mum
279 1272 511 1315 quassatum
548 1278 626 1306 non
664 1271 843 1305 conteret
883 1271 920 1304 et
951 1268 1074 1305 linum
1102 1266 1264 1314 fumans
1297 1278 1375 1306 non
1407 1279 1475 1306 eac-

140 1329 314 1374 chaque&
351 1327 423 1364 secl
459 1328 500 1363 in
537 1327 706 1364 veritate
744 1323 930 1374 proferet
972 1327 1176 1363 iudicium.
1247 1325 1478 1374 Refulqebz't

139 1389 178 1423 et
207 1396 286 1423 mm
318 1383 616 1432 confrinyetur,
655 1385 782 1422 donee
814 1388 943 1432 ponat
973 1385 1014 1421 z'n
1047 1388 1160 1421 terra
1193 1385 1408 1430 iudicium;
1440 1389 1478 1422 et

139 1444 181 1481 in
212 1444 368 1481 nomine
399 1444 484 1480 eius
519 1446 658 1490 gentes
695 1442 925 1490 sperabunt.
987 1440 1031 1479 In
1063 1440 1241 1480 Hebraeo
1274 1453 1352 1480 non
1384 1441 1475 1492 legi·

139 1507 204 1539 tur
236 1501 359 1539 Iacob
398 1505 437 1538 et
469 1501 622 1545 LsrcceZ;
660 1500 727 1538 sed
769 1499 872 1550 quod
910 1498 963 1537 ihi
1001 1499 1144 1549 legitur
1180 1511 1319 1538 servus
1356 1511 1476 1548 meus,

140 1559 325 1597 nimirum
363 1560 608 1609 septuaginta
645 1559 881 1609 interpretes
920 1557 1094 1595 volentes
1134 1557 1342 1596 admonere
1385 1570 1475 1609 qua-

141 1622 254 1655 tenus
298 1616 336 1654 id
379 1616 648 1667 accipiendum
686 1617 752 1668 sit,
797 1617 886 1666 quia
924 1615 1073 1654 scilicet
1109 1622 1271 1667 propter
1312 1616 1477 1655 formam

141 1676 243 1713 servi
275 1674 423 1713 dictum
455 1680 531 1727 est,
568 1675 609 1713 in
641 1686 716 1725 qua
748 1686 788 1712 se
821 1674 1042 1712 Altissimus
1073 1673 1332 1712 humillimum
1365 1686 1475 1725 prae·

140 1733 236 1785 buit,
255 1734 379 1784 ipsius
399 1732 567 1771 hominis
589 1744 731 1770 nomen
752 1732 798 1769 ad
820 1744 908 1770 eum
930 1732 1227 1782 significandum
1246 1738 1477 1784 posuerunt,

141 1790 186 1829 de
219 1792 332 1829 cuius
363 1803 507 1841 genere
546 1791 680 1829 eadem
722 1791 823 1828 servi
855 1791 978 1828 forma
1010 1796 1192 1841 suscepta
1224 1796 1294 1829 est.
1356 1790 1477 1829 Datus

142 1854 200 1888 est
242 1851 283 1887 in
321 1861 410 1887 eum
453 1844 621 1899 Spiritus
661 1855 837 1900 sanctus,
882 1848 985 1898 quod
1024 1853 1062 1887 et
1103 1848 1302 1886 columbae
1345 1850 1475 1899 specie

142 1906 338 1958 evangelio
379 1912 479 1945 teste
520 1912 779 1945 monstratum
818 1911 895 1957 est3
936 1906 1123 1945 iudicium
1164 1905 1345 1956 gentibus
1386 1918 1475 1957 pro-

237 2035 292 2074 12)
320 2032 368 2066 10.
397 2034 429 2074 5,
456 2034 510 2065 22,
561 2031 620 2073 23)
645 2029 740 2063 Esai.
768 2033 822 2071 42,
854 2033 869 2062 1
898 2040 974 2072 sqq.
1027 2031 1084 2073 30)
1111 2030 1176 2065 Mt.
1204 2033 1235 2072 3,
1264 2034 1316 2065 16.

237 2186 278 2215 19
313 2192 429 2225 nequo
462 2180 635 2226 cessabit]
672 2191 789 2224 neque
822 2179 1012 2214 contendit
1041 2190 1064 2224 9
1093 2180 1247 2221 (lustin.
1284 2180 1417 2225 Tryph.
1451 2191 1476 2214 c.

140 2231 233 2270 1233
260 2228 385 2262 Sabat.
415 2229 470 2262 II
489 2239 526 2272 p.
554 2230 646 2270 584;
670 2228 730 2262 sed
756 2228 798 2269 cf.
824 2229 908 2268 455,
935 2230 974 2270 3)
