1548 2562
380 160 431 183 Du
452 158 639 184 οΙνΓΓΑΤΕ
659 159 727 184 DEI
746 160 779 184 L.
798 159 878 185 x'vl.
899 160 926 185 c.
948 160 989 184 11.
1269 150 1350 190 143

25 249 96 286 bus
129 250 212 286 eius
251 249 378 285 divisa
417 253 473 285 σει
510 254 633 286 (erra.
695 248 789 285 Nam
829 249 901 286 nisi
934 246 1058 285 adhuc
1091 247 1219 285 Heber
1251 249 1349 286 vive-

25 312 85 343 ret
124 305 275 355 qnando
314 305 531 355 linguarum
571 307 668 343 sarta
708 311 767 343 est
805 305 1028 356 multitudo,
1066 317 1143 343 non
1183 318 1227 343 ex
1267 307 1350 343 cius

25 365 179 401 nomine
222 375 361 401 nomen
404 365 598 413 acciperet
639 364 784 415 lingua,
825 358 921 414 quae
954 363 1053 414 apud
1086 363 1192 401 illum
1227 365 1351 413 potuit

24 434 265 472 permanere.
328 421 377 459 Et
415 421 500 459 ideo
539 422 730 459 credenda
770 427 829 459 est
869 424 949 472 ipsa
983 423 1101 460 fuisse
1134 423 1255 472 prima
1288 422 1349 459 illa

23 481 258 531 communis,
291 481 471 529 quoniam
505 479 550 517 de
584 492 705 530 poena
739 482 842 517 venit
874 480 935 517 illa
968 479 1234 530 multiplicatio
1268 492 1348 517 mu-

25 539 194 588 tatioque
232 537 450 588 linguarum
489 543 527 576 et
568 539 702 588 utique
742 544 896 588 praeter
940 537 1037 575 hanc
1069 550 1231 588 poenam
1264 550 1349 575 esse

23 596 156 634 debuit
193 595 360 646 populus
400 595 476 633 Dei.
538 595 617 633 Nec
657 596 799 634 frustra
832 596 959 646 lingua
993 596 1086 634 haec
1119 601 1195 648 est,
1236 608 1350 646 quam

24 656 150 692 tenuit
186 653 394 705 Abraham,
440 666 510 691 nec
554 655 593 691 in
637 665 771 692 omnes
816 666 907 691 suos
953 654 1049 691 tilios
1088 656 1349 692 transmittere

24 713 169 763 potuit,
210 712 276 750 sed
320 714 358 750 in
400 724 465 749 eos
504 717 669 763 tantum,
712 713 777 761 qui
817 714 1014 762 propagati
1053 724 1122 763 per
1160 712 1272 750 Iacob
1313 718 1351 750 et

24 771 213 819 insignius
251 775 365 820 atque
404 771 639 807 eminentius
678 771 714 807 in
756 770 823 808 Dei
862 770 1045 820 populum
1088 770 1350 809 coalescentes

26 828 91 866 Dei
126 834 353 866 testamenta
386 834 424 866 et
456 830 616 878 stirpem
650 828 793 866 Christi
826 828 966 865 habere
999 834 1222 879 potuerunt.
1272 828 1351 866 Nec

24 886 153 925 lleber
179 888 260 937 ipse
287 886 447 924 eandem
476 886 642 936 linguam
669 888 708 924 in
734 888 953 924 universam
986 888 1211 937 progeniem
1244 898 1352 924 suam

24 945 180 996 refudit,
211 944 277 983 sed
311 946 349 982 in
383 957 465 982 eam
499 950 659 995 tantum,
691 946 802 982 cuius
834 946 1104 994 generationes
1137 945 1351 994 perducan-

26 1008 89 1041 tur
131 1003 174 1040 ad
216 1002 416 1040 Abraham.
479 1003 725 1053 Quapropter
764 1004 913 1040 etiamsi
947 1016 1022 1040 non
1056 1003 1256 1040 evidenter
1288 1015 1349 1040 ex-

24 1074 202 1112 pressum
236 1067 294 1099 est
327 1062 444 1099 fuisse
478 1061 629 1110 aliquod
664 1063 769 1111 pium
801 1073 924 1111 genus
957 1061 1168 1111 hominum,
1200 1061 1353 1111 quando

25 1119 71 1157 ab
113 1120 239 1169 impiis
272 1118 476 1169 Babylonia
516 1118 775 1170 condebatur,
820 1132 894 1156 non
928 1119 972 1156 ad
1007 1119 1077 1156 hoc
1112 1119 1228 1157 valuit
1260 1119 1353 1157 llaec

26 1177 256 1229 obscuritas,
289 1183 330 1215 ut
362 1179 586 1227 quaerentis
621 1178 877 1228 fraudaretur,
910 1177 974 1214 sed
1009 1179 1138 1227 potius
1171 1183 1213 1215 ut
1245 1190 1352 1215 exer-

25 1241 181 1274 ceretur
212 1237 387 1274 intentio.
450 1236 546 1273 Cum
579 1237 680 1273 enim
714 1235 853 1285 legitur
887 1248 1001 1273 unam
1035 1236 1152 1273 fuisse
1185 1235 1353 1283 linguam

26 1295 205 1343 primitus
237 1295 409 1331 omnium
450 1298 489 1332 et
521 1299 608 1332 ante
642 1305 776 1331 omnes
809 1293 905 1331 lilios
939 1294 1028 1330 Sem
1062 1294 1354 1331 ‹annmendatnr

27 1351 167 1403 lleber,
199 1353 372 1401 quamvis
404 1364 450 1389 ex
484 1351 547 1389 illo
580 1353 738 1401 quintus
772 1353 936 1403 oriatur7
969 1357 1007 1389 et
1039 1351 1211 1389 Hebraea
1245 1364 1352 1389 voca-

28 1415 91 1448 tur
124 1409 270 1460 lingna,
309 1422 422 1459 quam
465 1410 771 1460 patriai-cliarum
804 1416 843 1447 et
874 1410 1151 1460 proplwtarum
1186 1422 1261 1447 non
1295 1422 1353 1447 so-

27 1468 104 1523 hun
148 1469 185 1505 in
225 1468 470 1505 sermonibus
510 1469 607 1519 suis,
653 1480 786 1505 verum
825 1470 939 1506 etiam
980 1470 1017 1505 in
1057 1468 1196 1505 litteris
1235 1470 1354 1505 saeris

27 1526 234 1564 custodivit
268 1528 496 1564 auctoritas:
529 1528 717 1578 profecto,
751 1538 839 1563 cum
876 1527 1075 1576 quaeritur
1102 1528 1138 1563 in
1167 1526 1353 1563 divisione

26 1584 265 1636 linguarum,
306 1584 371 1622 nbi
412 1584 540 1633 lingua
578 1584 638 1622 illa
680 1596 880 1621 remanere
920 1585 1109 1634 potuerit,
1153 1596 1248 1633 quae
1284 1585 1356 1622 snit

27 1648 114 1680 ante
147 1644 363 1680 communis
401 1638 518 1694 (quae
558 1644 640 1679 sine
682 1642 753 1679 ulla
787 1642 1026 1679 dubitatione
1061 1641 1125 1679 ubi
1160 1643 1355 1694 remansit,

28 1713 104 1738 non
137 1700 189 1738 ibi
223 1702 294 1738 l'uit
335 1700 394 1737 illa
428 1713 567 1751 poena,
609 1713 706 1749 quae
741 1701 837 1737 sacta
871 1706 929 1738 est
962 1701 1173 1737 mutatione
1208 1700 1351 1749 lingua-

28 1754 151 1811 rum),
190 1758 281 1808 quid
324 1758 424 1796 aliud
458 1760 647 1809 occurrit,
686 1759 759 1796 nisi
792 1758 893 1808 quod
927 1760 964 1795 in
999 1758 1114 1795 liuius
1148 1763 1262 1807 gente
1296 1770 1353 1795 re-

28 1818 232 1866 manserit,
265 1829 284 1853 a
317 1818 428 1854 euius
461 1818 614 1854 nomine
648 1828 786 1853 nomen
820 1818 979 1867 accepit,
1012 1821 1049 1853 et
1081 1816 1153 1853 hoc
1186 1817 1353 1854 iustitiae

28 1876 153 1924 gentis
180 1874 293 1912 liuius
321 1886 396 1911 non
423 1886 582 1924 parvum
615 1876 840 1924 apparuisse
873 1875 1088 1924 vestigium,
1120 1874 1235 1925 quod,
1267 1886 1355 1912 cum

28 1932 122 1970 aliae
160 1938 295 1982 gentes
333 1932 598 1982 plecterentur
638 1934 848 1970 mutatione
892 1932 1127 1982 linguarum,
1166 1932 1210 1969 ad
1244 1933 1354 1970 istam

29 2002 105 2028 non
137 1992 314 2041 pervenit
346 1990 419 2028 tale
452 1989 713 2041 supplicium?

147 2048 221 2087 Sed
249 2048 372 2086 adhuc
399 2048 489 2086 illud
519 2054 656 2100 movet,
688 2061 764 2098 quo
798 2049 909 2086 modo
943 2053 1154 2098 potuerunt
1187 2047 1356 2097 singulas

124 2139 158 2180 1)
186 2137 271 2171 Gen.
303 2141 355 2179 ιο,
383 2141 437 2172 25.

74 2311 80 2317 ι
126 2269 166 2299 13
192 2265 437 2345 υἳέεἱιιοὶιηϊιη·
473 2264 573 2307 V¹(?)
589 2264 643 2306 R‚·
668 2265 917 2309 perducuntur
942 2276 961 2298 v
981 2266 992 2307 ΙΙ
1012 2268 1055 2298 20
1081 2264 1126 2299 ab
1153 2264 1216 2299 illo
1242 2275 1262 2298 v
1281 2266 1293 2309 Η
1312 2269 1355 2298 22

29 2323 102 2345 suls
127 2321 191 2345 om.

1379 779 1421 810 10

1382 1069 1422 1099 15

1380 1360 1423 1391 20

1380 1650 1423 1680 25

1382 1941 1425 1971 30
