<?xml version="1.0" encoding="UTF-8"?>
<!DOCTYPE html PUBLIC "-//W3C//DTD XHTML 1.0 Transitional//EN"
    "http://www.w3.org/TR/xhtml1/DTD/xhtml1-transitional.dtd">
<html xmlns="http://www.w3.org/1999/xhtml" xml:lang="en" lang="en">
 <head>
  <title>
</title>
<meta http-equiv="Content-Type" content="text/html;charset=utf-8" />
  <meta name='ocr-system' content='tesseract 3.04.00' />
  <meta name='ocr-capabilities' content='ocr_page ocr_carea ocr_par ocr_line ocrx_word'/>
</head>
<body>
  <div class='ocr_page' id='page_1' title='image "./sanctiaureliiaug02auguuoft_0216.png"; bbox 0 0 1611 2465; ppageno 0'>
   <div class='ocr_carea' id='block_1_1' title="bbox 126 684 168 714">
    <p class='ocr_par' dir='ltr' id='par_1_1' title="bbox 126 684 168 714">
     <span class='ocr_line' id='line_1_1' title="bbox 126 684 168 714; baseline 0 0"><span class='ocrx_word' id='word_1_1' title='bbox 126 684 168 714; x_wconf 85' lang='lat'>10</span> 
     </span>
    </p>
   </div>
   <div class='ocr_carea' id='block_1_2' title="bbox 126 976 166 1007">
    <p class='ocr_par' dir='ltr' id='par_1_2' title="bbox 126 976 166 1007">
     <span class='ocr_line' id='line_1_2' title="bbox 126 976 166 1007; baseline 0.025 -1"><span class='ocrx_word' id='word_1_2' title='bbox 126 976 166 1007; x_wconf 85' lang='lat'>15</span> 
     </span>
    </p>
   </div>
   <div class='ocr_carea' id='block_1_3' title="bbox 122 1268 166 1299">
    <p class='ocr_par' dir='ltr' id='par_1_3' title="bbox 122 1268 166 1299">
     <span class='ocr_line' id='line_1_3' title="bbox 122 1268 166 1299; baseline 0 0"><span class='ocrx_word' id='word_1_3' title='bbox 122 1268 166 1299; x_wconf 83' lang='lat'>20</span> 
     </span>
    </p>
   </div>
   <div class='ocr_carea' id='block_1_4' title="bbox 122 1560 165 1591">
    <p class='ocr_par' dir='ltr' id='par_1_4' title="bbox 122 1560 165 1591">
     <span class='ocr_line' id='line_1_4' title="bbox 122 1560 165 1591; baseline 0 0"><span class='ocrx_word' id='word_1_4' title='bbox 122 1560 165 1591; x_wconf 83' lang='lat'>25</span> 
     </span>
    </p>
   </div>
   <div class='ocr_carea' id='block_1_5' title="bbox 123 1852 166 1883">
    <p class='ocr_par' dir='ltr' id='par_1_5' title="bbox 123 1852 166 1883">
     <span class='ocr_line' id='line_1_5' title="bbox 123 1852 166 1883; baseline 0.023 -1"><span class='ocrx_word' id='word_1_5' title='bbox 123 1852 166 1883; x_wconf 87' lang='lat'>30</span> 
     </span>
    </p>
   </div>
   <div class='ocr_carea' id='block_1_6' title="bbox 192 52 1004 92">
    <p class='ocr_par' dir='ltr' id='par_1_6' title="bbox 192 52 1004 92">
     <span class='ocr_line' id='line_1_6' title="bbox 192 52 1004 92; baseline -0.009 0"><span class='ocrx_word' id='word_1_6' title='bbox 192 52 277 92; x_wconf 73' lang='lat'>210</span> <span class='ocrx_word' id='word_1_7' title='bbox 741 60 766 86; x_wconf 81' lang='lat' dir='ltr'>s.</span> <span class='ocrx_word' id='word_1_8' title='bbox 786 59 1004 86; x_wconf 71' lang='lat' dir='ltr'><strong>AUGUSTINI</strong></span> 
     </span>
    </p>
   </div>
   <div class='ocr_carea' id='block_1_7' title="bbox 192 149 1534 2068">
    <p class='ocr_par' dir='ltr' id='par_1_7' title="bbox 192 149 1534 1603">
     <span class='ocr_line' id='line_1_7' title="bbox 194 149 1533 201; baseline -0.001 -12"><span class='ocrx_word' id='word_1_9' title='bbox 194 153 388 190; x_wconf 73' lang='lat' dir='ltr'>iudicium</span> <span class='ocrx_word' id='word_1_10' title='bbox 420 157 458 189; x_wconf 76' lang='lat' dir='ltr'>et</span> <span class='ocrx_word' id='word_1_11' title='bbox 484 152 687 201; x_wconf 65' lang='lat' dir='ltr'>justitiam,</span> <span class='ocrx_word' id='word_1_12' title='bbox 721 151 841 200; x_wconf 80' lang='lat' dir='ltr'>magis</span> <span class='ocrx_word' id='word_1_13' title='bbox 873 149 947 187; x_wconf 85' lang='lat' dir='ltr'>hoo</span> <span class='ocrx_word' id='word_1_14' title='bbox 978 155 1231 200; x_wconf 82' lang='lat' dir='ltr'>praeceptum</span> <span class='ocrx_word' id='word_1_15' title='bbox 1264 149 1309 187; x_wconf 83' lang='lat' dir='ltr'>ad</span> <span class='ocrx_word' id='word_1_16' title='bbox 1342 155 1533 200; x_wconf 85' lang='lat' dir='ltr'>utrosque</span> 
     </span>
     <span class='ocr_line' id='line_1_8' title="bbox 193 207 1533 260; baseline -0.001 -12"><span class='ocrx_word' id='word_1_17' title='bbox 193 209 370 248; x_wconf 86' lang='lat' dir='ltr'>homines</span> <span class='ocrx_word' id='word_1_18' title='bbox 409 210 642 260; x_wconf 68' lang='lat' dir='ltr'>pertineret,</span> <span class='ocrx_word' id='word_1_19' title='bbox 681 214 719 246; x_wconf 91' lang='lat' dir='ltr'>et</span> <span class='ocrx_word' id='word_1_20' title='bbox 758 207 1065 246; x_wconf 82' lang='lat' dir='ltr'>mediterraneos</span> <span class='ocrx_word' id='word_1_21' title='bbox 1097 214 1135 246; x_wconf 90' lang='lat' dir='ltr'>et</span> <span class='ocrx_word' id='word_1_22' title='bbox 1166 209 1393 246; x_wconf 81' lang='lat' dir='ltr'>maritimos.</span> <span class='ocrx_word' id='word_1_23' title='bbox 1456 208 1533 247; x_wconf 91' lang='lat' dir='ltr'>Sed</span> 
     </span>
     <span class='ocr_line' id='line_1_9' title="bbox 193 266 1534 318; baseline -0.001 -12"><span class='ocrx_word' id='word_1_24' title='bbox 193 280 241 306; x_wconf 90' lang='lat' dir='ltr'>ne</span> <span class='ocrx_word' id='word_1_25' title='bbox 269 270 473 318; x_wconf 80' lang='lat' dir='ltr'>quisquam</span> <span class='ocrx_word' id='word_1_26' title='bbox 500 272 656 317; x_wconf 75' lang='lat' dir='ltr'>putaret</span> <span class='ocrx_word' id='word_1_27' title='bbox 683 272 772 317; x_wconf 90' lang='lat' dir='ltr'>post</span> <span class='ocrx_word' id='word_1_28' title='bbox 804 266 920 304; x_wconf 81' lang='lat' dir='ltr'>finem</span> <span class='ocrx_word' id='word_1_29' title='bbox 952 268 1063 318; x_wconf 82' lang='lat' dir='ltr'>vitae,</span> <span class='ocrx_word' id='word_1_30' title='bbox 1097 278 1194 317; x_wconf 82' lang='lat' dir='ltr'>quae</span> <span class='ocrx_word' id='word_1_31' title='bbox 1227 268 1266 304; x_wconf 91' lang='lat' dir='ltr'>in</span> <span class='ocrx_word' id='word_1_32' title='bbox 1299 266 1372 305; x_wconf 84' lang='lat' dir='ltr'>hoc</span> <span class='ocrx_word' id='word_1_33' title='bbox 1405 268 1534 317; x_wconf 77' lang='lat' dir='ltr'>agitur</span> 
     </span>
     <span class='ocr_line' id='line_1_10' title="bbox 194 324 1532 377; baseline -0.001 -13"><span class='ocrx_word' id='word_1_34' title='bbox 194 339 376 377; x_wconf 85' lang='lat' dir='ltr'>corpore,</span> <span class='ocrx_word' id='word_1_35' title='bbox 410 336 617 376; x_wconf 76' lang='lat' dir='ltr'>superesse</span> <span class='ocrx_word' id='word_1_36' title='bbox 650 330 804 375; x_wconf 87' lang='lat' dir='ltr'>tempus</span> <span class='ocrx_word' id='word_1_37' title='bbox 836 325 1022 363; x_wconf 86' lang='lat' dir='ltr'>iudicium</span> <span class='ocrx_word' id='word_1_38' title='bbox 1055 327 1320 375; x_wconf 82' lang='lat' dir='ltr'>iustitiamque</span> <span class='ocrx_word' id='word_1_39' title='bbox 1353 324 1532 376; x_wconf 82' lang='lat' dir='ltr'>faciendi,</span> 
     </span>
     <span class='ocr_line' id='line_1_11' title="bbox 195 383 1532 436; baseline -0.001 -13"><span class='ocrx_word' id='word_1_40' title='bbox 195 397 309 436; x_wconf 77' lang='lat' dir='ltr'>quam</span> <span class='ocrx_word' id='word_1_41' title='bbox 337 384 429 422; x_wconf 88' lang='lat' dir='ltr'>dum</span> <span class='ocrx_word' id='word_1_42' title='bbox 457 389 559 421; x_wconf 80' lang='lat' dir='ltr'>esset</span> <span class='ocrx_word' id='word_1_43' title='bbox 591 385 631 422; x_wconf 90' lang='lat' dir='ltr'>in</span> <span class='ocrx_word' id='word_1_44' title='bbox 664 395 779 422; x_wconf 83' lang='lat' dir='ltr'>carne</span> <span class='ocrx_word' id='word_1_45' title='bbox 813 396 891 422; x_wconf 94' lang='lat' dir='ltr'>non</span> <span class='ocrx_word' id='word_1_46' title='bbox 924 384 1027 435; x_wconf 89' lang='lat' dir='ltr'>secit,</span> <span class='ocrx_word' id='word_1_47' title='bbox 1060 389 1099 422; x_wconf 90' lang='lat' dir='ltr'>et</span> <span class='ocrx_word' id='word_1_48' title='bbox 1130 385 1185 422; x_wconf 88' lang='lat' dir='ltr'>sio</span> <span class='ocrx_word' id='word_1_49' title='bbox 1218 384 1391 423; x_wconf 88' lang='lat' dir='ltr'>divinum</span> <span class='ocrx_word' id='word_1_50' title='bbox 1423 383 1532 422; x_wconf 86' lang='lat' dir='ltr'>evadi</span> 
     </span>
     <span class='ocr_line' id='line_1_12' title="bbox 194 439 1532 495; baseline 0.001 -15"><span class='ocrx_word' id='word_1_51' title='bbox 194 456 308 495; x_wconf 80' lang='lat' dir='ltr'>posse</span> <span class='ocrx_word' id='word_1_52' title='bbox 353 442 560 481; x_wconf 87' lang='lat' dir='ltr'>iudicium:</span> <span class='ocrx_word' id='word_1_53' title='bbox 611 444 651 481; x_wconf 75' lang='lat' dir='ltr'>in</span> <span class='ocrx_word' id='word_1_54' title='bbox 695 439 823 481; x_wconf 71' lang='lat' dir='ltr'>medio</span> <span class='ocrx_word' id='word_1_55' title='bbox 867 448 1004 481; x_wconf 79' lang='lat' dir='ltr'>terrae</span> <span class='ocrx_word' id='word_1_56' title='bbox 1047 442 1142 480; x_wconf 85' lang='lat' dir='ltr'>mihi</span> <span class='ocrx_word' id='word_1_57' title='bbox 1186 442 1340 481; x_wconf 88' lang='lat' dir='ltr'>videtur</span> <span class='ocrx_word' id='word_1_58' title='bbox 1384 441 1532 481; x_wconf 85' lang='lat' dir='ltr'>dictum</span> 
     </span>
     <span class='ocr_line' id='line_1_13' title="bbox 192 497 1531 554; baseline -0.001 -14"><span class='ocrx_word' id='word_1_59' title='bbox 192 514 307 554; x_wconf 78' lang='lat' dir='ltr'>„cum</span> <span class='ocrx_word' id='word_1_60' title='bbox 334 503 499 552; x_wconf 82' lang='lat' dir='ltr'>quisque</span> <span class='ocrx_word' id='word_1_61' title='bbox 526 502 619 539; x_wconf 88' lang='lat' dir='ltr'>vivit</span> <span class='ocrx_word' id='word_1_62' title='bbox 643 502 683 539; x_wconf 90' lang='lat' dir='ltr'>in</span> <span class='ocrx_word' id='word_1_63' title='bbox 710 497 911 552; x_wconf 81' lang='lat' dir='ltr'>corpore“.</span> <span class='ocrx_word' id='word_1_64' title='bbox 959 500 1002 538; x_wconf 91' lang='lat' dir='ltr'>ln</span> <span class='ocrx_word' id='word_1_65' title='bbox 1034 500 1105 539; x_wconf 83' lang='lat' dir='ltr'>hac</span> <span class='ocrx_word' id='word_1_66' title='bbox 1138 502 1281 551; x_wconf 89' lang='lat' dir='ltr'>quippe</span> <span class='ocrx_word' id='word_1_67' title='bbox 1313 502 1390 539; x_wconf 87' lang='lat' dir='ltr'>vita</span> <span class='ocrx_word' id='word_1_68' title='bbox 1423 512 1531 540; x_wconf 83' lang='lat' dir='ltr'>suam</span> 
     </span>
     <span class='ocr_line' id='line_1_14' title="bbox 193 559 1533 610; baseline -0.001 -11"><span class='ocrx_word' id='word_1_69' title='bbox 193 566 339 599; x_wconf 81' lang='lat' dir='ltr'>terram</span> <span class='ocrx_word' id='word_1_70' title='bbox 371 561 536 610; x_wconf 87' lang='lat' dir='ltr'>quisque</span> <span class='ocrx_word' id='word_1_71' title='bbox 564 560 802 610; x_wconf 77' lang='lat' dir='ltr'><strong>circumfert,</strong></span> <span class='ocrx_word' id='word_1_72' title='bbox 834 571 950 610; x_wconf 81' lang='lat' dir='ltr'>quam</span> <span class='ocrx_word' id='word_1_73' title='bbox 981 561 1172 597; x_wconf 88' lang='lat' dir='ltr'>moriente</span> <span class='ocrx_word' id='word_1_74' title='bbox 1205 559 1360 598; x_wconf 87' lang='lat' dir='ltr'>homine</span> <span class='ocrx_word' id='word_1_75' title='bbox 1393 561 1533 610; x_wconf 83' lang='lat' dir='ltr'>recipit</span> 
     </span>
     <span class='ocr_line' id='line_1_15' title="bbox 194 617 1531 669; baseline 0 -13"><span class='ocrx_word' id='word_1_76' title='bbox 194 625 298 657; x_wconf 80' lang='lat' dir='ltr'>terra</span> <span class='ocrx_word' id='word_1_77' title='bbox 331 619 560 669; x_wconf 83' lang='lat' dir='ltr'>communis,</span> <span class='ocrx_word' id='word_1_78' title='bbox 592 619 982 668; x_wconf 83' lang='lat' dir='ltr'>resurgenti.utique</span> <span class='ocrx_word' id='word_1_79' title='bbox 1015 617 1227 656; x_wconf 82' lang='lat' dir='ltr'>redditura.</span> <span class='ocrx_word' id='word_1_80' title='bbox 1289 617 1458 656; x_wconf 85' lang='lat' dir='ltr'>Proinde</span> <span class='ocrx_word' id='word_1_81' title='bbox 1492 620 1531 656; x_wconf 73' lang='lat' dir='ltr'>in</span> 
     </span>
     <span class='ocr_line' id='line_1_16' title="bbox 196 676 1530 728; baseline -0.001 -13"><span class='ocrx_word' id='word_1_82' title='bbox 196 679 324 716; x_wconf 77' lang='lat' dir='ltr'>medio</span> <span class='ocrx_word' id='word_1_83' title='bbox 351 682 498 724; x_wconf 76' lang='lat' dir='ltr'>terrae,</span> <span class='ocrx_word' id='word_1_84' title='bbox 531 677 568 714; x_wconf 93' lang='lat' dir='ltr'>id</span> <span class='ocrx_word' id='word_1_85' title='bbox 597 682 666 728; x_wconf 87' lang='lat' dir='ltr'>est,</span> <span class='ocrx_word' id='word_1_86' title='bbox 699 688 788 714; x_wconf 85' lang='lat' dir='ltr'>cum</span> <span class='ocrx_word' id='word_1_87' title='bbox 815 678 940 714; x_wconf 81' lang='lat' dir='ltr'>anima</span> <span class='ocrx_word' id='word_1_88' title='bbox 967 682 1099 714; x_wconf 83' lang='lat' dir='ltr'>nostra</span> <span class='ocrx_word' id='word_1_89' title='bbox 1131 677 1206 714; x_wconf 89' lang='lat' dir='ltr'>isto</span> <span class='ocrx_word' id='word_1_90' title='bbox 1238 681 1396 714; x_wconf 87' lang='lat' dir='ltr'>terreno</span> <span class='ocrx_word' id='word_1_91' title='bbox 1429 676 1530 715; x_wconf 85' lang='lat' dir='ltr'>clau-</span> 
     </span>
     <span class='ocr_line' id='line_1_17' title="bbox 195 734 1529 787; baseline 0 -14"><span class='ocrx_word' id='word_1_92' title='bbox 195 736 300 774; x_wconf 80' lang='lat' dir='ltr'>ditur</span> <span class='ocrx_word' id='word_1_93' title='bbox 327 747 504 786; x_wconf 84' lang='lat' dir='ltr'>corpore,</span> <span class='ocrx_word' id='word_1_94' title='bbox 537 734 757 773; x_wconf 82' lang='lat' dir='ltr'>faciendum</span> <span class='ocrx_word' id='word_1_95' title='bbox 784 740 843 773; x_wconf 87' lang='lat' dir='ltr'>est</span> <span class='ocrx_word' id='word_1_96' title='bbox 868 734 1054 773; x_wconf 84' lang='lat' dir='ltr'>iudicium</span> <span class='ocrx_word' id='word_1_97' title='bbox 1088 739 1204 785; x_wconf 80' lang='lat' dir='ltr'>atque</span> <span class='ocrx_word' id='word_1_98' title='bbox 1236 736 1395 787; x_wconf 84' lang='lat' dir='ltr'>iustitia,</span> <span class='ocrx_word' id='word_1_99' title='bbox 1427 734 1529 786; x_wconf 87' lang='lat' dir='ltr'>quod</span> 
     </span>
     <span class='ocr_line' id='line_1_18' title="bbox 193 793 1531 845; baseline 0 -13"><span class='ocrx_word' id='word_1_100' title='bbox 193 793 306 832; x_wconf 88' lang='lat' dir='ltr'>nobis</span> <span class='ocrx_word' id='word_1_101' title='bbox 337 795 461 845; x_wconf 80' lang='lat' dir='ltr'>prosit</span> <span class='ocrx_word' id='word_1_102' title='bbox 501 795 541 831; x_wconf 91' lang='lat' dir='ltr'>in</span> <span class='ocrx_word' id='word_1_103' title='bbox 572 798 794 845; x_wconf 86' lang='lat' dir='ltr'>posterum,</span> <span class='ocrx_word' id='word_1_104' title='bbox 833 793 986 843; x_wconf 79' lang='lat' dir='ltr'>quando</span> <span class='ocrx_word' id='word_1_105' title='bbox 1019 795 1165 842; x_wconf 75' lang='lat' dir='ltr'>recipit</span> <span class='ocrx_word' id='word_1_106' title='bbox 1195 795 1360 842; x_wconf 74' lang='lat' dir='ltr'>quisque</span> <span class='ocrx_word' id='word_1_107' title='bbox 1390 805 1531 832; x_wconf 79' lang='lat' dir='ltr'>secun-</span> 
     </span>
     <span class='ocr_line' id='line_1_19' title="bbox 194 850 1531 901; baseline -0.001 -10"><span class='ocrx_word' id='word_1_108' title='bbox 194 855 286 891; x_wconf 77' lang='lat' dir='ltr'>dum</span> <span class='ocrx_word' id='word_1_109' title='bbox 313 865 372 900; x_wconf 78' lang='lat' dir='ltr'>ea,</span> <span class='ocrx_word' id='word_1_110' title='bbox 404 864 508 900; x_wconf 77' lang='lat' dir='ltr'>quae</span> <span class='ocrx_word' id='word_1_111' title='bbox 534 864 610 901; x_wconf 82' lang='lat' dir='ltr'>per</span> <span class='ocrx_word' id='word_1_112' title='bbox 646 850 792 901; x_wconf 69' lang='lat' dir='ltr'>cerpus</span> <span class='ocrx_word' id='word_1_113' title='bbox 815 854 948 900; x_wconf 68' lang='lat' dir='ltr'>(jessit,</span> <span class='ocrx_word' id='word_1_114' title='bbox 979 854 1061 891; x_wconf 74' lang='lat' dir='ltr'>slve</span> <span class='ocrx_word' id='word_1_115' title='bbox 1087 853 1230 890; x_wconf 78' lang='lat' dir='ltr'>bonum</span> <span class='ocrx_word' id='word_1_116' title='bbox 1261 855 1343 891; x_wconf 72' lang='lat' dir='ltr'>sive</span> <span class='ocrx_word' id='word_1_117' title='bbox 1374 854 1531 890; x_wconf 78' lang='lat' dir='ltr'>malum.</span> 
     </span>
     <span class='ocr_line' id='line_1_20' title="bbox 194 910 1531 962; baseline -0.001 -12"><span class='ocrx_word' id='word_1_118' title='bbox 194 912 275 950; x_wconf 81' lang='lat' dir='ltr'>Per</span> <span class='ocrx_word' id='word_1_119' title='bbox 313 922 459 960; x_wconf 78' lang='lat' dir='ltr'>corpus</span> <span class='ocrx_word' id='word_1_120' title='bbox 497 912 641 961; x_wconf 88' lang='lat' dir='ltr'>quippe</span> <span class='ocrx_word' id='word_1_121' title='bbox 679 910 732 948; x_wconf 82' lang='lat' dir='ltr'>ihi</span> <span class='ocrx_word' id='word_1_122' title='bbox 770 910 865 948; x_wconf 80' lang='lat' dir='ltr'>dixit</span> <span class='ocrx_word' id='word_1_123' title='bbox 903 910 1101 961; x_wconf 79' lang='lat' dir='ltr'>apostolus</span> <span class='ocrx_word' id='word_1_124' title='bbox 1139 923 1210 961; x_wconf 89' lang='lat' dir='ltr'>per</span> <span class='ocrx_word' id='word_1_125' title='bbox 1244 916 1414 962; x_wconf 87' lang='lat' dir='ltr'>tempus,</span> <span class='ocrx_word' id='word_1_126' title='bbox 1455 923 1531 961; x_wconf 86' lang='lat' dir='ltr'>quo</span> 
     </span>
     <span class='ocr_line' id='line_1_21' title="bbox 192 968 1530 1019; baseline -0.001 -11"><span class='ocrx_word' id='word_1_127' title='bbox 192 970 286 1008; x_wconf 86' lang='lat' dir='ltr'>vixit</span> <span class='ocrx_word' id='word_1_128' title='bbox 317 970 355 1007; x_wconf 85' lang='lat' dir='ltr'>in</span> <span class='ocrx_word' id='word_1_129' title='bbox 390 981 566 1019; x_wconf 86' lang='lat' dir='ltr'>corpore.</span> <span class='ocrx_word' id='word_1_130' title='bbox 628 968 763 1019; x_wconf 86' lang='lat' dir='ltr'>Neque</span> <span class='ocrx_word' id='word_1_131' title='bbox 797 970 900 1006; x_wconf 87' lang='lat' dir='ltr'>enim</span> <span class='ocrx_word' id='word_1_132' title='bbox 933 970 965 1007; x_wconf 91' lang='lat' dir='ltr'>si</span> <span class='ocrx_word' id='word_1_133' title='bbox 998 970 1084 1019; x_wconf 88' lang='lat' dir='ltr'>quis</span> <span class='ocrx_word' id='word_1_134' title='bbox 1117 968 1281 1019; x_wconf 78' lang='lat' dir='ltr'>maligna</span> <span class='ocrx_word' id='word_1_135' title='bbox 1314 974 1444 1008; x_wconf 88' lang='lat' dir='ltr'>mente</span> <span class='ocrx_word' id='word_1_136' title='bbox 1478 975 1530 1007; x_wconf 81' lang='lat' dir='ltr'>at-</span> 
     </span>
     <span class='ocr_line' id='line_1_22' title="bbox 194 1027 1532 1078; baseline -0.001 -12"><span class='ocrx_word' id='word_1_137' title='bbox 194 1040 268 1078; x_wconf 90' lang='lat' dir='ltr'>que</span> <span class='ocrx_word' id='word_1_138' title='bbox 300 1029 418 1078; x_wconf 84' lang='lat' dir='ltr'>impia</span> <span class='ocrx_word' id='word_1_139' title='bbox 451 1028 682 1078; x_wconf 78' lang='lat' dir='ltr'>cogitatione</span> <span class='ocrx_word' id='word_1_140' title='bbox 722 1027 964 1077; x_wconf 80' lang='lat' dir='ltr'>blasphemet</span> <span class='ocrx_word' id='word_1_141' title='bbox 995 1039 1121 1078; x_wconf 85' lang='lat' dir='ltr'>neque</span> <span class='ocrx_word' id='word_1_142' title='bbox 1154 1027 1192 1065; x_wconf 91' lang='lat' dir='ltr'>id</span> <span class='ocrx_word' id='word_1_143' title='bbox 1226 1027 1313 1066; x_wconf 87' lang='lat' dir='ltr'>ullis</span> <span class='ocrx_word' id='word_1_144' title='bbox 1345 1027 1532 1066; x_wconf 86' lang='lat' dir='ltr'>membris</span> 
     </span>
     <span class='ocr_line' id='line_1_23' title="bbox 193 1085 1530 1138; baseline 0.001 -15"><span class='ocrx_word' id='word_1_145' title='bbox 193 1087 370 1137; x_wconf 87' lang='lat' dir='ltr'>corporis</span> <span class='ocrx_word' id='word_1_146' title='bbox 402 1092 605 1137; x_wconf 80' lang='lat' dir='ltr'>operetur,</span> <span class='ocrx_word' id='word_1_147' title='bbox 643 1085 729 1124; x_wconf 89' lang='lat' dir='ltr'>ideo</span> <span class='ocrx_word' id='word_1_148' title='bbox 762 1097 839 1123; x_wconf 89' lang='lat' dir='ltr'>non</span> <span class='ocrx_word' id='word_1_149' title='bbox 873 1087 947 1124; x_wconf 91' lang='lat' dir='ltr'>erit</span> <span class='ocrx_word' id='word_1_150' title='bbox 978 1098 1088 1138; x_wconf 84' lang='lat' dir='ltr'>reus,</span> <span class='ocrx_word' id='word_1_151' title='bbox 1122 1087 1210 1136; x_wconf 83' lang='lat' dir='ltr'>quia</span> <span class='ocrx_word' id='word_1_152' title='bbox 1242 1086 1280 1124; x_wconf 89' lang='lat' dir='ltr'>id</span> <span class='ocrx_word' id='word_1_153' title='bbox 1313 1098 1391 1124; x_wconf 92' lang='lat' dir='ltr'>non</span> <span class='ocrx_word' id='word_1_154' title='bbox 1423 1092 1530 1124; x_wconf 87' lang='lat' dir='ltr'>motu</span> 
     </span>
     <span class='ocr_line' id='line_1_24' title="bbox 193 1143 1531 1196; baseline 0 -14"><span class='ocrx_word' id='word_1_155' title='bbox 193 1146 369 1195; x_wconf 90' lang='lat' dir='ltr'>corporis</span> <span class='ocrx_word' id='word_1_156' title='bbox 408 1145 545 1195; x_wconf 83' lang='lat' dir='ltr'>gessit,</span> <span class='ocrx_word' id='word_1_157' title='bbox 586 1156 675 1182; x_wconf 86' lang='lat' dir='ltr'>cum</span> <span class='ocrx_word' id='word_1_158' title='bbox 713 1144 786 1182; x_wconf 84' lang='lat' dir='ltr'>hoc</span> <span class='ocrx_word' id='word_1_159' title='bbox 818 1156 888 1194; x_wconf 91' lang='lat' dir='ltr'>per</span> <span class='ocrx_word' id='word_1_160' title='bbox 920 1143 1013 1182; x_wconf 88' lang='lat' dir='ltr'>illud</span> <span class='ocrx_word' id='word_1_161' title='bbox 1046 1150 1200 1194; x_wconf 88' lang='lat' dir='ltr'>tempus</span> <span class='ocrx_word' id='word_1_162' title='bbox 1233 1145 1415 1196; x_wconf 82' lang='lat' dir='ltr'>gesserit,</span> <span class='ocrx_word' id='word_1_163' title='bbox 1454 1157 1531 1195; x_wconf 88' lang='lat' dir='ltr'>quo</span> 
     </span>
     <span class='ocr_line' id='line_1_25' title="bbox 193 1202 1533 1254; baseline 0 -13"><span class='ocrx_word' id='word_1_164' title='bbox 193 1205 313 1253; x_wconf 82' lang='lat' dir='ltr'>gessit</span> <span class='ocrx_word' id='word_1_165' title='bbox 345 1208 383 1240; x_wconf 91' lang='lat' dir='ltr'>et</span> <span class='ocrx_word' id='word_1_166' title='bbox 416 1214 569 1253; x_wconf 85' lang='lat' dir='ltr'>eorpus.</span> <span class='ocrx_word' id='word_1_167' title='bbox 632 1202 710 1240; x_wconf 82' lang='lat' dir='ltr'>Isto</span> <span class='ocrx_word' id='word_1_168' title='bbox 749 1202 863 1240; x_wconf 88' lang='lat' dir='ltr'>modo</span> <span class='ocrx_word' id='word_1_169' title='bbox 902 1208 1166 1252; x_wconf 83' lang='lat' dir='ltr'>congruenter</span> <span class='ocrx_word' id='word_1_170' title='bbox 1198 1202 1370 1253; x_wconf 87' lang='lat' dir='ltr'>intellegi</span> <span class='ocrx_word' id='word_1_171' title='bbox 1401 1208 1533 1254; x_wconf 80' lang='lat' dir='ltr'>potest</span> 
     </span>
     <span class='ocr_line' id='line_1_26' title="bbox 194 1260 1532 1312; baseline 0.001 -13"><span class='ocrx_word' id='word_1_172' title='bbox 194 1263 309 1299; x_wconf 77' lang='lat' dir='ltr'>etiam</span> <span class='ocrx_word' id='word_1_173' title='bbox 352 1260 465 1312; x_wconf 84' lang='lat' dir='ltr'>illud,</span> <span class='ocrx_word' id='word_1_174' title='bbox 510 1261 611 1311; x_wconf 87' lang='lat' dir='ltr'>quod</span> <span class='ocrx_word' id='word_1_175' title='bbox 657 1262 696 1298; x_wconf 89' lang='lat' dir='ltr'>in</span> <span class='ocrx_word' id='word_1_176' title='bbox 740 1260 887 1312; x_wconf 80' lang='lat' dir='ltr'>psalmo</span> <span class='ocrx_word' id='word_1_177' title='bbox 925 1260 1091 1312; x_wconf 55' lang='lat' dir='ltr'>legiturt</span> <span class='ocrx_word' id='word_1_178' title='bbox 1135 1261 1243 1300; x_wconf 79' lang='lat' dir='ltr'>Deus</span> <span class='ocrx_word' id='word_1_179' title='bbox 1286 1266 1418 1300; x_wconf 80' lang='lat' dir='ltr'>autem</span> <span class='ocrx_word' id='word_1_180' title='bbox 1455 1273 1532 1300; x_wconf 76' lang='lat' dir='ltr'>rex</span> 
     </span>
     <span class='ocr_line' id='line_1_27' title="bbox 192 1321 1530 1368; baseline 0.001 -11"><span class='ocrx_word' id='word_1_181' title='bbox 192 1325 327 1358; x_wconf 76' lang='lat' dir='ltr'>noster</span> <span class='ocrx_word' id='word_1_182' title='bbox 365 1324 458 1357; x_wconf 77' lang='lat' dir='ltr'>ante</span> <span class='ocrx_word' id='word_1_183' title='bbox 494 1321 659 1358; x_wconf 74' lang='lat' dir='ltr'>saecula</span> <span class='ocrx_word' id='word_1_184' title='bbox 698 1324 886 1368; x_wconf 73' lang='lat' dir='ltr'>operatus</span> <span class='ocrx_word' id='word_1_185' title='bbox 925 1324 982 1358; x_wconf 81' lang='lat' dir='ltr'>est</span> <span class='ocrx_word' id='word_1_186' title='bbox 1020 1322 1188 1358; x_wconf 75' lang='lat' dir='ltr'>salutem</span> <span class='ocrx_word' id='word_1_187' title='bbox 1220 1322 1260 1358; x_wconf 78' lang='grc' dir='ltr'>ῖη</span> <span class='ocrx_word' id='word_1_188' title='bbox 1291 1321 1420 1359; x_wconf 75' lang='lat' dir='ltr'>medio</span> <span class='ocrx_word' id='word_1_189' title='bbox 1452 1324 1530 1359; x_wconf 84' lang='lat' dir='ltr'>ter—</span> 
     </span>
     <span class='ocr_line' id='line_1_28' title="bbox 192 1376 1532 1430; baseline 0 -14"><span class='ocrx_word' id='word_1_190' title='bbox 192 1389 289 1423; x_wconf 84' lang='lat' dir='ltr'>rae;</span> <span class='ocrx_word' id='word_1_191' title='bbox 330 1383 373 1416; x_wconf 88' lang='lat' dir='ltr'>ut</span> <span class='ocrx_word' id='word_1_192' title='bbox 405 1377 592 1415; x_wconf 85' lang='lat' dir='ltr'>Dominus</span> <span class='ocrx_word' id='word_1_193' title='bbox 634 1376 743 1416; x_wconf 88' lang='lat' dir='ltr'>Iesus</span> <span class='ocrx_word' id='word_1_194' title='bbox 781 1379 993 1428; x_wconf 78' lang='lat' dir='ltr'>accipiatur</span> <span class='ocrx_word' id='word_1_195' title='bbox 1031 1377 1134 1416; x_wconf 87' lang='lat' dir='ltr'>Deus</span> <span class='ocrx_word' id='word_1_196' title='bbox 1174 1383 1324 1430; x_wconf 83' lang='lat' dir='ltr'>noster,</span> <span class='ocrx_word' id='word_1_197' title='bbox 1362 1379 1430 1429; x_wconf 89' lang='lat' dir='ltr'>qui</span> <span class='ocrx_word' id='word_1_198' title='bbox 1472 1384 1532 1417; x_wconf 87' lang='lat' dir='ltr'>est</span> 
     </span>
     <span class='ocr_line' id='line_1_29' title="bbox 193 1435 1531 1488; baseline 0 -13"><span class='ocrx_word' id='word_1_199' title='bbox 193 1441 281 1475; x_wconf 83' lang='lat' dir='ltr'>ante</span> <span class='ocrx_word' id='word_1_200' title='bbox 314 1435 479 1485; x_wconf 79' lang='lat' dir='ltr'>saecula,</span> <span class='ocrx_word' id='word_1_201' title='bbox 512 1437 600 1486; x_wconf 79' lang='lat' dir='ltr'>quia</span> <span class='ocrx_word' id='word_1_202' title='bbox 632 1448 703 1486; x_wconf 87' lang='lat' dir='ltr'>per</span> <span class='ocrx_word' id='word_1_203' title='bbox 735 1438 863 1486; x_wconf 87' lang='lat' dir='ltr'>ipsum</span> <span class='ocrx_word' id='word_1_204' title='bbox 896 1436 995 1474; x_wconf 82' lang='lat' dir='ltr'>facta</span> <span class='ocrx_word' id='word_1_205' title='bbox 1027 1442 1118 1475; x_wconf 88' lang='lat' dir='ltr'>sunt</span> <span class='ocrx_word' id='word_1_206' title='bbox 1150 1436 1315 1488; x_wconf 82' lang='lat' dir='ltr'>saecula,</span> <span class='ocrx_word' id='word_1_207' title='bbox 1347 1442 1531 1488; x_wconf 88' lang='lat' dir='ltr'>operatus</span> 
     </span>
     <span class='ocr_line' id='line_1_30' title="bbox 193 1494 1529 1546; baseline 0.001 -14"><span class='ocrx_word' id='word_1_208' title='bbox 193 1494 357 1533; x_wconf 80' lang='lat' dir='ltr'>salutem</span> <span class='ocrx_word' id='word_1_209' title='bbox 385 1499 559 1532; x_wconf 82' lang='lat' dir='ltr'>nostram</span> <span class='ocrx_word' id='word_1_210' title='bbox 579 1495 617 1532; x_wconf 92' lang='lat' dir='ltr'>in</span> <span class='ocrx_word' id='word_1_211' title='bbox 638 1494 765 1532; x_wconf 87' lang='lat' dir='ltr'>medio</span> <span class='ocrx_word' id='word_1_212' title='bbox 793 1500 932 1546; x_wconf 81' lang='lat' dir='ltr'>terrae,</span> <span class='ocrx_word' id='word_1_213' title='bbox 958 1506 1047 1533; x_wconf 85' lang='lat' dir='ltr'>cum</span> <span class='ocrx_word' id='word_1_214' title='bbox 1073 1494 1242 1533; x_wconf 87' lang='lat' dir='ltr'>Verbum</span> <span class='ocrx_word' id='word_1_215' title='bbox 1270 1506 1359 1533; x_wconf 84' lang='lat' dir='ltr'>caro</span> <span class='ocrx_word' id='word_1_216' title='bbox 1386 1495 1529 1534; x_wconf 83' lang='lat' dir='ltr'>factum</span> 
     </span>
     <span class='ocr_line' id='line_1_31' title="bbox 193 1552 1008 1603; baseline -0.001 -12"><span class='ocrx_word' id='word_1_217' title='bbox 193 1558 253 1591; x_wconf 87' lang='lat' dir='ltr'>est</span> <span class='ocrx_word' id='word_1_218' title='bbox 284 1558 323 1592; x_wconf 87' lang='lat' dir='ltr'>et</span> <span class='ocrx_word' id='word_1_219' title='bbox 354 1558 513 1591; x_wconf 88' lang='lat' dir='ltr'>terreno</span> <span class='ocrx_word' id='word_1_220' title='bbox 545 1552 730 1591; x_wconf 81' lang='lat' dir='ltr'>habitavit</span> <span class='ocrx_word' id='word_1_221' title='bbox 759 1554 800 1591; x_wconf 89' lang='lat' dir='ltr'>in</span> <span class='ocrx_word' id='word_1_222' title='bbox 832 1565 1008 1603; x_wconf 87' lang='lat' dir='ltr'>corpore.</span> 
     </span>
    </p>

    <p class='ocr_par' dir='ltr' id='par_1_8' title="bbox 192 1610 1532 2068">
     <span class='ocr_line' id='line_1_32' title="bbox 310 1610 1530 1662; baseline 0.002 -13"><span class='ocrx_word' id='word_1_223' title='bbox 310 1610 456 1649; x_wconf 90' lang='lat' dir='ltr'>Deinde</span> <span class='ocrx_word' id='word_1_224' title='bbox 494 1616 629 1661; x_wconf 84' lang='lat' dir='ltr'>postea</span> <span class='ocrx_word' id='word_1_225' title='bbox 668 1622 782 1662; x_wconf 79' lang='lat' dir='ltr'>quam</span> <span class='ocrx_word' id='word_1_226' title='bbox 820 1611 1095 1662; x_wconf 79' lang='lat' dir='ltr'>prophetatum</span> <span class='ocrx_word' id='word_1_227' title='bbox 1134 1617 1193 1650; x_wconf 88' lang='lat' dir='ltr'>est</span> <span class='ocrx_word' id='word_1_228' title='bbox 1231 1613 1269 1650; x_wconf 92' lang='lat' dir='ltr'>in</span> <span class='ocrx_word' id='word_1_229' title='bbox 1308 1611 1368 1650; x_wconf 89' lang='lat' dir='ltr'>his</span> <span class='ocrx_word' id='word_1_230' title='bbox 1401 1611 1530 1651; x_wconf 90' lang='lat' dir='ltr'>verbis</span> 
     </span>
     <span class='ocr_line' id='line_1_33' title="bbox 192 1669 1529 1722; baseline 0.001 -15"><span class='ocrx_word' id='word_1_231' title='bbox 192 1669 342 1720; x_wconf 81' lang='lat' dir='ltr'>Annae,</span> <span class='ocrx_word' id='word_1_232' title='bbox 381 1681 457 1720; x_wconf 92' lang='lat' dir='ltr'>quo</span> <span class='ocrx_word' id='word_1_233' title='bbox 497 1669 610 1707; x_wconf 88' lang='lat' dir='ltr'>modo</span> <span class='ocrx_word' id='word_1_234' title='bbox 649 1669 806 1719; x_wconf 77' lang='lat' dir='ltr'>gloriari</span> <span class='ocrx_word' id='word_1_235' title='bbox 848 1669 1003 1722; x_wconf 81' lang='lat' dir='ltr'>debeat,</span> <span class='ocrx_word' id='word_1_236' title='bbox 1043 1671 1109 1720; x_wconf 88' lang='lat' dir='ltr'>qui</span> <span class='ocrx_word' id='word_1_237' title='bbox 1140 1669 1348 1722; x_wconf 79' lang='lat' dir='ltr'>gloriatur,</span> <span class='ocrx_word' id='word_1_238' title='bbox 1380 1681 1458 1708; x_wconf 92' lang='lat' dir='ltr'>non</span> <span class='ocrx_word' id='word_1_239' title='bbox 1490 1671 1529 1709; x_wconf 90' lang='lat' dir='ltr'>in</span> 
     </span>
     <span class='ocr_line' id='line_1_34' title="bbox 193 1727 1529 1780; baseline 0.001 -15"><span class='ocrx_word' id='word_1_240' title='bbox 193 1739 233 1766; x_wconf 89' lang='lat' dir='ltr'>se</span> <span class='ocrx_word' id='word_1_241' title='bbox 266 1729 415 1779; x_wconf 85' lang='lat' dir='ltr'>utique,</span> <span class='ocrx_word' id='word_1_242' title='bbox 447 1727 514 1765; x_wconf 90' lang='lat' dir='ltr'>sed</span> <span class='ocrx_word' id='word_1_243' title='bbox 548 1729 587 1765; x_wconf 88' lang='lat' dir='ltr'>in</span> <span class='ocrx_word' id='word_1_244' title='bbox 615 1727 790 1779; x_wconf 87' lang='lat' dir='ltr'>Domino,</span> <span class='ocrx_word' id='word_1_245' title='bbox 822 1733 984 1778; x_wconf 84' lang='lat' dir='ltr'>propter</span> <span class='ocrx_word' id='word_1_246' title='bbox 1016 1727 1327 1780; x_wconf 82' lang='lat' dir='ltr'>retributionem,</span> <span class='ocrx_word' id='word_1_247' title='bbox 1359 1740 1457 1779; x_wconf 79' lang='lat' dir='ltr'>quae</span> <span class='ocrx_word' id='word_1_248' title='bbox 1490 1730 1529 1767; x_wconf 92' lang='lat' dir='ltr'>in</span> 
     </span>
     <span class='ocr_line' id='line_1_35' title="bbox 193 1785 1530 1839; baseline 0.001 -15"><span class='ocrx_word' id='word_1_249' title='bbox 193 1785 253 1824; x_wconf 89' lang='lat' dir='ltr'>die</span> <span class='ocrx_word' id='word_1_250' title='bbox 280 1786 415 1824; x_wconf 87' lang='lat' dir='ltr'>iudicii</span> <span class='ocrx_word' id='word_1_251' title='bbox 440 1785 572 1824; x_wconf 84' lang='lat' dir='ltr'>futura</span> <span class='ocrx_word' id='word_1_252' title='bbox 597 1791 675 1824; x_wconf 91' lang='lat' dir='ltr'>est:</span> <span class='ocrx_word' id='word_1_253' title='bbox 708 1787 899 1824; x_wconf 74' lang='lat' dir='ltr'>Dominus</span> <span class='ocrx_word' id='word_1_254' title='bbox 931 1788 1122 1834; x_wconf 71' lang='lat' dir='ltr'>ascendit,</span> <span class='ocrx_word' id='word_1_255' title='bbox 1155 1788 1293 1839; x_wconf 87' lang='lat' dir='ltr'>inquit,</span> <span class='ocrx_word' id='word_1_256' title='bbox 1326 1789 1366 1825; x_wconf 73' lang='lat' dir='ltr'>in</span> <span class='ocrx_word' id='word_1_257' title='bbox 1398 1789 1530 1826; x_wconf 80' lang='lat' dir='ltr'>caelos</span> 
     </span>
     <span class='ocr_line' id='line_1_36' title="bbox 195 1844 1529 1893; baseline 0 -10"><span class='ocrx_word' id='word_1_258' title='bbox 195 1850 232 1883; x_wconf 79' lang='lat' dir='ltr'>et</span> <span class='ocrx_word' id='word_1_259' title='bbox 265 1846 413 1889; x_wconf 67' lang='lat' dir='ltr'>munit,-</span> <span class='ocrx_word' id='word_1_260' title='bbox 446 1846 528 1893; x_wconf 77' lang='lat' dir='ltr'>ipse</span> <span class='ocrx_word' id='word_1_261' title='bbox 554 1844 751 1882; x_wconf 75' lang='lat' dir='ltr'>iudicabit</span> <span class='ocrx_word' id='word_1_262' title='bbox 783 1849 963 1883; x_wconf 69' lang='lat' dir='ltr'>esctrema</span> <span class='ocrx_word' id='word_1_263' title='bbox 996 1849 1143 1891; x_wconf 73' lang='lat' dir='ltr'>terrae,</span> <span class='ocrx_word' id='word_1_264' title='bbox 1176 1847 1272 1892; x_wconf 73' lang='lat' dir='ltr'>quia</span> <span class='ocrx_word' id='word_1_265' title='bbox 1304 1847 1431 1883; x_wconf 73' lang='lat' dir='ltr'>iustus</span> <span class='ocrx_word' id='word_1_266' title='bbox 1462 1850 1529 1883; x_wconf 80' lang='lat' dir='ltr'>est.</span> 
     </span>
     <span class='ocr_line' id='line_1_37' title="bbox 192 1902 1531 1942; baseline 0.001 -2"><span class='ocrx_word' id='word_1_267' title='bbox 192 1902 361 1940; x_wconf 88' lang='lat' dir='ltr'>Prorsus</span> <span class='ocrx_word' id='word_1_268' title='bbox 402 1902 578 1940; x_wconf 85' lang='lat' dir='ltr'>ordinem</span> <span class='ocrx_word' id='word_1_269' title='bbox 621 1903 746 1940; x_wconf 86' lang='lat' dir='ltr'>tenuit</span> <span class='ocrx_word' id='word_1_270' title='bbox 791 1902 1047 1940; x_wconf 77' lang='lat' dir='ltr'>consessionis</span> <span class='ocrx_word' id='word_1_271' title='bbox 1092 1902 1273 1941; x_wconf 85' lang='lat' dir='ltr'>fidelium.</span> <span class='ocrx_word' id='word_1_272' title='bbox 1347 1903 1531 1942; x_wconf 85' lang='lat' dir='ltr'>Ascendit</span> 
     </span>
     <span class='ocr_line' id='line_1_38' title="bbox 193 1959 1532 2012; baseline 0.002 -15"><span class='ocrx_word' id='word_1_273' title='bbox 193 1962 296 1998; x_wconf 84' lang='lat' dir='ltr'>enim</span> <span class='ocrx_word' id='word_1_274' title='bbox 334 1962 374 1998; x_wconf 90' lang='lat' dir='ltr'>in</span> <span class='ocrx_word' id='word_1_275' title='bbox 414 1960 563 1999; x_wconf 80' lang='lat' dir='ltr'>caelum</span> <span class='ocrx_word' id='word_1_276' title='bbox 595 1959 782 1998; x_wconf 89' lang='lat' dir='ltr'>Dominus</span> <span class='ocrx_word' id='word_1_277' title='bbox 816 1960 1012 2012; x_wconf 83' lang='lat' dir='ltr'>Christus,</span> <span class='ocrx_word' id='word_1_278' title='bbox 1052 1966 1090 1999; x_wconf 92' lang='lat' dir='ltr'>et</span> <span class='ocrx_word' id='word_1_279' title='bbox 1127 1961 1216 1999; x_wconf 90' lang='lat' dir='ltr'>inde</span> <span class='ocrx_word' id='word_1_280' title='bbox 1249 1966 1439 2000; x_wconf 86' lang='lat' dir='ltr'>venturus</span> <span class='ocrx_word' id='word_1_281' title='bbox 1471 1968 1532 2001; x_wconf 86' lang='lat' dir='ltr'>est</span> 
     </span>
     <span class='ocr_line' id='line_1_39' title="bbox 193 2018 1529 2068; baseline 0.002 -12"><span class='ocrx_word' id='word_1_282' title='bbox 193 2018 237 2056; x_wconf 84' lang='lat' dir='ltr'>ad</span> <span class='ocrx_word' id='word_1_283' title='bbox 266 2020 369 2056; x_wconf 82' lang='lat' dir='ltr'>vivos</span> <span class='ocrx_word' id='word_1_284' title='bbox 396 2024 434 2057; x_wconf 90' lang='lat' dir='ltr'>et</span> <span class='ocrx_word' id='word_1_285' title='bbox 466 2024 641 2057; x_wconf 88' lang='lat' dir='ltr'>mortuos</span> <span class='ocrx_word' id='word_1_286' title='bbox 674 2018 910 2057; x_wconf 79' lang='lat' dir='ltr'>iudicandos.</span> <span class='ocrx_word' id='word_1_287' title='bbox 973 2018 1068 2057; x_wconf 85' lang='lat' dir='ltr'>Nam</span> <span class='ocrx_word' id='word_1_288' title='bbox 1101 2022 1188 2067; x_wconf 70' lang='lat' dir='ltr'>quis</span> <span class='ocrx_word' id='word_1_289' title='bbox 1220 2021 1418 2068; x_wconf 74' lang='lat' dir='ltr'>ascendit,</span> <span class='ocrx_word' id='word_1_290' title='bbox 1457 2021 1529 2059; x_wconf 88' lang='lat' dir='ltr'>sic-</span> 
     </span>
    </p>
   </div>
   <div class='ocr_carea' id='block_1_8' title="bbox 290 2107 1317 2153">
    <p class='ocr_par' dir='ltr' id='par_1_9' title="bbox 290 2107 1317 2153">
     <span class='ocr_line' id='line_1_40' title="bbox 290 2107 1317 2153; baseline 0.003 -13"><span class='ocrx_word' id='word_1_291' title='bbox 290 2108 346 2149; x_wconf 78' lang='lat'>13)</span> <span class='ocrx_word' id='word_1_292' title='bbox 373 2111 403 2142; x_wconf 81' lang='lat'>2.</span> <span class='ocrx_word' id='word_1_293' title='bbox 427 2107 504 2142; x_wconf 79' lang='lat' dir='ltr'>Cor.</span> <span class='ocrx_word' id='word_1_294' title='bbox 533 2111 565 2152; x_wconf 87' lang='lat'>5,</span> <span class='ocrx_word' id='word_1_295' title='bbox 595 2112 646 2144; x_wconf 89' lang='lat'>10.</span> <span class='ocrx_word' id='word_1_296' title='bbox 698 2110 756 2152; x_wconf 82' lang='lat'>22)</span> <span class='ocrx_word' id='word_1_297' title='bbox 782 2108 839 2142; x_wconf 77' lang='lat' dir='ltr'>Ps.</span> <span class='ocrx_word' id='word_1_298' title='bbox 869 2111 923 2151; x_wconf 80' lang='lat'>73,</span> <span class='ocrx_word' id='word_1_299' title='bbox 954 2111 1005 2142; x_wconf 81' lang='lat'>12.</span> <span class='ocrx_word' id='word_1_300' title='bbox 1057 2110 1117 2152; x_wconf 79' lang='lat'>25)</span> <span class='ocrx_word' id='word_1_301' title='bbox 1137 2109 1185 2143; x_wconf 84' lang='lat'>10.</span> <span class='ocrx_word' id='word_1_302' title='bbox 1211 2112 1241 2153; x_wconf 89' lang='lat'>1,</span> <span class='ocrx_word' id='word_1_303' title='bbox 1263 2113 1317 2143; x_wconf 88' lang='lat'>14.</span> 
     </span>
    </p>
   </div>
   <div class='ocr_carea' id='block_1_9' title="bbox 286 2223 793 2268">
    <p class='ocr_par' dir='ltr' id='par_1_10' title="bbox 286 2223 793 2268">
     <span class='ocr_line' id='line_1_41' title="bbox 286 2223 793 2268; baseline 0.002 -11"><span class='ocrx_word' id='word_1_304' title='bbox 286 2226 305 2257; x_wconf 86' lang='lat'>5</span> <span class='ocrx_word' id='word_1_305' title='bbox 334 2234 415 2256; x_wconf 80' lang='lat' dir='ltr'>cum</span> <span class='ocrx_word' id='word_1_306' title='bbox 442 2223 477 2258; x_wconf 81' lang='lat' dir='ltr'><em>R</em></span> <span class='ocrx_word' id='word_1_307' title='bbox 496 2225 507 2268; x_wconf 90' lang='grc' dir='ltr'>ΙΙ</span> <span class='ocrx_word' id='word_1_308' title='bbox 530 2228 570 2258; x_wconf 82' lang='grc'>12</span> <span class='ocrx_word' id='word_1_309' title='bbox 597 2224 748 2268; x_wconf 79' lang='lat' dir='ltr'>recipiet</span> <span class='ocrx_word' id='word_1_310' title='bbox 773 2235 793 2258; x_wconf 89' lang='lat' dir='ltr'><em>v</em></span> 
     </span>
    </p>
   </div>
  </div>
 </body>
</html>
