1611 2465
133 102 179 110 v-

130 102 214 142 006
666 109 692 134 s.
712 109 930 136 AUGUSTINI

130 202 198 252 qui
228 207 273 239 ut
303 200 423 238 velint
454 200 518 237 isti
551 199 652 237 facit.
719 198 942 237 Secundum
974 197 1078 236 illam
1108 209 1200 237 vero
1233 198 1472 237 voluntatem

131 271 252 310 suam,
285 271 383 309 quae
411 269 501 296 eum
528 258 612 296 eius
638 258 898 308 praescientia
925 258 1161 307 sempiterna
1193 262 1264 308 est,
1295 257 1471 308 profecto

130 319 170 356 in
203 317 309 355 caelo
344 322 381 355 et
406 318 446 354 in
483 321 586 354 terra
619 317 747 354 omnia
780 326 1050 365 quaecumque
1082 314 1204 354 voluit
1235 327 1313 353 non
1347 315 1473 354 solum

130 376 342 427 praeterita
362 374 422 412 vel
441 375 674 425 praesentia,
695 373 762 412 sed
786 375 902 412 etiam
922 373 1054 411 futura
1078 374 1155 411 iam
1181 373 1284 412 fecit.
1328 372 1473 412 Verum

87 441 104 471 5
132 440 338 483 antequam
376 434 483 471 venit
520 438 695 483 tempus,
738 444 814 482 quo
847 431 968 470 voluit
1000 437 1042 470 ut
1075 431 1206 484 fieret,
1249 432 1352 482 quod
1384 437 1473 471 ante

132 498 307 542 tempora
334 492 517 529 universa
543 491 751 542 praescivit
778 495 893 540 atque
921 489 1126 541 disposuit,
1152 489 1339 529 dicimus:
1364 490 1475 542 „Fiet

133 550 286 600 quando
319 549 423 588 Deus
462 544 675 599 voluerit“;
715 549 747 587 si
779 554 909 587 autem
941 560 1019 586 non
1052 547 1178 587 solum
1209 554 1364 599 tempus
1397 560 1474 599 quo

68 628 89 644 s
133 609 309 647 futurum
343 613 421 659 est,
462 619 600 646 verum
632 608 748 645 etiam
780 612 914 645 utrum
947 607 1124 645 futurum
1156 607 1207 645 sit
1238 608 1475 659 ignoramus,

133 667 316 705 dicimus:
348 665 483 717 „Fiet,
522 667 555 704 si
587 665 691 704 Deus
724 661 937 717 voluerit“;
969 677 1047 703 non
1080 666 1169 716 quia
1201 664 1305 704 Deus
1337 677 1474 704 novam

67 733 106 763 ιο
134 725 390 776 voluntatem,
423 736 539 775 quam
570 736 649 762 non
681 723 833 775 habuit,
865 729 960 762 tunc
992 722 1170 775 habebit,
1203 723 1270 762 sed
1303 725 1394 774 quia
1425 723 1476 775 id,

133 783 237 834 quod
277 795 324 821 ex
362 784 591 821 aeternitate
633 783 674 820 in
716 783 800 821 eius
842 781 1061 820 inmutabili
1105 787 1379 833 praeparatum
1417 787 1476 821 est

134 841 342 893 voluntate,
375 846 468 880 tune
502 842 587 880 erit.

680 988 835 1031 CAPUT
868 989 944 1030 III.

136 1075 196 1114 De
224 1077 488 1123 promissione
525 1079 718 1112 aelerncte
758 1075 1017 1112 beatitudinis
1054 1080 1286 1113 sanctorum
1318 1079 1356 1114 et
1381 1087 1475 1124 per-

69 1140 107 1169 15
491 1134 623 1180 peluis
654 1134 860 1181 suppliciis
891 1134 1111 1180 impiorum.

254 1213 522 1265 Quapropter,
562 1218 604 1251 ut
643 1219 771 1251 cetera
813 1218 889 1250 tam
922 1213 1042 1251 multa
1073 1219 1337 1265 praeteream,
1376 1215 1478 1253 sieut

137 1284 239 1311 nunc-
277 1273 317 1310 in
351 1270 506 1309 Christo
545 1270 721 1309 videmus
761 1270 914 1321 impleri
955 1270 1060 1321 quod
1091 1273 1271 1322 promisit
1302 1271 1476 1311 Abrahae

135 1330 287 1368 dicens:
330 1330 378 1368 In
424 1331 572 1368 semine
614 1335 679 1368 luo
722 1330 1011 1368 benedicentur
1052 1341 1184 1369 omnes
1222 1335 1378 1378 9entes:
1425 1333 1477 1369 ita

136 1388 239 1439 quod
273 1388 399 1426 eidem
437 1388 576 1426 semini
616 1388 700 1425 eius
731 1388 912 1438 promisit
943 1387 1186 1439 implebitur,
1224 1387 1292 1427 ubi
1324 1390 1377 1427 ait
1407 1401 1478 1440 per

66 1456 108 1484 2o
135 1446 384 1497 prophetam:
416 1446 647 1494 Resurqent
677 1448 747 1493 qui
777 1450 896 1484 erant
927 1448 968 1484 in
999 1449 1271 1499 monumentis,
1303 1452 1342 1485 et
1374 1447 1477 1498 quod

137 1507 205 1543 ait:
239 1505 331 1543 Eric
355 1507 510 1543 caelum
536 1515 677 1542 novum
709 1509 749 1542 et
779 1510 892 1542 terra
925 1516 1038 1552 nova,
1071 1509 1110 1544 et
1139 1516 1218 1544 non
1250 1510 1370 1544 erunt
1399 1517 1475 1545 me-

137 1575 266 1602 mores
294 1565 497 1612 priorum,
529 1574 603 1601 nee
636 1564 826 1601 ascendet
857 1564 896 1601 in
929 1574 1001 1601 cor
1033 1565 1227 1612 ipsorum,
1264 1565 1338 1603 sed
1365 1565 1476 1603 laeti-

137 1624 231 1659 tiam
265 1626 303 1660 et
333 1623 618 1660 exultationem
650 1622 851 1659 invenient
888 1623 929 1659 z'n
961 1633 1020 1660 ea.
1084 1622 1191 1661 Eece
1222 1633 1294 1670 eqo
1322 1621 1477 1670 faciam

138 1680 390 1718 Hierusalem
423 1681 710 1718 exultationem
747 1683 785 1718 et
810 1682 1002 1728 populum
1032 1691 1161 1719 meum
1193 1682 1409 1726 laetitiam
1441 1685 1479 1720 et

68 1747 109 1776 25
138 1739 326 1776 exultabo
367 1740 407 1776 in
445 1738 699 1791 Hierusalem
743 1742 779 1776 et
817 1739 1000 1776 laetabor
1038 1740 1078 1777 in
1109 1741 1258 1788 populo
1296 1750 1397 1786 meo,
1442 1744 1480 1778 et

138 1799 246 1834 ultra
279 1807 358 1835 non
391 1797 582 1834 audietur
614 1797 652 1833 in
688 1797 756 1834 illa
789 1807 867 1834 vox
893 1797 1035 1843 fletu&
1067 1802 1106 1834 et
1137 1808 1208 1847 per
1240 1796 1357 1835 alium
1388 1808 1476 1848 pro-

139 1854 294 1904 phetam
334 1852 438 1904 quod
481 1855 770 1904 praenuntiavit
813 1853 947 1891 dicens
986 1854 1112 1892 eidem
1149 1855 1384 1905 prophetae:
1430 1855 1478 1893 In

139 1918 313 1962 tempore
350 1914 415 1950 illo
453 1912 677 1950 salvabitur
709 1914 882 1960 populus
921 1917 1012 1950 tuus
1043 1914 1168 1951 omnis
1199 1915 1269 1960 qui
1300 1915 1479 1952 inventus

135 1969 265 2017 fuerit
301 1972 476 2018 scriptus
514 1972 554 2008 in
587 1970 706 2017 libro,
745 1974 784 2008 et
814 1972 927 2008 mulli
957 1971 1237 2009 dormientium
1270 1973 1311 2009 in
1342 1976 1480 2010 terrae

237 2072 292 2113 18)
319 2070 407 2105 Gen.
435 2074 492 2113 22,
522 2074 574 2104 18.
627 2071 685 2113 20)
712 2069 809 2105 Esai.
837 2073 893 2113 26,
921 2073 973 2104 19.
1026 2071 1084 2113 ’26)
1111 2070 1162 2104 lb.
1191 2075 1246 2113 65,
1274 2074 1315 2105 17
1343 2082 1419 2115 sqq.

236 2225 254 2253 5
281 2221 384 2255 uenit
408 2220 463 2261 R,·
490 2221 615 2255 ueniat
633 2222 689 2255 Aa
721 2222 733 2265 ΙΙ
765 2225 808 2255 22
835 2221 1008 2255 ascendet
1032 2220 1123 2255 ΕΒΑ
1147 2223 1248 2264 (458,
1273 2224 1332 2265 9);
1356 2232 1478 2256 ascen-

140 2266 196 2301 dit
220 2266 293 2308 R¹;
320 2267 516 2301 ascendent
543 2279 560 2301 υ
580 2269 591 2311 ΙΙ
612 2271 654 2301 26
680 2267 718 2301 in
745 2278 787 2302 ea
812 2278 833 2302 v
