1611 2465
59 813 100 843 10

58 1268 99 1298 15

58 1560 100 1590 20

129 132 214 174 620
677 141 702 166 s.
722 141 940 168 Amissum

127 244 201 283 pus
233 230 531 282 incorruptibile
565 230 844 281 recipiendum.
906 229 956 268 Et
986 231 1026 268 in
1059 242 1136 281 quo
1169 232 1464 270 convenientius

128 289 416 341 incorruptibili
449 301 613 340 corpore
646 288 912 341 laetabuntur,
944 300 1060 339 quam
1092 290 1131 327 in
1164 301 1239 339 quo
1273 291 1465 340 corrupti-

128 348 194 387 bili
227 345 490 399 gemuerunt‘?
541 347 604 386 Sic
638 349 740 385 enim
773 359 850 385 non
883 349 923 385 in
957 349 1012 386 eis
1045 348 1119 386 erit
1150 347 1212 385 illa
1246 348 1328 387 dira
1360 349 1465 398 cupi-

128 407 243 459 ditas,
277 418 391 457 quam
423 408 556 457 posuit
587 418 633 443 ex
666 405 825 444 Platone
858 405 1068 458 Vergilius,
1100 405 1167 444 uhi
1199 408 1267 445 ait:

245 490 397 527 Rursus
431 491 470 526 et
501 489 689 537 incipiant
720 490 760 526 in
793 501 956 537 corpora
987 489 1089 526 velle
1120 489 1280 540 reverti3

129 572 196 622 sic,
228 572 400 622 inquam,
432 570 685 620 cupiditatem
713 568 935 607 revertendi
967 569 1012 607 ad
1046 581 1210 620 corpora
1242 582 1319 608 non
1352 569 1466 608 habe-

127 628 237 680 bunt,
270 641 359 667 cum
392 640 568 680 corpora,
600 630 639 666 in
672 639 770 678 quae
803 629 947 665 reverti
980 630 1154 679 cupiunt,
1186 640 1319 666 secum
1351 628 1466 667 hahe-

127 687 225 726 bunt
269 693 308 726 et
348 688 403 725 sic
444 686 662 738 habebunt,
700 692 744 725 ut
780 698 993 736 numquam
1025 698 1103 725 non
1134 685 1319 738 habeant,
1357 699 1466 726 num-

128 758 241 797 quam
282 758 325 784 ea
362 758 525 796 prorsus
565 745 624 783 vel
663 745 708 783 ad
742 746 926 795 exiguum
959 744 1172 795 quamlibet
1204 751 1358 797 tempus
1391 745 1466 784 ulla

128 810 252 843 morte
287 805 493 855 deponant.

615 976 769 1018 CAPUT
802 976 981 1017 XXVII.

127 1063 186 1100 De
218 1063 437 1100 contrariis
469 1063 765 1107 definitionibus
799 1062 978 1099 Plalom's
1011 1066 1129 1110 alque
1162 1062 1393 1112 Porphyrii,
1428 1065 1467 1101 e'n

197 1121 338 1168 quibus
369 1122 405 1158 εἰ
435 1124 604 1167 uterque
636 1122 756 1158 alteri
787 1121 957 1166 cederet,
991 1131 1016 1157 a
1050 1123 1217 1159 veritate
1250 1126 1391 1160 neuter

704 1179 895 1216 deviaret.

246 1259 396 1309 Singuli
442 1259 631 1309 quaedam
680 1259 864 1297 dixerunt
903 1258 1012 1297 Plato
1053 1266 1168 1310 atque
1210 1259 1464 1312 Porphyrius,

127 1330 225 1368 quae
258 1319 290 1355 si
317 1319 420 1356 inter
447 1330 488 1356 se
516 1318 804 1356 communicare
837 1319 1070 1368 potuissent,
1102 1318 1194 1356 facti
1226 1324 1358 1357 essent
1390 1319 1465 1357 for-

126 1382 226 1414 tasse
271 1375 492 1414 Christiani.
558 1375 667 1414 Plato
708 1376 804 1414 dixit
845 1377 928 1414 sine
970 1375 1202 1426 corporibus
1240 1378 1386 1415 animas
1426 1378 1465 1415 in

126 1440 330 1472 aeternum
363 1446 448 1472 esse
481 1446 559 1472 non
592 1446 717 1485 posse.
779 1433 869 1472 Ideo
904 1435 1007 1472 enim
1039 1434 1135 1473 dixit
1167 1435 1282 1473 etiam
1315 1436 1464 1486 sapien-

126 1499 209 1531 tum
253 1494 399 1531 animas
444 1499 532 1543 post
577 1492 788 1543 quamlibet
831 1492 990 1543 longum
1034 1498 1206 1544 tempus,
1251 1498 1380 1532 tamen
1419 1493 1465 1532 ad

127 1563 291 1601 corpora
329 1551 535 1590 redituras.
597 1551 837 1602 Porphyrius
877 1557 1007 1589 autem
1047 1550 1143 1589 dixit
1175 1553 1342 1590 animam
1373 1564 1463 1603 pur-

126 1611 375 1662 gatissimam,
407 1622 496 1648 cum
524 1610 685 1648 redierit
717 1610 761 1648 ad
794 1609 963 1661 Patrem,
995 1609 1040 1647 ad
1073 1609 1168 1648 haec
1200 1610 1299 1648 mala
1331 1611 1466 1649 mundi

126 1680 338 1718 numquam
366 1680 451 1706 esse
479 1668 705 1707 redituram.
767 1669 819 1706 Ac
847 1680 916 1719 per
948 1668 1033 1720 hoc,
1067 1668 1169 1718 quod
1205 1680 1339 1707 verum
1371 1668 1466 1707 vidit

126 1726 246 1778 Plato,
279 1728 311 1764 si
337 1726 509 1765 dedisset
534 1726 763 1778 Porphyrio,
795 1728 911 1765 etiam
937 1727 1130 1764 iustorum
1163 1732 1278 1777 atque
1311 1728 1462 1777 sapien-

126 1791 209 1823 tum
248 1787 542 1835 p1.n·gatissi1na's
583 1786 729 1823 animas
767 1784 812 1823 ad
855 1785 1021 1823 humana
1055 1796 1219 1835 corpora
1251 1785 1464 1837 redituras3

60 1852 67 1856 ’
127 1855 267 1881 rursus
312 1843 415 1893 quod
461 1856 594 1881 verum
639 1843 733 1881 vidit
782 1843 1041 1894 Porphyrius,
1085 1842 1258 1881 dedisset
1301 1842 1465 1895 Platoni,

127 1913 338 1951 numquam
365 1902 559 1940 redituras
587 1901 631 1939 ad
665 1903 841 1939 miserias
875 1900 1141 1951 corruptibilis
1175 1903 1352 1952 corporis
1384 1903 1463 1940 ani-

128 1972 206 1997 mas
245 1966 416 2011 sanctas;
460 1966 504 1998 ut
541 1972 618 1998 non
658 1959 800 2010 singuli
839 1959 933 1997 haec
967 1959 1137 2011 singula,
1182 1959 1248 1997 scd
1282 1959 1393 1998 ambo
1426 1965 1465 1998 et

127 2018 269 2068 singuli
310 2024 520 2068 utrumque
560 2018 752 2056 dicerent:
791 2023 885 2068 puto
926 2017 1030 2068 quod
1064 2017 1239 2056 viderent
1271 2030 1356 2056 esse
1389 2019 1491 2056 iam*

221 2119 255 2161 5)
282 2119 371 2153 Aen.
399 2123 430 2161 6,
459 2123 537 2153 751.

147 2303 154 2309 .
194 2304 204 2337 l
224 2262 266 2337 115·
291 2258 427 2339 siqguli
446 2258 518 2292 ΒΑ
545 2260 645 2302 (28),·
671 2258 824 2302 Singula
846 2270 865 2293 v
884 2259 896 2302 ΙΙ
917 2261 959 2292 18
981 2262 1011 2293 et
1031 2262 1076 2293 24
1101 2257 1323 2303 sapientium
1350 2269 1368 2293 z*
1388 2260 1400 2302 ΙΙ
1419 2262 1462 2292 ‘25

126 2316 156 2338 Sl
184 2316 195 2337 s
210 2315 243 2338 C(
257 2315 328 2339 Isse
371 2316 391 2339 v
