1548 2562
401 139 452 162 DE
471 138 658 163 CIVITATE
677 138 747 163 DEI
766 138 801 163 L.
821 138 901 164 mv.
921 138 950 163 c.
969 138 1013 163 23.
1312 130 1368 170 49

43 233 118 279 tur,
149 226 186 264 id
218 226 319 276 quod
353 231 539 276 appetunt
570 226 730 276 implere
763 239 840 264 non
871 232 1054 277 possunt,
1086 227 1269 277 pudicitia
1302 240 1366 266 cu-

43 285 229 335 stoditur,
260 296 337 322 non
369 285 524 335 amissa,
565 285 631 322 sed
665 297 739 322 non
772 286 959 335 permissa
991 284 1245 323 delectatione
1277 298 1365 336 pec-

42 344 129 381 cati.
190 342 302 380 Hunc
333 344 528 393 renisum,
559 342 658 380 hanc
690 345 996 394 repugnantiam,
1028 343 1125 381 hanc
1157 343 1364 382 voluntatis

42 406 80 439 et
104 399 274 438 libidinis
300 401 422 438 rixam
449 399 508 438 vel
534 406 640 438 certe
667 400 712 438 ad
738 402 944 439 voluntatis
977 402 1247 440 sufficientiam
1280 402 1362 440 lihi-

41 459 142 497 dinis
173 458 422 509 indigentiam
448 458 582 509 procul
616 458 744 510 dubio,
777 461 851 497 nisi
883 459 1084 510 culpabilis
1115 459 1363 498 inoboedien-
1391 468 1410 498 5

43 518 94 555 tia
124 517 276 567 poenali
313 516 598 554 inoboedientia
635 516 891 569 plecteretur,
927 519 966 555 in
998 518 1174 568 paradiso
1207 520 1363 569 nuptiae

42 587 118 613 non
144 574 343 627 haberent,
376 574 442 612 sed
469 574 655 613 voluntati
680 574 864 626 membra,
896 581 938 614 ut
970 582 1109 627 cetera,
1141 578 1192 614 ita
1225 583 1363 615 cuncta

41 634 243 671 servirent.
304 632 359 671 Ita
395 632 561 683 genitale
602 645 735 671 arvum
776 645 840 671 vas
877 635 915 671 in
956 634 1029 672 hoc
1061 647 1158 685 opus
1191 641 1364 673 creatum

41 693 260 743 seminaret,
292 697 335 729 ut
366 703 470 729 nunc
502 696 646 729 terram
678 703 831 743 manus,
866 697 903 729 et
935 692 1037 742 quod
1069 693 1182 731 modo
1215 693 1261 731 de
1293 693 1363 731 hac

40 762 82 788 re
115 749 225 787 nobis
262 748 479 788 volentibus
517 748 739 799 diligentius
777 749 972 800 disputare
1005 752 1237 789 verecundia
1269 753 1362 790 resi·
1391 759 1433 791 10

41 809 107 846 stit
133 813 171 846 et
197 807 393 858 compellit
417 809 567 845 veniam
592 808 739 846 honore
764 809 937 858 praefato
969 820 989 845 a
1020 809 1172 859 pudicis
1204 809 1363 848 auribus

40 878 221 917 poscere,
262 877 332 904 cur
374 865 411 903 id
453 866 563 904 fieret
604 865 707 904 nulla
747 878 861 904 causa
892 872 1012 918 esset,
1055 867 1121 904 sed
1154 869 1191 905 in
1225 870 1364 920 omnia,

40 936 137 974 quae
175 923 221 961 de
260 923 375 961 huius
412 923 514 962 modi
554 924 737 961 memhris
770 937 926 963 sensum
959 926 1162 975 cogitantis
1194 926 1362 976 adtinge-

40 988 144 1034 rent,
182 983 264 1020 sine
304 981 381 1020 ullo
420 984 557 1020 timore
596 982 845 1020 obscenitatis
883 982 980 1020 liber
1020 995 1146 1021 sermo
1180 984 1362 1035 ferretur,

40 1052 110 1078 nec
136 1042 218 1091 ipsa
244 1039 358 1077 verba
386 1045 528 1092 essent,
560 1052 657 1090 quae
684 1046 915 1079 vocarentur
941 1041 1126 1093 obscena,
1158 1043 1224 1079 sed
1253 1043 1359 1092 quid-
1390 1051 1431 1081 15

39 1098 130 1149 quid
162 1098 250 1136 inde
284 1098 500 1150 diceretur,
542 1104 620 1137 tam
652 1099 858 1137 honestum
891 1106 1012 1147 esset,
1054 1112 1168 1150 quam
1201 1101 1247 1138 de
1280 1101 1362 1138 aliis

39 1169 127 1194 cum
167 1156 363 1206 loquimur
403 1158 578 1207 corporis
618 1157 804 1207 partibus.
867 1157 1050 1208 Quisquis
1093 1170 1184 1208 ergo
1217 1159 1262 1196 ad
1295 1159 1362 1197 has

39 1215 185 1253 litteras
217 1214 423 1265 inpudicus
455 1215 619 1262 accedit,
659 1215 809 1266 culpam
842 1217 1024 1268 refugiat,
1058 1228 1134 1254 non
1167 1223 1361 1269 naturam3

40 1273 137 1311 facta
168 1273 326 1311 denotet
357 1285 447 1311 suae
481 1274 751 1325 turpitudinis,
784 1286 859 1311 non
892 1274 1008 1312 verba
1041 1280 1194 1312 nostrae
1228 1288 1361 1313 neces·

39 1332 179 1382 sitatis,
211 1332 250 1368 in
271 1331 411 1381 quibus
432 1331 525 1369 mihi
552 1332 728 1369 facillime
754 1332 918 1382 pudicus
945 1338 983 1370 et
1009 1332 1213 1383 religiosus
1239 1333 1361 1371 lector
1388 1343 1432 1374 20

40 1389 98 1427 vel
129 1389 281 1427 auditoi
313 1391 494 1440 ignoscit,
531 1389 654 1428 donec
686 1390 949 1428 infidelitatem
981 1391 1173 1442 refellam,
1205 1404 1281 1429 non
1314 1392 1362 1430 de

39 1447 112 1485 fide
144 1460 275 1485 reinm
307 1421 609 1498 inexpeit'aium,
642 1448 707 1486 sed
741 1449 786 1486 de
820 1461 936 1487 sensu
969 1454 1218 1499 expertarum
1250 1462 1361 1500 argu-

39 1511 284 1544 mentantem.
345 1505 454 1556 Legit
479 1508 581 1543 enim
608 1506 700 1544 haec
727 1508 808 1544 sine
836 1508 1060 1558 offensione,
1091 1509 1157 1557 qui
1190 1520 1266 1545 non
1299 1521 1362 1546 ex-

39 1564 172 1602 horret
208 1564 423 1614 apostolum
462 1564 654 1602 horrenda
697 1566 927 1603 seminarum
969 1566 1109 1615 flagitia
1151 1566 1359 1616 reprehen-

38 1622 205 1673 dentem,
231 1635 327 1672 quae
349 1625 644 1660 inmutaverunt
669 1626 892 1661 naturalem
919 1635 1030 1661 usum
1059 1626 1098 1661 in
1124 1636 1211 1662 eum
1237 1636 1360 1671 usum,
1388 1634 1430 1664 ‘25

28 1683 107 1728 qui
136 1686 193 1719 est
224 1686 365 1718 contra
397 1685 604 1731 naturam,
636 1683 842 1731 praecipue
876 1683 963 1731 quia
995 1693 1065 1719 nos
1098 1694 1174 1720 non
1207 1683 1359 1720 damna-

38 1738 152 1776 bilem
179 1738 456 1776 obscenitatem
484 1751 598 1790 nunC,
631 1741 730 1777 sicut
762 1739 835 1790 ille,
867 1752 1214 1778 commemoramus
1246 1746 1360 1790 atque

38 1796 380 1847 reprehendimus,
424 1797 490 1834 sed
533 1798 571 1834 in
614 1797 868 1848 explicandis,
910 1804 1095 1848 quantum
1140 1811 1359 1850 possumus,

37 1854 224 1892 humanae
263 1852 521 1905 generationis
562 1855 763 1893 effectibus
802 1855 916 1893 verba
958 1862 1111 1908 tamen,
1153 1858 1254 1895 sicut
1284 1856 1359 1909 ille,

36 1912 203 1951 obscena
233 1914 406 1951 vitamus.
1386 1925 1432 1956 30

129 2015 163 2057 8)
190 2013 298 2057 Verg.
326 2013 455 2058 Georg.
483 2018 514 2056 3,
543 2018 618 2048 136.
669 2017 726 2058 26)
753 2015 855 2049 Rom,
886 2019 916 2056 1,
941 2019 996 2050 26.

129 2144 148 2174 7
174 2141 216 2174 ut
241 2142 362 2175 cetera
386 2141 440 2175 ita
464 2152 552 2183 mss‚·
577 2142 644 2176 illa
668 2143 710 2176 ut,
735 2144 856 2177 cetera
881 2154 900 2176 v
919 2145 930 2186 Η
950 2147 990 2176 21
1019 2143 1064 2177 de
1089 2153 1154 2179 om.
1188 2143 1223 2177 V

105 2362 178 2381 Ano.
199 2363 240 2381 m:
260 2363 319 2383 crv.
340 2364 401 2384 DEI.
439 2358 477 2382 11.
1057 2356 1078 2386 4
