1548 2562
396 162 447 186 DE
468 161 655 187 civiTATE
676 162 743 186 Dm
766 162 795 185 L.
816 161 911 186 xvn.
932 161 960 186 c.
981 162 1020 186 20.
1042 162 1082 186 ει.
1319 151 1401 191 251

77 252 169 289 tico:
203 251 391 298 Aequitas
418 251 558 287 dilexit
583 254 631 296 te,
663 254 700 286 et
734 261 885 300 sponsa,
919 261 1014 299 qnae
1048 248 1100 286 ibi
1133 248 1255 286 audit:
1293 250 1404 286 Cari-

75 313 136 347 tas
175 311 214 347 m
253 310 405 347 deliciis
442 309 528 345 tuis.
592 307 721 345 Tacita
761 307 895 345 multa
921 309 1131 345 transimus
1164 318 1257 345 cura
1289 306 1404 345 liuius

75 368 204 416 operis
237 366 479 404 terminandi.

589 500 740 543 CAPUT
773 501 886 543 XXI.

77 588 136 625 De
167 587 329 635 reqibus
357 591 445 636 post
476 587 722 625 Salomonem
759 587 840 624 sive
872 587 912 624 in
945 586 1049 624 Iuda
1080 588 1161 624 sive
1192 588 1231 624 in
1266 586 1405 625 Israel.
1432 592 1451 623 5

194 667 322 706 Ceteri
360 672 448 718 post
481 666 725 706 Salomonem
767 678 878 717 reges
910 665 1178 705 Hebraeorum
1209 668 1270 705 vix
1303 668 1406 704 inve-

78 727 238 764 niuntur
277 737 347 776 per
384 724 508 775 aliqua
548 726 760 776 aenigmata
798 725 992 764 dictorum
1034 737 1195 763 suorum
1227 736 1406 763 rerumve

77 789 293 835 gestarum,
325 783 426 834 quod
460 782 505 820 ad
539 782 736 821 Christum
768 788 807 822 et
839 782 1041 821 ecclesian}
1074 784 1287 833 pertineat,
1319 795 1406 833 pro-

77 842 275 892 phetasse,
314 843 392 880 sive
431 842 469 878 in
502 840 593 879 luda
637 843 714 880 sive
747 843 786 880 in
818 840 948 879 lsrael.
1012 841 1075 879 Sic
1108 842 1209 879 enim
1242 841 1405 891 appella-

79 906 137 937 tae
177 906 267 938 sunt
305 899 407 937 illius
446 899 576 949 populi
613 905 761 951 partes,
800 912 845 937 ex
888 911 963 949 quo
996 904 1157 949 propter
1190 899 1406 937 Salomonis
1435 907 1475 937 10

79 959 264 996 offensam
303 963 476 1007 tempore
516 957 581 995 filii
620 959 702 995 eins
741 956 930 1007 Roboam,
972 958 1035 1006 qui
1075 958 1176 1007 patri
1218 958 1408 995 successit

79 1017 116 1054 in
161 1027 344 1066 regnum,
388 1015 466 1053 Deo
508 1015 723 1053 vindicante
763 1015 908 1053 divisus
950 1020 1008 1052 est
1081 1014 1248 1053 Proinde
1282 1014 1406 1053 tribus

79 1074 225 1125 decem,
258 1086 351 1124 quas
378 1075 526 1124 accepit
552 1073 795 1122 Hieroboam,
827 1084 964 1111 servus
991 1071 1220 1124 Salomonis,
1253 1085 1320 1111 rex
1352 1074 1407 1111 eis

79 1133 118 1170 in
152 1132 321 1170 Samaria
353 1133 605 1184 constitutus,
642 1133 798 1182 proprie
832 1130 1067 1169 vocabantur
1099 1130 1235 1182 Israel,
1276 1143 1406 1181 quam-

79 1191 135 1228 vis
167 1190 239 1228 hoe
272 1191 442 1228 universi
481 1190 582 1228 illins
614 1189 746 1241 populi
778 1201 919 1227 nomen
952 1195 1066 1227 esset.
1128 1188 1285 1227 Duabus
1318 1202 1407 1227 vero
1437 1201 1476 1231 15

80 1247 280 1299 tribubus,
312 1247 426 1286 Iudae
459 1247 606 1286 seilicet
637 1255 675 1286 et
708 1248 923 1299 Beniamin,
956 1259 1053 1297 quae
1086 1253 1246 1298 propter
1279 1247 1408 1299 David,

81 1319 128 1344 ne
156 1307 310 1356 penitus
338 1318 499 1356 regnum
526 1308 658 1356 stirpis
691 1308 774 1344 eius
808 1306 945 1344 suisset
977 1305 1226 1356 eradicatum,
1259 1318 1408 1344 reman-

81 1370 212 1402 serant
249 1363 493 1403 subiaoentes
532 1366 675 1403 civitati
707 1364 970 1415 Hierusalem,
1001 1363 1117 1402 Iudae
1151 1376 1291 1401 nomen
1325 1365 1409 1415 suit,

81 1424 171 1472 quia
201 1423 284 1473 ipsa
322 1430 398 1460 erat
441 1422 565 1461 tribus
604 1423 705 1461 unde
738 1422 866 1461 David.
926 1422 1127 1460 Beniamin
1160 1434 1250 1460 vero
1284 1421 1409 1460 tribus

81 1479 202 1519 altera
239 1480 284 1519 ad
316 1481 418 1519 idem
450 1494 631 1531 regmun,
670 1483 771 1520 sicut
802 1481 897 1532 dixi,
934 1482 1135 1531 pertinens
1168 1487 1267 1532 erat,
1307 1480 1408 1519 unde
1436 1493 1479 1524 20

82 1538 155 1576 fuit
193 1538 284 1577 Saul
321 1551 388 1577 rex
427 1544 514 1578 ante
547 1539 676 1578 David.
739 1539 815 1577 Sed
854 1539 969 1577 simul
1008 1540 1103 1577 istae
1142 1538 1239 1577 duae
1272 1538 1411 1589 trihus,

82 1601 126 1635 ut
157 1596 302 1635 dictum
335 1603 410 1648 est,
442 1597 534 1636 luda
567 1597 820 1648 vocabantur,
852 1603 890 1635 et
922 1597 994 1635 boc
1027 1598 1182 1635 nomine
1214 1596 1410 1635 discerne-

83 1653 224 1692 bantur
262 1654 308 1692 ab
347 1654 482 1706 lsrael,
520 1655 621 1705 quod
665 1655 955 1706 appellabantur
987 1656 1144 1705 proprie
1177 1654 1312 1693 decem
1344 1656 1411 1693 tri-

83 1711 157 1750 bus
194 1711 381 1750 hahentes
420 1725 532 1751 sunm
572 1725 712 1763 regem.
780 1713 875 1751 Nam
914 1712 1039 1751 tribus
1077 1711 1188 1763 Levi,
1230 1714 1412 1763 quoniam

84 1769 333 1808 sacerdotalis
360 1771 443 1821 snit,
476 1770 555 1822 Dei,
588 1783 663 1809 non
690 1783 825 1821 regum
852 1772 1008 1809 servitio
1041 1772 1266 1821 mancipata,
1299 1773 1413 1809 tertia
1438 1785 1480 1815 25

83 1828 231 1866 decima
270 1828 558 1868 munerabatur.
619 1829 758 1880 loseph
798 1830 941 1880 quippe
983 1841 1084 1867 unus
1124 1841 1170 1867 ex
1208 1828 1412 1867 duodecim

84 1885 171 1923 filiis
197 1885 326 1937 Israel,
358 1898 434 1924 non
462 1899 588 1939 unam,
620 1888 720 1926 sicut
752 1888 872 1926 ceteri
905 1887 1087 1937 singulas,
1119 1887 1186 1925 sed
1219 1886 1313 1925 duas
1347 1889 1412 1925 tri-

85 1943 157 1982 bus
199 1944 309 1995 fecit,
351 1944 542 1995 Ephraem
584 1950 623 1984 et
665 1945 877 1984 Manassen.
944 1944 1087 1983 Verum
1129 1951 1257 1982 tamen
1298 1947 1413 1983 etiam

85 2000 210 2039 tribus
236 2001 327 2040 Levi
353 2002 397 2040 ad
425 2014 586 2053 regnum
614 2003 1005 2054 Hierosolymitannm
1031 2002 1250 2053 pertinebat
1281 2004 1413 2053 magis,

85 2057 152 2096 ubi
178 2065 260 2097 erat
286 2058 354 2097 Dei
381 2061 580 2111 templum,
612 2063 675 2100 cui
702 2060 904 2099 serviebat.
967 2060 1093 2098 Diviso
1120 2061 1237 2110 igitur
1268 2061 1411 2111 populo
1440 2080 1482 2111 30

180 2160 214 2201 1)
240 2158 341 2191 Cant.
369 2163 399 2201 1,
426 2163 457 2192 4.
507 2162 542 2202 2)
570 2160 672 2194 Cant.
701 2165 732 2201 7,
758 2164 789 2193 6.
841 2162 898 2203 14)
928 2164 956 2194 1.
984 2160 1072 2203 Reg.
1102 2163 1154 2193 12.

178 2312 222 2343 28
248 2320 414 2343 manasse
440 2309 536 2350 RR-
563 2309 606 2351 εἴ.
633 2309 734 2343 Neue
760 2310 786 2343 I
804 2320 843 2353 p.
871 2312 944 2344 608
