1611 2465
114 64 199 104 340
651 72 678 97 5.
697 71 914 98 Aueusrnu

113 164 336 213 persecutio
369 158 420 214 (si
452 168 582 201 tamen
613 163 689 199 iam
722 157 900 213 quievit),
932 167 975 199 ut
1005 162 1200 211 fugientes
1232 162 1322 200 inde
1354 174 1450 201 non·

114 221 211 260 nulli
243 233 366 271 usque
399 221 445 259 ad
478 220 649 258 Romana
681 219 819 270 oppida
858 212 1302 270 pervenerintPJHaec
1334 226 1450 271 atque

24 266 62 301 ³²³
114 279 231 318 huius
271 279 375 317 modi
414 279 507 317 mihi
546 280 731 328 cogitanti
775 290 852 316 non
891 278 1044 316 videtui
1083 290 1167 317 esse
1207 279 1452 318 definiendus

49 697 91 727 10

51 1130 93 1160 15

50 1421 94 1451 20

54 2004 97 2035 30

116 350 303 376 numerus
328 339 659 388 persecutionum,
686 336 828 387 quibus
855 338 1030 375 exerceri
1056 344 1210 388 oportet
1235 337 1451 377 ecclesiam.

117 396 193 435 Sed
232 408 371 434 rursus
411 395 614 433 adfirmare
654 395 801 445 aliquas
845 395 997 433 futuras
1035 407 1055 433 a
1093 395 1250 446 regibus
1294 402 1452 447 praeter

116 455 219 493 illam
251 456 512 506 novissimam,
544 454 591 492 de
625 466 699 504 qua
732 453 861 492 nullus
893 453 1053 504 ambigit
1085 453 1342 506 Christianus,
1374 467 1452 493 non

116 514 279 551 minoris
316 519 374 551 est
407 486 665 551 temeritatis
709 511 844 562 Itaque
870 512 943 550 hoc
970 514 1009 550 in
1035 512 1162 550 medio
1194 513 1452 563 relinquimus

116 577 295 610 neutiam
320 577 472 622 partem
493 554 730 622 quaestionis
751 570 867 609 huius
893 576 974 609 astl
977 578 1115 609 nentes
1142 573 1221 609 sive
1248 571 1452 610 destruen-

117 636 193 681 tes,
252 630 320 668 sed
373 630 639 668 tantummodo
696 629 741 667 ab
792 628 1019 668 adfilmandi
1068 629 1269 680 quodlibet
1311 630 1453 669 horum

117 661 253 726 audaci
285 690 602 739 praesumptione
634 675 874 727 revocantes.

636 835 793 878 CAPUT
826 836 938 878 LIII.

266 924 325 962 De
357 928 531 971 tempore
561 923 797 960 novissimae
823 924 1117 981 persecutionis
1147 925 1313 961 occulto.

236 1005 344 1043 Illam
376 1016 468 1042 sane
500 1004 748 1042 novissimam
780 1005 1105 1054 persecutionem,
1140 1016 1237 1054 quae
1270 1004 1316 1042 ab
1348 1005 1454 1043 Anti-

120 1064 266 1102 christo
293 1064 425 1102 futura
450 1067 520 1113 est,
546 1063 766 1112 praesentia
792 1074 861 1100 sua
888 1063 1089 1111 extinguet
1115 1063 1197 1112 ipse
1225 1062 1345 1101 Iesus.
1391 1062 1455 1101 Sic

121 1124 224 1160 enim
256 1123 447 1172 scriptum
479 1126 556 1171 est,
595 1120 697 1170 quod
736 1132 826 1158 eum
859 1122 1075 1166 interficiet
1103 1123 1247 1169 spiritu
1281 1124 1363 1159 oris
1393 1123 1458 1159 sui

120 1186 159 1220 et
189 1181 403 1220 evacuabit
432 1181 734 1217 inluminatione
759 1180 1018 1227 praesentiae
1047 1190 1156 1217 suae.
1218 1179 1289 1217 Hic
1322 1181 1458 1230 quaeri

120 1239 235 1277 solet:
280 1237 443 1283 Quando
481 1237 585 1275 istud
624 1235 726 1275 erit?
787 1236 999 1287 inportune
1043 1239 1211 1275 omnino.
1275 1237 1316 1276 Si
1354 1239 1457 1276 enim

120 1298 193 1335 hoc
232 1296 344 1335 nobis
381 1308 496 1334 nosse
534 1295 757 1347 prodesset,
795 1307 815 1333 a
853 1307 929 1345 quo
969 1295 1106 1333 melius
1147 1308 1263 1346 quam
1295 1296 1341 1334 ab
1373 1298 1458 1347 ipso

121 1356 200 1394 Deo
239 1357 424 1406 magistro
466 1353 799 1404 interrogantibus
841 1353 1042 1404 discipulis
1086 1352 1313 1393 diceretur?
1372 1354 1459 1392 Non

122 1416 226 1452 enim
259 1414 453 1452 siluerunt
493 1412 583 1450 inde
615 1412 717 1463 apud
750 1425 855 1459 eum,
894 1412 962 1450 sed
994 1424 1014 1450 a
1045 1419 1251 1462 praesente
1284 1414 1458 1463 quaesie-

120 1478 214 1510 runt
257 1472 449 1510 dicentes:
494 1472 677 1522 Domine,
714 1473 751 1509 si
791 1472 866 1509 hoc
917 1476 1091 1519 tempore
1136 1473 1460 1521 repraesentabis

121 1542 289 1579 reanum
323 1531 479 1568 Israel?
540 1529 587 1567 At
619 1528 701 1568 ille:
743 1530 828 1567 Non
860 1534 935 1576 est,
974 1530 1117 1581 inquit,
1149 1535 1322 1569 vestrum
1352 1532 1460 1569 seire

122 1594 317 1638 tempora,
356 1600 460 1636 quae
494 1588 618 1627 Pater
651 1590 786 1636 posuit
826 1590 867 1626 in
897 1599 971 1626 sua
998 1592 1205 1636 potestate.
1266 1587 1353 1626 Non
1384 1590 1458 1627 uti-

122 1659 197 1697 que
230 1647 285 1685 illi
316 1646 363 1684 de
396 1646 491 1684 hora
524 1645 583 1684 vel
615 1646 675 1684 die
708 1645 768 1684 vel
800 1658 899 1684 anno
910 1677 920 1697 ,
953 1645 1020 1684 sed
1053 1646 1099 1684 de
1132 1653 1308 1697 tempore
1340 1648 1459 1685 inter-

122 1711 373 1757 rogaverant,
417 1704 571 1755 quando
616 1704 719 1742 istud
761 1716 947 1755 accepere
992 1716 1235 1755 responsum.
1298 1704 1460 1743 Frustra

121 1766 240 1814 igitur
278 1775 420 1815 annos,
462 1764 528 1813 qui
566 1768 769 1800 remanent
805 1762 896 1801 huic
937 1763 1114 1815 saeculo,
1157 1769 1384 1814 computare
1415 1775 1459 1802 ac

122 1822 285 1860 definire
324 1833 532 1872 conamur,
576 1829 665 1858 cum
706 1820 779 1858 hoc
817 1822 918 1859 scire
960 1832 1038 1859 non
1077 1833 1162 1860 esse
1203 1827 1382 1860 nostrum
1414 1833 1460 1859 ex

122 1878 189 1919 ore
234 1879 415 1918 Veritatis
461 1879 679 1929 audiamus3
725 1890 822 1928 quos
867 1884 996 1916 tamen
1038 1878 1101 1916 alii
1142 1879 1460 1931 quadringentos,

124 1939 186 1976 alii
220 1940 467 1990 quingentos,
498 1937 561 1974 alii
594 1938 710 1974 etiam
742 1936 844 1974 mille
877 1936 924 1974 ab
956 1938 1183 1975 ascensione
1212 1937 1364 1976 Domini
1397 1950 1460 1976 us·

125 2009 199 2047 que
241 1996 287 2034 ad
327 1998 411 2034 eius
449 1995 628 2034 ultimum
660 1994 867 2032 adventum
900 1994 1087 2045 compleri
1117 2008 1232 2048 posse
1266 1996 1460 2035 dixerunt.

221 2101 277 2139 16)
305 2100 336 2131 2.
364 2097 492 2131 Thess.
518 2099 551 2139 2,
578 2099 609 2130 8.
662 2096 719 2137 23)
746 2095 826 2128 Act.
858 2099 887 2137 1,
914 2099 933 2128 6
961 2106 1012 2138 sq.

220 2240 261 2269 21
289 2235 580 2280 repraesentabis
605 2234 855 2276 RAFParr.;
886 2236 1180 2279 praesentaberis
1206 2238 1245 2270 eb
1268 2236 1414 2280 quando
1439 2247 1460 2271 v

1586 143 1591 147 ·
1584 123 1588 128 ·
1575 0 1594 109 §au-uin·
