1548 2562
408 131 460 155 DE
481 130 669 156 CIVITATE
688 130 758 155 DEI
777 130 811 156 L.
832 131 931 156 xxn.
951 130 980 156 c.
1000 131 1024 156 8.
1296 122 1378 162 577

47 224 299 271 pararentur,
337 220 552 257 amicorum
590 220 673 257 eius
712 219 882 269 quidam
904 220 1008 257 inter
1048 219 1211 257 aliorum
1243 231 1379 257 conso-

48 278 210 317 lantium
241 276 358 315 verba
390 278 595 329 suggessit,
627 282 671 315 ut
702 277 876 316 eiusdem
909 279 1089 328 martyris
1120 277 1205 315 oleo
1237 289 1380 329 corpus

47 340 346 388 perungeretur.
408 335 568 374 Factum
601 340 677 387 est,
710 340 748 374 et
779 337 928 374 revixit.

164 394 339 444 Itemque
381 393 482 445 apud
520 405 591 431 nos
632 395 689 431 vir
734 393 969 432 tribunicius
1009 393 1217 432 Eleusinus
1262 406 1381 445 super

49 453 274 491 memoriam
306 458 537 504 martyrum,
571 463 668 502 quae
699 453 739 490 in
772 451 996 490 suburbano
1029 453 1113 490 eius
1146 458 1225 504 est,
1257 454 1377 503 aegri-

46 511 180 550 tudine
231 512 490 549 exanimatum
539 511 670 560 posuit
724 510 957 549 infantulum
1009 510 1154 562 tilium,
1204 515 1243 549 et
1291 516 1381 562 post

47 571 280 621 orationem,
318 581 433 619 quam
465 568 598 606 multis
631 580 719 606 cum
751 568 920 607 lacrimis
952 568 1006 607 1111
1038 568 1155 621 1“11(111,
1186 570 1381 607 viventem

46 627 195 666 levavit.

164 685 264 730 Quid
296 683 462 723 faciam?
522 684 643 735 Urget
679 685 795 723 huius
828 686 957 736 operis
989 684 1185 736 implenda
1215 687 1379 736 promis-

47 745 121 796 sio,
159 749 203 782 ut
243 755 320 781 non
361 743 422 781 hic
460 744 607 794 possim
646 745 773 781 omnia
811 755 1116 782 commemorare
1150 756 1247 794 qnae
1281 745 1378 796 scio,

47 801 246 852 0111100111
273 801 390 839 dubio
416 801 591 852 plerique
624 807 861 854 nostrorum,
893 814 982 840 cum
1014 802 1108 840 haec
1140 802 1282 854 legent,
1314 802 1378 840 do-

45 859 182 898 lebunt
212 872 273 898 me
304 861 614 910 praetermisisse
646 865 724 898 tam
756 860 893 912 multa,
926 872 1023 910 quae
1057 861 1191 911 utique
1224 872 1378 899 mecum

46 920 185 956 sciunt.
249 918 355 962 Quos
386 919 460 956 iam
493 930 615 969 nunc,
652 923 696 956 ut
733 919 952 968 ignoscant,
991 930 1106 970 rogo,
1138 924 1176 957 et
1208 921 1380 970 cogitent

46 988 161 1027 quam
192 976 332 1027 prolixi
370 976 513 1014 laboris
546 977 595 1014 sit
635 976 780 1028 facere,
818 976 921 1027 quod
954 989 1015 1014 me
1047 976 1109 1015 1110
1141 989 1219 1015 11011
1252 977 1379 1016 facere

47 1036 220 1085 suscepti
259 1036 388 1085 operis
426 1035 639 1072 necessitas
678 1036 792 1085 cogit.
855 1034 895 1072 Si
928 1036 1031 1072 enim
1062 1035 1248 1074 miracula
1280 1037 1378 1073 sani—

45 1098 188 1144 tatum,
232 1098 276 1131 111
321 1093 392 1130 alia
436 1098 600 1144 taceam,
645 1104 688 1130 ea
725 1093 991 1131 tantummodo
1034 1093 1147 1131 velim
1194 1093 1379 1145 scribere,

45 1163 142 1202 quae
180 1163 251 1202 per
288 1150 392 1189 hunc
430 1156 656 1202 martyrem,
696 1150 735 1189 id
768 1156 827 1189 est
858 1151 1184 1202 gloriosissimum
1218 1151 1375 1202 Stepha-

44 1221 149 1261 num,
181 1209 281 1248 facta
307 1215 398 1248 sunt
423 1210 463 1247 in
489 1209 637 1247 colonia
664 1208 880 1247 Calamensi
908 1215 945 1247 et
970 1211 1011 1247 in
1043 1215 1188 1262 nostra,
1220 1209 1378 1262 plurimi

45 1267 275 1306 conficiendi
313 1272 405 1306 sunt
435 1267 543 1318 libri,
580 1279 651 1305 nec
689 1274 819 1305 tamen
860 1269 987 1305 omnia
1020 1267 1146 1318 colligi
1178 1274 1376 1319 poterunt,

45 1325 112 1364 sed
149 1331 301 1364 tantum
338 1326 384 1364 de
424 1325 565 1376 quibus
602 1325 721 1363 11110111
760 1325 838 1363 dati
871 1331 979 1376 sunt,
1017 1327 1084 1376 qui
1116 1327 1377 1365 recitarentur

44 1386 84 1422 in
110 1383 275 1434 populis.
336 1383 378 1421 Id
404 1395 571 1434 namque
597 1384 682 1421 fieri
707 1383 911 1434 voluimus,
943 1395 1031 1422 cum
1058 1383 1280 1422 videremus
1313 1397 1377 1422 an-

44 1444 164 1492 tiquis
191 1441 328 1480 similia
354 1442 570 1480 divinarum
597 1443 706 1492 signa
737 1443 926 1480 virtutum
958 1443 1073 1480 etiam
1106 1444 1251 1481 nostris
1282 1448 1378 1481 tem-

44 1500 206 1551 poribus
246 1501 487 1550 frequentari
531 1506 569 1538 et
607 1512 651 1538 ea
689 1512 767 1538 non
799 1500 942 1538 debere
975 1500 1188 1539 multorum
1219 1503 1379 1539 notitiae

45 1558 234 1609 deperire.
295 1558 477 1597 Nondum
521 1564 580 1597 est
623 1563 752 1597 autem
795 1558 1020 1610 biennium,
1064 1571 1111 1597 ex
1156 1571 1232 1609 quo
1277 1559 1378 1610 apud

45 1616 262 1667 Hipponem
305 1619 456 1667 regium
500 1619 628 1667 coepit
672 1629 756 1655 esse
794 1618 868 1655 ista
905 1618 1114 1668 memoria,
1156 1622 1194 1655 et
1234 1617 1378 1669 multis,

45 1674 147 1725 quod
174 1674 286 1713 nobis
312 1677 574 1713 certissimum
600 1681 671 1727 051,
702 1687 779 1713 11011
806 1675 904 1713 datis
930 1674 1068 1713 libellis
1095 1675 1141 1713 de
1175 1675 1247 1727 his,
1280 1688 1377 1726 quae

45 1732 275 1771 mirabiliter
317 1734 414 1771 facta
453 1740 563 1784 sunt,
604 1733 659 1771 illi
696 1735 770 1784 ipsi
813 1735 879 1784 qui
911 1733 989 1771 dati
1021 1739 1112 1772 sunt
1144 1733 1190 1772 ad
1223 1740 1376 1785 septua-

44 1793 149 1842 ginta
175 1791 296 1829 ferme
324 1803 531 1830 numerum
556 1798 827 1844 pervenerant,
859 1791 1012 1842 quando
1045 1793 1118 1830 ista
1150 1794 1378 1843 conscripsi.

45 1849 219 1887 Calamae
251 1861 360 1897 vero,
399 1849 465 1888 11111
497 1855 536 1888 01
566 1851 649 1900 ipsa
681 1852 865 1888 memoria
903 1851 1012 1900 prius
1045 1863 1130 1889 esse
1173 1852 1302 1901 coepit
1340 1857 1379 1889 et

45 1907 222 1946 crebrius
255 1907 406 1959 dantur,
438 1908 729 1958 incomparabili
762 1908 1009 1947 multitudine
1043 1914 1239 1959 superant.

161 1965 265 2004 Uzali
303 1967 438 2018 etiam,
480 1978 577 2016 quae
618 1967 766 2005 colonia
798 1966 930 2005 ‘Uticae
969 1968 1094 2005 vicina
1132 1972 1212 2019 est,
1258 1967 1378 2006 multa

44 2023 241 2074 praeclara
280 2036 350 2074 per
389 2024 557 2063 eundem
589 2031 799 2076 martyrem
830 2026 929 2063 sacta
962 2026 1235 2077 cognovimus3
1268 2027 1378 2064 cuius

44 2081 97 2120 ibi
124 2083 309 2120 memoria
333 2082 444 2133 longe
471 2084 581 2133 prius
608 2095 722 2134 quam
754 2084 854 2134 apud
888 2095 958 2121 nos
991 2083 1037 2121 ab
1070 2084 1254 2134 episcopo
1282 2083 1378 2122 Evo-

138 2244 159 2274 4
185 2240 381 2275 eleusinius
409 2240 516 2275 Parr.
540 2245 684 2285 praeter
707 2252 730 2286 9
760 2243 772 2286 ΙΙ
805 2245 824 2276 5
851 2241 1028 2276 memoria
1053 2242 1088 2276 A
1108 2243 1120 2286 ΙΙ
1141 2247 1160 2278 9
1192 2242 1380 2287 implenda

43 2297 113 2322 mss
135 2288 236 2331 (486,
261 2290 342 2330 17)‚·
366 2287 544 2331 implendi
567 2289 681 2332 01126
708 2288 753 2322 (10
778 2287 823 2322 iis
848 2299 869 2323 v

114 2358 190 2378 Auo.
208 2357 250 2377 m:
267 2358 330 2379 σιν.
350 2359 413 2378 nm.
442 2352 483 2379 11.
1053 2350 1096 2382 37

1408 751 1450 782 10

1409 1043 1449 1073 15

1403 1334 1447 1365 20

1406 1625 1447 1655 25

1405 1917 1449 1947 30
