1548 2562
384 145 436 170 DE
457 143 644 170 eivrrATE
663 144 733 169 DEI
751 144 785 170 L.
806 144 904 168 xxn.
924 143 954 168 c.
974 145 1015 169 27.
1036 145 1078 169 28.
1310 135 1390 174 621

64 245 328 285 consequens,
369 238 412 271 ut
453 238 491 270 et
529 233 702 270 redirent
744 232 978 270 animaead
1023 243 1187 282 corpora
1232 237 1269 270 et
1307 232 1395 270 talia

63 294 284 343 reciperent
312 303 487 342 corpora,
519 292 559 328 in
586 290 728 341 quibus
760 290 871 328 beate
904 295 1019 341 atque
1051 289 1310 328 inmortaliter
1341 292 1393 328 vi—

63 355 210 388 verent.
273 349 461 394 Quoniam
501 349 718 387 secundum
748 348 948 387 Platonem
982 350 1096 386 etiam
1129 354 1282 386 sanctae
1316 349 1392 386 ani-

63 420 147 446 mae
181 407 226 446 ad
258 407 425 446 humana
458 419 620 458 corpora
653 406 856 458 redibunt5
889 406 1105 445 secundum
1136 406 1393 457 Porphyrium

64 466 109 504 ad
142 465 239 504 mala
276 465 411 504 mundi
449 465 565 503 11111115
598 471 751 503 sanctae
785 466 932 503 animae
966 477 1042 502 non
1075 464 1270 503 redibunt.
1331 464 1392 502 Di-
1421 473 1440 502 5

64 529 125 562 cat
149 526 280 574 itaque
301 535 388 562 cum
409 523 567 561 Platone
588 523 844 574 Porphyrius:
869 522 1091 574 „Redibunt
1116 523 1162 561 ad
1189 519 1393 574 corpora“;

63 582 166 620 dicat
196 582 303 620 Plato
342 593 431 619 cum
463 581 696 632 Porphyrio:
734 581 852 632 „Non
885 581 1068 619 redibunt
1100 581 1145 619 ad
1178 578 1324 620 niala“:
1357 587 1396 619 et

64 640 109 678 ad
142 653 186 678 ea
218 651 382 691 corpora
412 639 541 677 redire
575 641 834 687 consentient,
864 641 903 677 in
938 639 1078 690 quibus
1112 639 1215 677 nulla
1247 641 1393 690 patian-

63 704 127 737 tur
153 698 260 736 mala.
321 697 424 735 Haec
451 699 580 748 itaque
613 710 692 736 non
723 703 840 736 erunt
871 698 945 735 nisi
976 697 1038 735 illa
1072 710 1169 748 quae
1201 699 1394 748 promittit

64 756 184 808 Deus,
222 756 351 794 beatas
384 757 528 793 animas
560 757 599 794 in
632 761 833 794 aeternum
865 768 954 794 cum
987 767 1054 793 sua
1087 761 1245 794 aeterna
1277 768 1391 794 carne
1422 763 1463 793 10

62 816 242 853 victuras.
304 813 385 852 Hoc
417 815 537 866 enim,
579 820 764 864 quantum
799 815 994 864 existimo⁷
1033 815 1107 852 iam
1140 814 1250 852 facile
1283 813 1394 852 nobis

64 873 324 910 concederent
362 871 490 919 ambo,
528 877 590 924 ut,
629 873 695 922 qui
734 872 950 910 faterentur
982 872 1026 909 ad
1060 872 1278 910 inmortalia
1311 884 1394 910 cor—

62 943 157 981 pora
189 930 382 969 redituras
408 932 554 968 animas
586 942 671 968 esse
704 935 938 980 sanctorum,
971 930 1016 968 ad
1050 942 1119 968 sua
1150 930 1233 968 illas
1265 930 1393 968 redire

63 990 360 1040 permitterent,
399 990 439 1026 in
481 988 622 1039 quibus
660 988 757 1026 mala
793 988 910 1026 huius
950 988 1093 1026 saeculi
1135 988 1394 1039 pertulerunt,

63 1049 103 1084 in
142 1046 282 1097 quibus
320 1046 460 1098 Deum,
497 1052 540 1085 ut
576 1046 637 1085 his
676 1046 784 1084 malis
818 1051 1016 1097 carerent,
1055 1048 1116 1096 pie
1150 1046 1393 1097 fideliterque
1424 1054 1465 1084 15

65 1105 280 1144 coluerunt.

536 1240 690 1282 CAPUT
716 1241 916 1282 XXVIII.

72 1327 177 1372 Quid
207 1327 262 1363 ad
292 1337 426 1363 veram
458 1328 768 1364 resurrectionis
795 1327 916 1372 fidem
948 1328 1010 1364 vel
1034 1327 1147 1364 Plato
1180 1328 1241 1364 vel
1264 1326 1396 1364 Labeo

105 1386 167 1422 vel
195 1385 312 1422 etiam
354 1384 482 1422 Varro
515 1383 703 1431 conferre
733 1385 810 1421 sibe·
834 1386 1057 1432 potuerint,
1089 1386 1125 1422 si
1155 1386 1356 1432 opitie’ones

258 1453 393 1480 eorum
427 1444 466 1480 m
498 1453 618 1480 uncim
650 1444 883 1480 sementiam
915 1445 1197 1481 convenissent.
1424 1449 1467 1480 20

183 1522 369 1560 Nonnulli
419 1524 543 1561 nostri
596 1529 756 1573 propter
801 1523 994 1573 quoddam
1042 1523 1397 1574 praeclarissimum

66 1579 249 1631 loquendi
274 1593 397 1630 genus
424 1586 462 1619 et
495 1586 656 1632 propter
688 1581 883 1633 nonnulla,
915 1593 1012 1631 quae
1045 1582 1235 1619 veraciter
1268 1583 1397 1633 sentit,

66 1645 239 1677 amantes
270 1638 468 1677 Platonem
509 1639 644 1677 dicunt
684 1651 773 1677 eum
805 1639 949 1690 aliquid
982 1639 1105 1677 simile
1139 1639 1249 1677 nobis
1282 1641 1397 1677 etiam

66 1697 112 1735 de
150 1703 395 1735 mortuorum
432 1698 720 1736 resurrectione
768 1699 947 1736 sensisse.
1009 1697 1120 1743 Quod
1155 1697 1311 1747 quidem
1342 1699 1397 1736 sic

66 1757 188 1806 tangit
218 1757 257 1793 in
288 1754 396 1793 libris
429 1755 476 1794 de
508 1768 549 1793 re
582 1755 735 1806 publica
767 1755 927 1807 Tullius,
959 1761 1002 1794 ut
1034 1767 1122 1794 eum
1154 1755 1294 1794 lusisse
1326 1768 1392 1806 po-
1422 1764 1464 1794 25

67 1815 143 1851 tius
183 1825 297 1863 quam
336 1813 436 1863 quod
476 1813 513 1851 id
552 1825 687 1852 verum
728 1825 812 1851 esse
846 1814 1022 1852 adfirmet
1054 1814 1184 1852 dicere
1217 1813 1395 1852 voluisse.

66 1870 218 1910 Inducit
238 1873 340 1909 enim
366 1871 562 1910 hominem
589 1873 773 1910 revixisse
801 1876 838 1910 et
864 1884 1041 1911 narrasse
1069 1871 1270 1923 quaedam,
1297 1884 1395 1923 quae

159 1974 217 2015 25)
244 1976 275 2014 6,
301 1975 332 2007 4.

161 2114 181 2144 8
218 2111 406 2155 patiuntur
443 2111 478 2145 R
514 2112 526 2155 ΙΙ
564 2116 604 2145 11
633 2111 793 2146 uicturas
828 2111 863 2146 R
895 2112 945 2146 ed.
979 2111 1140 2153 Lovan.‚·
1174 2110 1336 2146 facturus
1362 2113 1397 2146 A

69 2157 178 2191 Parr.
198 2168 217 2191 v
237 2159 249 2202 ΙΙ
268 2161 310 2191 22
332 2157 444 2192 sentit
462 2157 519 2198 R,-
545 2158 658 2192 sensit
676 2159 732 2192 Av
751 2159 764 2203 ΙΙ
783 2162 826 2193 26
853 2158 951 2202 quod
976 2168 1041 2192 om.
1068 2158 1125 2200 A‚·
1149 2159 1209 2193 sed
1234 2159 1276 2193 de
1300 2158 1398 2202 quod

67 2204 273 2239 abundante
298 2207 382 2248 post
400 2206 621 2249 negationem
644 2205 697 2239 vel
715 2216 825 2249 quam
851 2205 1133 2248 comparativum
1154 2205 1198 2247 cf.
1226 2207 1307 2247 513,
1332 2208 1398 2247 145

68 2249 175 2295 Cypr.
210 2262 287 2295 epp.
321 2254 385 2293 59,
417 2254 464 2286 16
496 2252 558 2295 fin.
591 2251 674 2296 plus
706 2262 815 2295 quam
847 2251 946 2295 quod
972 2252 1118 2295 oportet
1153 2251 1165 2295 ΙΙ
1202 2262 1278 2286 esse
1305 2251 1397 2293 BA,-

67 2299 163 2331 essel:
185 2308 206 2332 v
