1611 2465
53 719 94 749 10

54 1012 95 1041 15

52 1304 96 1334 20

52 1597 94 1627 25

52 1888 96 1919 30

119 84 203 125 568
653 90 680 118 S.
702 90 919 117 AUGUSTINI

118 185 309 235 facerent,
345 183 545 231 iratusque
584 179 694 218 illum
731 179 844 219 domo
883 179 1078 219 abiecerat
1114 182 1255 232 vixque
1297 193 1457 233 recepe-

118 238 211 295 rat),
242 242 373 292 erupit
397 246 512 290 atque
539 240 607 277 ait:
639 238 786 277 Iterum
819 250 879 276 me
912 240 1060 277 secturi
1092 237 1214 278 estis?
1253 240 1309 278 Ad
1341 240 1459 293 illius,

120 312 236 352 quem
263 300 443 338 noluistis
470 309 554 336 esse
580 302 838 349 praesentem,
870 296 987 335 verba
1019 303 1207 336 venturus
1239 296 1357 337 sum?
1397 298 1458 337 In-

118 360 248 399 ridere
285 358 339 396 illi
377 356 573 395 medicum
610 357 835 407 imperitum
874 361 1099 406 metumque
1137 356 1305 395 hominis
1345 356 1458 396 bonis

118 418 247 457 verbis
287 414 692 467 promissionibusque
733 414 867 452 lenire.
935 413 1231 454 Praeterierunt
1270 415 1331 454 alii
1374 416 1460 454 dies

118 477 277 529 plurimi
317 474 490 525 nihilque
534 472 763 525 proficiebat
805 484 918 511 omne
963 473 1065 523 quod
1118 473 1244 512 fiebat.
1318 474 1460 513 Medici

118 542 249 575 tamen
280 535 321 572 in
353 545 423 572 sua
454 531 731 584 pollicitatione
765 531 971 583 sistebant,
1003 543 1082 570 non
1114 544 1155 570 se
1187 531 1296 570 illum
1329 534 1460 572 sinum

119 595 244 645 ferro,
282 592 351 631 sed
388 591 682 630 medicamentis
721 602 806 628 esse
839 589 1053 628 clausuros.
1115 590 1389 630 Adhibuerunt
1421 597 1462 630 et

120 652 236 691 alium
269 651 530 702 grandaevum
560 651 635 688 iam
668 648 862 687 medicum
895 649 1065 700 satisque
1096 650 1137 688 in
1169 649 1232 687 illa
1264 655 1346 688 arte
1379 649 1459 688 lau-

120 711 253 750 datum
274 706 420 763 (adhuc
441 710 546 747 enim
571 704 752 760 vivebat),
784 707 1042 754 Ammonium‚
1076 709 1142 758 qui
1170 707 1255 746 loco
1282 709 1461 759 inspecto

119 770 223 809 idem
261 768 365 820 quod
408 767 463 806 illi
507 779 553 806 ex
595 778 732 804 eorum
772 765 971 817 diligentia
1011 767 1228 817 peritiaque
1267 768 1460 818 promisit.

121 828 241 867 Cuius
267 827 330 865 ille
358 827 483 865 factus
510 826 741 864 auctoritate
769 836 932 864 securus
959 824 1172 863 domestico
1199 837 1269 863 suo
1298 825 1462 879 medico,

121 889 187 938 qui
219 887 392 925 futuram
418 884 664 936 praedixerat
697 883 808 922 aliam
841 885 1067 934 sectionem,
1100 883 1222 922 faceta
1254 883 1462 936 hilaritate,

120 945 225 984 velut
256 946 332 983 iam
365 943 511 995 salvus,
548 942 693 981 inlusit.
757 941 857 987 Quid
902 940 1042 992 plura?
1106 941 1180 980 Tot
1211 941 1294 980 dies
1326 947 1462 993 postea

122 1005 292 1042 inaniter
324 1003 546 1052 consumpti
578 1002 839 1052 transierunt,
877 1007 917 1038 ut
950 1001 1043 1038 fessi
1075 1007 1189 1051 atque
1223 1001 1376 1039 confusi
1408 1001 1460 1039 fa·

121 1067 300 1101 terentur
339 1073 429 1099 eum
470 1061 546 1098 nisi
586 1060 691 1097 ferro
734 1058 838 1096 nullo
879 1058 993 1097 modo
1031 1071 1146 1110 posse
1185 1060 1323 1097 sanari.
1385 1059 1460 1097 Ex-

120 1122 236 1173 pavit,
262 1119 447 1171 expalluit
466 1120 584 1156 nimio
611 1116 790 1156 turbatus
817 1118 968 1169 timore,
1002 1123 1117 1168 atque
1145 1117 1211 1155 ubi
1238 1129 1278 1155 se
1306 1117 1463 1168 collegit

121 1180 272 1229 farique
299 1179 439 1229 potuit,
471 1176 577 1215 abire
604 1176 690 1214 illos
722 1176 837 1213 iussit
868 1180 907 1214 et
938 1175 984 1213 ad
1018 1187 1058 1213 se
1092 1175 1256 1227 amplius
1289 1188 1367 1214 non
1400 1187 1460 1214 ac-

122 1237 286 1288 cedere,
331 1248 403 1275 nec
445 1235 548 1273 aliud
587 1235 761 1272 occurrit
798 1234 955 1284 fatigato
994 1233 1164 1272 lacrimis
1203 1240 1241 1272 et
1281 1234 1345 1272 illa
1385 1235 1462 1273 iam

123 1296 355 1334 necessitate
408 1294 639 1344 constricto,
689 1293 764 1329 nisi
814 1298 857 1330 ut
907 1291 1109 1331 adhiberet
1158 1291 1462 1331 Alexandrinum

122 1353 328 1405 quendam,
361 1353 428 1403 qui
459 1358 553 1390 tunc
586 1350 794 1401 chirurgus
827 1350 1013 1388 mirabilis
1046 1350 1271 1398 habebatur,
1304 1356 1347 1389 ut
1377 1352 1461 1402 ipse

122 1413 268 1451 faceret
288 1411 392 1462 quod
419 1410 465 1449 ab
491 1409 567 1448 illis
594 1410 679 1447 fieri
705 1408 860 1447 nolebat
885 1410 1019 1447 iratus.
1083 1409 1157 1447 Sed
1185 1415 1320 1460 postea
1346 1421 1462 1460 quam

122 1472 227 1509 venit
257 1470 320 1508 ille
354 1469 605 1519 laboremque
644 1467 800 1506 illorum
837 1468 877 1505 in
909 1467 1157 1506 cicatricibus
1190 1469 1292 1506 sicut
1323 1468 1462 1506 artifex

122 1529 228 1581 vidit,
259 1528 352 1566 boni
378 1529 451 1566 viri
477 1528 634 1566 functus
662 1526 789 1564 officio
815 1527 1011 1576 persuasit
1042 1526 1201 1578 homini,
1234 1532 1278 1564 ut
1307 1525 1363 1564 illi
1393 1538 1460 1577 po-

121 1589 211 1639 tius,
243 1588 310 1638 qui
342 1588 381 1625 in
415 1598 459 1624 eo
494 1591 644 1624 tantum
675 1584 963 1637 laboraverant,
1004 1590 1192 1635 quantum
1224 1586 1307 1636 ipse
1339 1586 1459 1635 inspi-

122 1648 229 1685 ciens
261 1644 493 1696 mirabatur,
526 1656 618 1683 suae
651 1644 863 1681 curationis
896 1643 971 1681 fine
1004 1643 1243 1695 fruerentur,
1275 1642 1460 1694 adiciens,

122 1704 225 1755 quod
264 1716 307 1742 re
346 1715 435 1742 vera
475 1704 551 1740 nisi
590 1708 720 1740 sectus
760 1707 865 1740 esset
902 1701 1029 1740 salvus
1070 1713 1155 1740 esse
1194 1713 1272 1739 non
1310 1706 1462 1752 posset3

121 1763 229 1801 valde
269 1762 479 1800 abhorrere
520 1773 541 1803 a
583 1762 664 1799 suis
697 1759 892 1811 moribus,
931 1765 975 1798 ut
1012 1759 1256 1812 hominibus,
1294 1771 1462 1810 quorum

121 1822 482 1860 artificiosissimam
532 1830 691 1870 operam
744 1818 976 1857 industriam
1027 1818 1267 1869 diligentiam
1316 1820 1463 1856 mirans

121 1882 161 1918 in
187 1879 436 1918 cicatricibus
463 1879 546 1916 eius
572 1877 733 1929 videret,
764 1883 926 1927 propter
959 1878 1141 1927 exiguum
1175 1877 1278 1927 qnod
1310 1888 1461 1915 reman-

122 1940 172 1977 sit
211 1938 376 1989 palmam
416 1937 514 1975 tanti
554 1934 697 1973 laboris
745 1936 929 1974 auferret.
998 1934 1153 1973 Redditi
1197 1940 1288 1973 sunt
1332 1936 1460 1972 animo

122 1998 222 2048 eius,
261 2003 299 2035 et
330 1996 476 2047 placuit
513 2000 556 2033 ut
594 1994 729 2032 eodem
763 1992 1022 2030 Alexandrino
1057 1993 1267 2031 adsistente
1299 1994 1374 2044 ipsi
1407 1994 1455 2031 si-

121 2067 214 2093 num
241 2054 349 2093 illum
376 2056 492 2104 ferro,
525 2054 592 2103 qui
623 2053 698 2090 iam
731 2063 925 2089 consensu
958 2052 1132 2089 omnium
1163 2051 1275 2090 aliter
1307 2053 1459 2089 insana-

217 2216 236 2245 5
265 2213 301 2245 et
321 2211 385 2246 aiii
404 2223 424 2246 v
444 2213 455 2255 ΙΙ
477 2217 494 2246 7
522 2212 771 2256 persistebant
791 2223 808 2245 ο
828 2212 840 2255 ΙΙ
859 2214 902 2244 21
929 2210 1025 2255 ipse]
1052 2211 1174 2245 malim
1200 2211 1270 2244 iste
1290 2211 1301 2254 ΙΙ
1321 2214 1364 2244 26
1391 2220 1464 2244 cur.

124 2269 210 2293 suae
239 2270 255 2292 v
275 2260 286 2302 ΙΙ
307 2261 349 2292 28
376 2259 486 2293 ualde
512 2258 568 2300 R,·
595 2258 658 2292 sed
683 2257 792 2292 ualde
818 2258 874 2291 At·
895 2258 968 2300 1129
998 2257 1182 2291 admirans
1208 2268 1227 2291 v
