1548 2562
425 128 477 153 DE
496 127 684 154 cIV1TA'rE
704 128 774 154 DEI
793 128 826 153 L.
845 128 925 154 xw.
945 128 974 154 c.
992 129 1019 154 4.
1040 130 1064 154 5.
1253 132 1277 161 ,·
1366 120 1417 158 11

95 218 378 264 iustificabitur
397 219 521 255 omnis
541 229 650 264 caro,
683 219 761 255 sive
788 217 891 268 quod
923 218 1110 267 scriptum
1142 221 1220 255 est:
1252 217 1417 265 Septua-

90 278 205 324 yinta
230 277 403 323 quinque
429 277 587 314 animae
622 277 914 314 descenderunt
948 287 1036 314 cum
1063 276 1185 313 Iacob
1217 277 1258 313 in
1290 276 1417 324 Aeyy-

89 338 210 383 ptum.
271 332 320 371 Et
358 332 412 371 ibi
443 335 546 371 enim
577 346 647 384 per
679 346 833 372 omnem
871 345 1025 372 carnem
1058 335 1182 371 omnis
1214 333 1349 385 horno,
1382 339 1420 371 et

93 391 146 430 ibi
183 403 254 442 per
292 392 534 442 septuaginta
572 393 743 442 quinque
782 394 926 430 animas
965 393 1206 442 septuaginta
1245 392 1416 442 quinque

92 449 268 488 homines
317 449 607 500 intelleguntur.
674 449 723 488 Et
772 450 874 500 quod
924 450 1069 489 dictum
1113 455 1195 488 est:
1246 451 1332 488 Non
1376 452 1415 488 in
1443 457 1462 488 5

91 510 312 557 sapientiae
348 509 547 546 humanae
586 509 712 547 doctis
748 510 893 557 verbis,
939 510 1065 559 potuit
1096 508 1189 547 dici:
1236 507 1346 560 „Non
1378 509 1417 546 in

93 567 303 617 sapientiae
347 562 552 618 earnaliS“;
597 567 697 604 sicut
737 567 839 617 quod
883 567 1029 605 dictum
1067 572 1146 605 est:
1190 567 1419 605 Secundum

91 627 283 663 hominem
327 626 556 672 ambulatis,
609 626 736 675 potuit
777 625 870 663 diei:
919 625 1175 677 „Secundum
1227 620 1418 663 carnem“.

91 682 210 733 Magis
248 688 376 721 autem
414 682 488 721 hoc
526 684 704 734 apparuit
739 684 779 721 in
817 683 877 721 his
916 695 1013 733 quae
1059 683 1275 722 subiunxit:
1323 683 1418 721 Cum

91 744 194 780 enim
231 743 319 789 quis
356 742 484 780 dicat:
521 742 605 790 qu
645 743 802 789 quidem
838 753 923 780 sum
958 743 1091 788 Pauli,
1131 744 1233 780 alius
1265 746 1418 780 autem:
1447 749 1487 779 10

91 800 176 848 qu
202 800 349 849 Apollo,
381 811 511 838 nonne
534 801 709 839 homines
735 802 852 838 estis?
914 799 1024 844 Quod
1057 799 1226 838 dicebat:
1258 801 1417 838 Anima-

90 861 147 898 les
190 861 298 905 estis,
342 863 397 897 et:
446 859 636 897 Gamales
673 861 782 905 estis,
822 859 1043 909 expressius
1076 858 1188 896 dixit:
1234 859 1419 897 Homines

92 918 202 964 estis,
241 916 343 967 quod
376 922 451 955 est:
486 916 744 968 „Secundum
775 916 971 954 hominem
1003 917 1139 967 vivitis,
1171 928 1248 954 non
1282 928 1417 955 secun-

91 975 183 1013 dum
213 974 352 1026 Deum,
384 974 598 1013 secundum
631 987 745 1025 quem
779 976 811 1013 si
842 976 1041 1027 viveretis,
1074 975 1125 1012 dii
1159 971 1332 1013 essetis.“

638 1110 791 1153 CAPUT
822 1111 873 1152 V.
1033 1137 1036 1140 -
1447 1123 1487 1153 15

97 1197 212 1242 Quod
240 1198 289 1234 de
325 1199 506 1245 corporis
538 1198 772 1244 animaeque
804 1201 953 1234 natura
985 1197 1232 1234 tolerabilior
1263 1198 1419 1243 quidem

168 1255 466 1293 Platonicorum
497 1266 615 1302 quam
648 1251 980 1293 Manichaeorum
1011 1256 1063 1292 sit
1093 1256 1241 1303 opinio,
1273 1256 1346 1293 sed

208 1317 246 1352 et
279 1315 365 1362 ipsa
396 1314 665 1361 reprobanda,
697 1315 883 1361 quoniam
915 1315 1100 1351 vitiorum
1132 1315 1302 1351 omnium

394 1383 538 1410 causas
569 1376 742 1410 naturae
773 1373 910 1410 carnis
942 1372 1121 1409 ascribit.

206 1452 291 1491 Non
328 1453 446 1503 igitur
483 1465 580 1503 opus
619 1459 678 1490 est
708 1454 747 1490 in
779 1454 948 1503 peccatis
979 1454 1158 1503 vitiisque
1192 1454 1336 1490 nostris
1368 1452 1414 1490 ad
1445 1460 1487 1491 20

92 1510 287 1550 Creatoris
324 1512 504 1549 iniuriam
543 1512 669 1549 carnis
708 1523 889 1549 accusare
923 1516 1120 1562 naturam,
1152 1523 1249 1561 quae
1282 1512 1321 1548 in
1354 1523 1417 1561 ge-

92 1581 186 1608 nere
231 1575 345 1620 atque
389 1569 524 1607 ordine
563 1581 633 1607 suo
672 1568 772 1607 bona
815 1575 891 1620 est3
935 1569 1002 1607 sed
1040 1569 1194 1607 deserto
1235 1568 1418 1607 Creatore

90 1627 192 1666 hono
232 1628 360 1666 vivere
399 1627 613 1665 secundum
651 1633 825 1665 creatum
865 1627 1010 1665 bonum
1048 1639 1124 1665 non
1164 1632 1222 1665 est
1260 1626 1418 1678 bonum,

93 1678 172 1724 si've
210 1687 374 1736 quisque
422 1685 638 1723 secundum
678 1697 834 1723 carnem
876 1687 954 1724 sive
999 1685 1213 1723 secundum
1253 1687 1419 1723 animam

92 1745 172 1782 sive
205 1743 420 1782 seeundum
451 1748 576 1782 totum
607 1743 820 1795 hominem,
862 1745 928 1794 qui
960 1756 1006 1781 ex
1039 1745 1164 1781 anima
1197 1749 1349 1782 constat
1380 1749 1418 1781 et
1445 1752 1488 1784 ²25

92 1813 208 1840 carne
247 1797 369 1854 (unde
407 1806 445 1839 et
482 1802 636 1839 nomine
676 1802 795 1843 solius
833 1803 981 1840 animae
1021 1807 1059 1840 et
1099 1803 1254 1840 nomine
1297 1796 1417 1840 solius

93 1861 220 1899 carnis
265 1860 471 1910 significari
511 1855 658 1911 potest)
702 1859 816 1910 eligat
861 1862 1000 1899 vivere.
1068 1860 1163 1898 Nam
1204 1861 1270 1910 qui
1313 1860 1418 1898 velut

94 1930 288 1957 summum
320 1917 463 1956 boumn
495 1917 624 1956 laudat
655 1919 802 1956 animae
836 1924 1012 1957 naturam
1043 1924 1082 1957 et
1113 1924 1307 1969 tamquam
1340 1930 1416 1956 ma-

92 1976 172 2015 lum
196 1982 374 2015 naturam
399 1977 525 2014 carnis
551 1981 718 2028 accusat,
749 1977 923 2027 profecto
950 1982 989 2015 et
1014 1978 1179 2015 animam
1211 1976 1417 2015 carnaliter

187 2067 220 2110 1)
246 2065 348 2100 Rom.
376 2069 408 2109 3,
433 2068 488 2100 20.
538 2068 573 2109 3)
599 2064 687 2099 Gen.
714 2069 770 2106 46,
796 2069 851 2100 27.
903 2068 959 2109 11)
988 2070 1015 2101 1.
1043 2065 1121 2100 Cor.
1149 2070 1182 2109 3,
1207 2068 1239 2100 4.

187 2196 205 2227 1
231 2192 447 2227 iustificatur
479 2192 546 2233 Ve;
571 2193 615 2235 cf.
642 2196 675 2235 4,
700 2197 750 2229 29
769 2195 782 2238 ΙΙ
803 2198 844 2228 10
871 2193 1018 2237 quidem
1052 2193 1160 2228 VAF
1181 2166 1245 2229 sec
1271 2194 1418 2236 Graec„-

91 2249 156 2273 om.
181 2249 202 2273 v
221 2241 233 2283 ΙΙ
254 2243 295 2274 18
320 2239 401 2284 ipsa
424 2239 654 2283 reprobanda
681 2240 726 2281 V;
753 2240 824 2284 ipsi
848 2240 1092 2284 ieprobantur
1109 2252 1128 2274 v
1148 2242 1160 2285 ΙΙ
1179 2240 1341 2275 omnium
1369 2241 1418 2283 V,-

92 2295 156 2321 om.
182 2296 202 2320 v
221 2288 232 2330 ΙΙ
255 2290 295 2320 19
321 2286 470 2320 ascribit
493 2287 641 2330 scripsi;
667 2286 816 2331 ascripti
849 2287 899 2328 V,
922 2287 1110 2321 ascribunt
1133 2298 1153 2321 v
