1548 2562
438 85 490 110 DE
510 84 697 110 CIVITATE
716 85 785 109 DE1
804 84 837 109 L.
857 84 921 109 xx.
941 84 971 110 c.
993 86 1016 109 9.
1295 73 1377 114 431

51 175 166 212 etiam
203 179 354 212 ceteros
391 179 567 211 mortuos
605 174 864 223 intellegimus
902 174 1143 224 pertinentes
1179 171 1224 209 ad
1259 171 1378 209 ecele-

52 234 158 284 siam,
191 232 292 282 quod
326 237 384 270 est
415 244 578 282 regnum
612 231 766 270 Christi.

169 290 278 334 Quod
311 302 402 328 vero
430 292 624 340 sequitur:
658 291 709 328 Et
738 293 775 329 si
804 293 875 338 qui
903 302 979 329 non
1013 291 1287 328 adoraz.⁷erunt
1319 288 1380 326 be-

50 351 166 387 stiam
192 361 265 387 nee
291 351 502 396 imayinem
529 351 624 395 eim,
656 361 782 397 neque
809 353 1052 397 aeceperunt
1084 349 1379 396 inscriptionem

51 409 91 444 in
125 406 262 455 fronte
299 412 369 445 aut
406 409 445 445 in
484 418 603 445 manu
640 419 731 455 sua,
773 407 887 445 simul
926 407 972 444 de
1010 408 1104 444 vivis
1142 417 1185 443 ac
1217 406 1382 442 mortuis
1409 412 1428 441 5

51 464 237 503 debemus
275 467 461 515 accipere.
524 465 629 510 Quae
668 467 718 503 sit
754 477 871 516 porro
909 467 982 503 ista
1020 464 1164 515 bestia,
1209 464 1382 514 quamvis

52 524 101 561 sit
140 523 363 574 diligentius
401 523 701 575 requirendum,
742 536 819 561 non
857 529 985 561 tamen
1025 523 1208 561 abhorret
1247 534 1266 559 a
1308 520 1381 559 fide

52 588 168 633 recta,
200 587 243 620 ut
274 584 355 632 ipsa
387 584 503 633 impia
537 583 669 620 civitas
702 581 948 632 intellegatur
980 587 1018 620 et
1050 581 1216 632 populus
1248 579 1381 617 infide-

52 639 144 677 lium
178 642 397 678 contrarius
429 640 571 691 populo
610 640 713 678 fideli
745 645 783 678 et
815 642 958 678 civitati
990 639 1069 678 Dei.
1131 639 1259 689 Imago
1291 650 1382 676 vero

52 700 135 736 eius
167 698 359 736 simulatio
398 701 482 737 eius
520 698 613 736 mihi
645 699 814 750 videtur,
851 700 890 736 in
923 700 979 736 eis
1009 698 1189 736 videlieet
1219 697 1382 734 homini·
1412 704 1452 734 10

51 756 136 807 hus,
169 758 235 807 qui
267 756 371 795 velut
397 757 511 795 fidem
537 757 772 807 profitentur
799 762 837 795 et
862 756 1069 794 infideliter
1101 758 1245 794 vivunt.
1295 754 1382 792 Fin-

51 820 147 865 gunt
173 816 275 853 enim
303 827 342 853 se
371 827 455 853 esse
483 816 585 865 quod
613 827 689 853 non
717 821 818 866 sunt,
849 821 1115 865 vocanturque
1148 826 1223 851 non
1256 814 1384 851 veraci

52 873 198 924 effigie,
236 873 302 911 sed
343 873 465 912 fallaci
504 875 667 923 imagine
701 873 921 911 Christiani.
984 872 1038 910 Ad
1080 872 1240 910 eandem
1279 883 1383 908 nam-

52 944 127 981 que
159 931 323 969 bestiam
364 934 562 982 pertinent
602 944 677 969 non
716 932 840 970 solum
873 936 1005 981 aperte
1038 931 1185 968 inimici
1216 931 1384 967 nominis

53 989 196 1027 Christi
229 995 267 1028 et
307 992 390 1028 eius
428 990 727 1040 gloriosissimae
761 991 944 1040 civitatis,
983 988 1049 1026 sed
1084 990 1197 1026 etiam
1230 989 1384 1038 zizania,
1412 996 1452 1025 15

53 1060 150 1098 quae
178 1048 223 1086 (le
251 1060 370 1098 reguo
398 1050 493 1095 eius,
527 1048 628 1098 quod
656 1053 715 1085 est
746 1048 921 1097 eeclesia,
952 1049 990 1085 in
1023 1048 1098 1085 fine
1132 1045 1276 1084 saeculi
1308 1045 1383 1084 eol-

52 1106 203 1155 ligenda
236 1112 337 1144 sunt.
404 1106 454 1144 Et
493 1108 559 1157 qui
592 1112 683 1144 sunt
716 1108 781 1156 qui
813 1118 890 1143 non
924 1106 1084 1143 adorant
1116 1105 1279 1143 bestiam
1311 1116 1384 1143 nee

52 1166 257 1214 imaginem
297 1166 398 1212 eius,
436 1166 511 1203 nisi
551 1166 616 1215 qui
654 1165 800 1203 faciunt
838 1164 939 1214 quod
980 1165 1032 1202 ait
1069 1163 1282 1214 apostolus:
1328 1164 1385 1202 Ne

50 1225 135 1261 sitis
180 1225 315 1271 iuyum
360 1225 547 1262 ducentes
592 1235 680 1261 eum
725 1220 977 1269 infidelibus?
1037 1222 1152 1273 „Non
1193 1218 1386 1259 adorant“

52 1283 154 1319 enim
194 1286 253 1319 est
290 1293 367 1319 non
406 1283 676 1332 consentiunt,
721 1293 797 1319 non
837 1280 1102 1331 subiciuntur,
1134 1292 1290 1331 „neque
1324 1292 1382 1318 ae·
1410 1289 1453 1319 20

53 1341 202 1389 cipiunt
227 1336 559 1391 inscriptionem,“
590 1345 720 1377 notam
748 1339 895 1377 seilicet
921 1340 1106 1389 criminis,
1136 1340 1200 1390 „in
1233 1335 1386 1376 fronte“

51 1403 212 1448 propter
256 1398 555 1449 professionem,
598 1400 670 1449 „in
714 1394 861 1435 manu“
904 1403 1064 1447 propter
1108 1398 1383 1447 operationem.

51 1455 108 1493 Ab
152 1455 211 1493 his
256 1457 375 1507 igitur
419 1456 527 1494 malis
572 1456 703 1507 alieni,
748 1458 826 1494 sive
872 1455 995 1493 adhue
1040 1457 1077 1492 in
1118 1457 1190 1492 ista
1231 1455 1383 1493 mortali

53 1526 168 1552 carne
211 1516 383 1552 viventes
429 1516 507 1552 sive
549 1515 742 1565 defuncti,
787 1520 950 1564 regnant
988 1525 1075 1551 eum
1114 1512 1268 1551 Christo
1309 1515 1382 1551 iam

52 1584 156 1611 nune
189 1572 302 1610 modo
330 1572 495 1623 quodam
528 1572 618 1610 huic
650 1573 816 1622 tempori
848 1583 1020 1621 congruo
1052 1583 1123 1622 per
1155 1577 1279 1609 totum
1310 1571 1383 1609 hoe
1410 1579 1453 1610 25

52 1631 307 1682 intervallum,
340 1631 442 1681 quod
476 1643 639 1668 numero
673 1630 773 1668 mille
807 1631 1045 1681 significatur
1077 1641 1278 1668 annorum.

171 1689 333 1737 Reliqui
374 1701 529 1737 eorum,
573 1690 716 1739 inquit,
760 1700 838 1727 non
876 1691 1073 1726 vixerunt.
1136 1688 1249 1725 Hora
1281 1689 1384 1726 enim

52 1759 159 1785 nune
205 1753 279 1794 est,
324 1759 413 1786 eum
450 1750 599 1786 mortui
634 1749 806 1786 cticcliunt
846 1758 977 1785 vocem
1011 1749 1090 1793 filii
1119 1747 1210 1793 Dei,
1250 1752 1286 1784 et
1317 1749 1387 1794 qui

53 1808 259 1844 audierint
295 1808 444 1850 vivent,-
485 1805 625 1856 reliqui
665 1818 756 1856 ergo
795 1818 929 1843 eorum
962 1817 1039 1842 non
1071 1806 1209 1842 vivent.
1273 1804 1383 1849 Quod

53 1876 143 1901 vero
176 1863 364 1902 subdidit:
403 1865 538 1902 Donec
565 1867 765 1911 liniuntur
796 1866 900 1902 mille
932 1866 1046 1909 anni,
1080 1862 1382 1912 intellegendum
1409 1872 1452 1902 30

53 1927 123 1973 est,
156 1923 257 1972 quod
285 1934 330 1960 eo
357 1927 531 1973 tempore
559 1935 635 1960 non
662 1924 854 1972 vixerunt,
887 1934 964 1972 quo
991 1923 1117 1959 vivere
1152 1921 1383 1973 debuerunt,

54 1980 98 2017 ad
126 1982 241 2018 vitam
269 1980 415 2019 scilieet
441 1980 487 2018 de
514 1986 638 2019 morte
671 1980 920 2019 transeundo,
982 1979 1030 2017 Et
1062 1979 1147 2017 ideo
1180 1991 1269 2017 cum
1301 1980 1383 2017 dies

149 2070 203 2110 19)
230 2073 261 2102 2.
290 2067 369 2103 Cor.
398 2074 428 2111 6,
458 2073 509 2104 14.
560 2071 619 2112 29)
645 2069 694 2103 10.
723 2073 754 2111 5,
782 2073 835 2103 25.

147 2201 164 2231 7
192 2197 447 2241 inquirendum
473 2208 492 2231 v
524 2198 535 2240 ΙΙ
567 2201 611 2231 20
638 2197 706 2242 est]
734 2196 771 2230 id
798 2198 854 2231 esb
876 2207 896 2231 v
926 2198 937 2241 ΙΙ
965 2201 1009 2231 28
1036 2196 1190 2231 audiunt:
1214 2196 1380 2238 RParr.;

53 2244 201 2278 audient
226 2247 281 2278 Av
301 2246 374 2288 1129
402 2255 487 2289 ergo
514 2244 606 2284 RA‚·
631 2255 717 2278 vero
741 2255 762 2277 v
