1548 2562
406 138 458 163 DE
478 138 666 164 CIVITATE
685 139 754 163 DEI
773 139 807 163 L.
828 139 891 163 XV.
911 138 940 163 O.
960 139 1003 163 13.
1316 127 1371 168 83

43 226 110 264 ubi
143 225 418 277 superantibus
457 228 590 276 viginti
632 232 815 277 quattuor
846 228 957 264 annis
990 238 1139 264 summa
1171 237 1248 263 non
1281 237 1371 263 con-

43 285 158 322 venit.
219 284 262 322 In
300 284 359 322 his
392 290 539 335 autem,
576 286 616 322 in
656 285 796 335 quibus
830 286 1080 323 continuatur
1110 285 1232 335 ipsius
1266 296 1371 321 inen—

43 342 219 380 dositatis
246 342 467 393 similitudo,
499 344 551 380 ita
584 348 627 381 ut
658 349 745 381 ante
779 345 952 393 genitum
984 343 1114 394 filium,
1147 343 1214 392 qui
1246 342 1373 380 ordini

43 402 246 453 inseritur,
284 400 374 438 alibi
411 402 610 451 supersint
647 407 805 440 centum
843 403 950 453 anni,
988 401 1077 439 alibi
1109 401 1253 451 desint,
1285 406 1374 451 post

43 460 217 509 genitum
261 464 390 497 autem
432 458 500 497 ubi
544 458 705 497 deerant
756 461 970 510 supersint,
1025 459 1092 498 ubi
1142 463 1374 509 supererant
1400 465 1420 495 5

43 517 188 569 desint,
226 522 269 555 ut
307 529 455 555 summa
494 519 713 568 conveniat3
752 523 790 556 et
828 518 901 555 hoc
939 519 979 556 in
1010 519 1150 569 prima,
1192 517 1373 568 secunda,

43 577 169 626 tertia,
201 580 348 627 quarta,
376 577 520 626 quinta,
553 577 716 625 septima
748 577 997 625 generatione
1025 577 1238 614 invenitur:
1271 576 1372 613 vide-

44 639 108 672 tur
132 633 276 671 habere
303 634 504 685 quandam,
536 635 569 671 si
594 633 670 672 dici
695 639 835 685 potest,
866 646 977 672 error
1010 636 1092 685 ipse
1119 635 1374 672 constantiam

44 704 117 730 nec
149 704 280 730 casum
313 692 473 743 redolet,
505 691 572 730 sed
604 692 846 730 industriam.

160 749 294 800 Itaque
321 749 382 788 illa
409 749 613 788 diversitas
645 762 899 788 numerorum
931 750 1042 788 aliter
1075 763 1116 788 se
1148 750 1374 789 habentium
1402 756 1445 786 10

43 810 83 846 in
122 808 321 846 codicibus
360 807 516 846 Graecis
556 814 593 847 et
630 808 795 860 Latinis,
833 808 943 846 aliter
980 810 1019 846 in
1061 808 1267 859 Hebraeis,
1309 809 1376 847 ubi

45 879 123 904 non
156 872 215 905 est
246 868 319 904 ista
352 867 397 904 de
431 872 588 905 centum
621 868 730 904 annis
762 868 871 916 prius
904 866 1043 904 additis
1077 872 1114 904 et
1146 872 1279 917 postea
1311 867 1375 905 de-

45 926 179 963 tractis
211 937 281 975 per
307 929 364 962 tot
395 927 665 975 generationes
698 926 918 963 continuata
951 924 1136 976 parilitas,
1167 937 1238 963 nec
1271 925 1375 963 mali-

46 984 119 1021 tiae
153 982 383 1021 Iudaeorum
415 995 486 1021 nec
519 983 738 1033 diligentiae
782 983 839 1021 vel
872 982 1101 1033 prudentiae
1134 984 1376 1034 septuaginta

45 1043 314 1091 interpretum,
347 1041 414 1079 sed
442 1043 643 1092 scriptoris
670 1041 864 1080 tribuatur
896 1042 1033 1093 errori,
1065 1044 1132 1091 qui
1163 1042 1209 1079 de
1243 1041 1375 1079 biblio·
1406 1048 1446 1078 15

46 1099 157 1137 theca
195 1099 408 1149 supradicti
446 1101 548 1150 regis
587 1100 760 1137 codicem
798 1099 1096 1138 describendum
1135 1101 1284 1150 primus
1318 1112 1376 1138 ac-

47 1159 161 1208 cepit.
222 1157 318 1195 Nam
356 1159 469 1196 etiam
509 1170 630 1210 nunc,
669 1158 735 1196 ubi
773 1160 927 1196 numeri
965 1170 1042 1196 non
1075 1159 1221 1196 faciunt
1253 1160 1376 1196 inten-

46 1220 130 1254 tum
174 1215 220 1253 ad
265 1216 426 1267 aliquid,
484 1216 587 1266 quod
632 1216 741 1254 facile
786 1218 909 1266 possit
951 1216 1123 1266 intellegi
1172 1216 1230 1254 vel
1275 1217 1376 1267 quod

46 1279 228 1324 appareat
248 1273 395 1312 utiliter
415 1274 523 1326 disci,
551 1280 589 1312 et
609 1274 860 1325 neglegenter
881 1274 1158 1313 describuntur
1185 1281 1223 1313 et
1249 1275 1376 1325 negle-

46 1333 201 1382 gentius
242 1332 508 1370 emendantur.
572 1332 667 1377 Quis
709 1334 811 1370 enim
853 1332 926 1370 sibi
965 1334 1160 1371 existimet
1197 1345 1282 1371 esse
1322 1333 1375 1371 di·
1404 1340 1448 1370 20

47 1390 254 1441 scendum,
300 1396 394 1440 quot
434 1390 536 1428 milia
580 1391 780 1429 hominum
826 1390 950 1429 tribus
994 1390 1112 1429 Israel
1157 1391 1379 1441 singillatim

46 1447 188 1486 habere
214 1446 456 1499 potuerunt?
489 1450 669 1499 quoniam
696 1449 883 1500 prodesse
916 1449 1059 1499 aliquid
1093 1462 1168 1487 non
1201 1455 1378 1500 putatur,

46 1512 85 1544 et
116 1512 258 1556 quotus
292 1508 454 1556 quisque
488 1507 688 1545 hominum
721 1513 796 1558 est,
829 1508 892 1545 cui
923 1507 1167 1557 profunditas
1200 1508 1377 1546 utilitatis

46 1564 161 1603 huius
191 1563 400 1615 appareat?
449 1565 520 1603 Hic
558 1577 662 1616 ver0,
695 1565 761 1603 ubi
793 1578 863 1615 per
896 1571 952 1603 tot
985 1570 1185 1603 contextas
1218 1578 1376 1615 genera-

46 1625 170 1661 tiones
215 1627 373 1661 centum
416 1625 505 1661 anni
549 1623 639 1660 alibi
684 1623 840 1674 adsunt,
884 1623 973 1661 alibi
1015 1623 1172 1674 desunt,
1211 1629 1249 1661 et
1291 1629 1379 1674 post
1406 1629 1448 1660 25

46 1687 190 1732 natum,
223 1682 288 1731 qui
321 1681 683 1719 commemorandus
716 1682 859 1732 suerat,
890 1681 1012 1719 filium
1044 1681 1185 1719 desunt
1217 1681 1282 1719 ubi
1315 1682 1376 1719 ad—

46 1740 217 1790 fuerunt,
249 1738 389 1776 adsunt
414 1739 480 1777 ubi
507 1739 727 1791 defuerunt,
759 1744 802 1777 ut
828 1751 974 1777 summa
1009 1739 1234 1787 concordet,
1268 1741 1377 1778 nimi-

47 1810 132 1835 rum
167 1809 255 1835 cum
287 1797 401 1835 vellet
432 1797 687 1848 persuadere,
725 1798 791 1847 qui
824 1797 896 1835 hoc
929 1798 1037 1849 fecit,
1079 1797 1164 1835 ideo
1198 1810 1376 1836 numero-

46 1857 220 1893 sissimos
264 1867 384 1893 annos
436 1857 574 1893 vixisse
620 1857 822 1906 antiquos,
867 1856 969 1905 quod
1016 1868 1082 1893 eos
1126 1855 1375 1895 brevissimos

45 1912 332 1965 nuncupabant,
364 1919 402 1952 et
433 1913 506 1951 hoe
539 1913 585 1951 de
619 1915 839 1951 maturitate
872 1913 1101 1965 pubertatis,
1134 1926 1208 1964 qua
1239 1914 1375 1953 idonea
1404 1923 1449 1953 30

46 1972 113 2010 filii
145 1973 438 2023 gignerentur,-
457 1976 666 2009 conaretur
698 1971 922 2019 ostendere,
965 1977 1080 2022 atque
1112 1972 1198 2009 ideo
1231 1974 1270 2010 in
1302 1973 1377 2011 illis

47 2035 203 2068 centum
240 2031 350 2067 annis
389 2030 523 2068 decem
564 2036 718 2068 nostros
760 2030 1013 2068 insinuandos
1055 2035 1211 2080 putaret
1251 2032 1376 2069 incre-

46 2088 164 2139 (lulis,
201 2100 248 2125 ne
286 2087 462 2126 homines
500 2088 645 2126 tamdiu
684 2089 824 2125 vixisse
864 2090 1038 2138 recipere
1079 2089 1116 2125 in
1150 2089 1264 2126 fidem
1297 2090 1376 2128 nol-

45 2146 136 2197 lent,
168 2145 313 2184 addidit
345 2152 518 2198 centum,
560 2145 626 2184 ubi
658 2146 860 2196 gignendis
893 2146 980 2184 filiis
1012 2145 1177 2184 habilem
1210 2159 1286 2185 non
1318 2149 1375 2186 in-

141 2297 158 2327 7
185 2292 312 2336 quinta
338 2293 439 2328 sexta
465 2294 555 2337 sept.
588 2292 639 2334 V;
664 2293 723 2327 sed
742 2293 786 2334 cf.
814 2296 872 2335 76,
898 2296 947 2327 24

1045 2352 1092 2385 6*
