1548 2562
431 120 483 145 DE
503 120 692 146 CIVITATE
712 120 782 146 DEI
801 120 834 146 L.
853 121 917 146 xx.
937 120 967 146 o.
986 121 1028 146 25.
1048 121 1089 146 26,
1337 110 1422 150 473

93 220 181 248 cum
219 208 393 248 mundati
431 208 593 260 fuerint,
636 210 710 259 ipsi
748 214 875 248 erunt.
943 208 1043 255 Quid
1082 209 1184 247 enim
1226 209 1422 259 acceptius

92 266 171 305 Deo
204 266 298 305 tales
330 267 500 305 offerunt
543 278 659 317 quam
699 279 740 305 se
771 264 906 317 ipsos?
967 266 1110 305 Verum
1141 268 1214 305 ista
1247 268 1422 317 quaestio

92 325 139 363 de
171 326 405 376 purgatoriis
436 325 591 376 poenis,
622 330 666 363 ut
697 324 919 375 diligentins
950 330 1224 377 pertractetur,
1256 326 1295 362 in
1327 330 1422 363 tein-

91 395 165 434 pus
197 382 299 422 aliud
331 382 544 422 differenda
583 387 652 422 est.
715 382 832 421 Filios
864 388 993 422 autem
1026 382 1117 422 Levi
1150 388 1188 422 et
1218 382 1352 421 Iudam
1385 388 1423 421 et

91 441 333 480 Hierusalem
373 442 496 492 ipsam
534 440 604 479 Dei
641 440 843 480 ecclesiam
882 441 1068 480 dehemus
1107 443 1305 493 accipere,
1345 452 1422 479 non

92 512 138 538 ex
170 498 356 538 Hebraeis
394 504 562 550 tantum,
604 499 672 538 sed
704 511 751 537 ex
782 499 866 538 aliis
899 501 1015 538 etiam
1047 499 1227 551 gentibus
1260 511 1421 549 congre-

91 563 235 610 gatam3
267 570 339 596 nec
365 557 492 610 talem,
519 557 643 608 qualis
669 569 773 597 nunc
799 564 869 610 est,
895 557 973 610 uhi,
1004 560 1039 597 si
1065 559 1296 605 dixerimus,
1329 560 1423 606 quia

89 621 300 666 peceatum
331 628 410 655 non
445 616 651 665 habemus,
689 627 759 655 nos
792 618 895 666 ipsos
926 618 1168 663 seducimus,
1208 621 1245 655 et
1275 618 1424 655 veritus

92 677 133 713 in
170 675 282 713 nobis
318 685 398 714 non
434 679 513 720 est;
556 673 622 712 sed
664 674 786 725 qualis
825 680 918 713 tunc
960 676 1055 726 erit,
1098 675 1203 714 velut
1234 686 1323 713 area
1353 686 1424 726 per

91 732 396 784 ventilationem,
436 733 488 771 ita
525 744 595 783 per
632 732 818 771 iudicium
856 739 1019 784 purgata
1050 734 1327 784 novissimum,
1368 733 1423 770 eis

93 802 248 842 quoque
286 792 374 841 igne
413 791 626 843 mundatis,
665 790 806 841 quibus
844 791 930 830 talis
967 791 1166 830 mundatio
1205 791 1424 829 necessaria

93 855 172 902 est,
204 850 256 888 ita
288 855 331 888 ut
363 849 491 888 nullus
524 851 680 887 omnino
714 851 780 900 sit,
818 851 885 900 qui
917 850 1053 888 offerat
1086 850 1320 888 sacrificium
1351 860 1422 900 pro

91 909 261 959 peccatis
294 908 385 946 suis.
448 907 591 946 Omnes
624 909 727 945 enim
769 909 834 957 qui
866 909 921 946 sic
953 908 1139 957 offerunt,
1176 908 1351 958 profecto
1384 908 1423 944 in

92 967 261 1017 peccatis
294 971 406 1013 sunt,
450 977 520 1016 pro
563 965 704 1016 quibus
743 965 981 1004 dimittendis
1022 966 1202 1017 offerunt,
1234 971 1294 1013 ut,
1335 977 1423 1004 cum

94 1023 305 1063 obtulerint
336 1029 617 1074 acceptumque
650 1023 728 1061 Deo
762 1024 892 1075 fuerit,
923 1029 1016 1062 tunc
1048 1024 1303 1062 dimittantur.

589 1171 742 1214 CAPUT
775 1172 929 1214 XXVI.

122 1258 180 1296 De
211 1259 445 1304 sacrificii&
478 1268 581 1305 quae
612 1259 746 1296 saneti
775 1258 947 1304 offerent
977 1258 1060 1296 Deo
1091 1259 1150 1295 sic
1176 1259 1395 1306 placitura,

198 1327 273 1364 quo
304 1317 417 1353 modo
450 1317 490 1353 in
522 1316 660 1354 diebus
687 1317 870 1364 pristinis
902 1321 938 1353 et
970 1318 1085 1353 anuis
1111 1316 1320 1364 prioribus

623 1375 878 1422 placuerunt.

209 1454 349 1492 Volens
374 1460 504 1493 autem
529 1454 633 1492 Deus
659 1455 866 1493 ostendere
893 1456 1085 1493 civitatem
1118 1466 1227 1493 suam
1260 1460 1353 1492 tunc
1386 1455 1424 1492 in

92 1515 165 1552 ista
203 1513 485 1551 consuetudine
525 1524 603 1550 non
641 1513 811 1551 futuram
845 1513 941 1551 dixit
973 1513 1069 1551 {ilios
1102 1512 1193 1550 Levi
1226 1512 1424 1550 oblaturos

92 1572 237 1610 hostias
275 1572 315 1609 in
346 1572 512 1622 iustitia;
551 1582 628 1609 non
667 1583 758 1621 ergo
796 1572 836 1609 in
874 1578 1032 1622 peccato
1065 1583 1108 1609 ac
1140 1583 1210 1621 per
1242 1570 1315 1608 hoc
1347 1582 1424 1608 uon

92 1642 162 1681 pro
202 1635 373 1681 peccato.
435 1628 543 1667 Unde
584 1628 756 1680 intellegi
792 1635 922 1680 potest
958 1631 996 1668 in
1039 1641 1083 1667 eo
1124 1628 1226 1679 quod
1267 1634 1425 1666 secutus

92 1688 266 1726 adiunxit
298 1693 412 1738 atque
444 1689 513 1725 ait:
546 1687 598 1725 Et
623 1688 801 1736 placebit
831 1688 997 1726 Domino
1023 1689 1271 1734 sacrificium
1298 1687 1426 1725 Iudae

93 1752 132 1786 et
156 1747 419 1792 Hierusalem,
451 1747 556 1784 sicut
587 1746 724 1784 diebus
751 1748 934 1795 pristinis
966 1751 1004 1785 et
1033 1748 1139 1784 sicut
1170 1747 1287 1784 aunis
1315 1747 1423 1794 prio-

92 1806 221 1852 ribus,
254 1804 399 1842 frustra
431 1803 504 1841 sibi
535 1802 698 1842 Iudaeos
730 1803 946 1842 seeundum
977 1804 1102 1854 legem
1134 1805 1277 1841 veteris
1309 1808 1423 1841 testa-

91 1864 212 1901 menti
254 1862 533 1901 sacrificiorum
575 1873 736 1900 suorum
772 1863 984 1912 praeterita
1022 1868 1197 1912 tempora
1238 1861 1423 1912 polliceri.

91 1920 177 1959 Non
209 1922 310 1959 enim
344 1925 437 1958 tunc
468 1921 507 1958 in
539 1921 706 1972 iustitia,
739 1919 806 1958 sed
838 1921 877 1958 in
909 1922 1079 1971 peccatis
1111 1920 1256 1958 hostias
1289 1920 1424 1957 offere-

91 1978 201 2031 bant,
238 1978 391 2029 quaudo
429 1990 500 2029 pro
537 1979 707 2029 peccatis
745 1980 953 2029 praecipue
992 1991 1034 2016 ac
1074 1979 1255 2029 primitus
1287 1978 1424 2016 offere-

91 2037 195 2088 bant,
227 2049 351 2087 usque
383 2035 478 2074 adeo
511 2042 554 2075 ut
579 2036 760 2075 sacerdos
792 2038 887 2088 ipse,
920 2049 1036 2087 quen]
1069 2036 1256 2074 debemus
1288 2036 1423 2085 utique

186 2138 218 2180 9)
247 2141 277 2172 1.
304 2137 352 2171 10.
381 2140 412 2179 1,
438 2140 468 2171 8.

185 2281 207 2310 4
231 2276 356 2310 iudam
381 2275 435 2317 Ε,-
460 2276 551 2311 Iuda
574 2278 689 2320 υ1124
714 2276 804 2310 Iuda
831 2286 849 2309 υ

1452 740 1493 770 10

1452 1462 1495 1493 20

1452 1754 1494 1784 25

1451 2044 1494 2074 30
