1548 2562
446 105 498 130 DE
518 105 706 131 CIVITATE
725 105 796 130 DEI
815 105 848 130 L.
868 105 931 130 xv.
953 106 994 130 18.
1214 137 1217 141 Α
1331 95 1385 135 97

53 193 254 232 altitudine
293 191 556 231 sacramenti?
605 193 801 243 Numquid
841 195 943 231 enim
976 193 1068 231 Abel
1108 206 1185 231 non
1218 196 1387 244 speravit

52 253 231 290 invocare
270 263 412 289 nomen
451 250 604 289 Domini
641 251 728 302 Dei,
769 252 880 290 cuius
919 252 1153 290 sacrificium
1192 254 1385 303 scriptura

52 315 130 348 tam
169 314 372 360 acceptum
415 308 494 347 Deo
541 310 660 347 fuisse
706 307 1010 348 commemorat?
1065 310 1261 360 Numquid
1301 312 1384 361 ipse

54 367 149 406 Seth
188 380 265 405 non
304 368 473 418 speravit
510 369 689 405 invocare
729 369 874 406 nomen
910 367 1064 406 Domini
1100 368 1190 420 Dei,
1228 369 1275 407 de
1308 381 1384 420 quo

52 426 199 464 dictum
231 430 307 464 est:
348 426 565 464 Suscitavit
604 428 708 464 enim
739 428 837 464 milii
867 427 974 465 Deus
1005 438 1135 465 semen
1167 429 1282 466 aliud
1307 439 1384 476 pro

53 485 173 523 Abel?
224 483 302 522 Cur
345 495 437 534 ergo
488 483 578 521 huic
627 485 784 534 proprie
829 484 1040 537 tribuitur,
1083 485 1186 535 quod
1230 487 1385 536 piorum

52 544 224 580 omnium
249 541 489 592 intellegitur
521 553 606 580 esse
639 553 856 593 commune,
888 544 963 581 nisi
995 544 1084 593 quia
1116 543 1320 594 oportebat
1344 545 1386 582 in

52 613 115 652 eo,
154 602 220 651 qui
251 599 298 638 de
329 605 438 650 patre
471 601 768 650 generationum
799 601 839 638 in
872 600 1071 639 meliorem
1103 607 1270 654 partem,
1310 601 1384 640 hoc

51 664 111 697 est
137 670 328 709 supernae
356 659 532 710 civitatis,
564 663 843 709 separatarum,
874 660 1024 709 primus
1057 666 1385 698 commemoratur

52 723 222 768 exortuS,
254 717 508 767 praefigurari
534 715 743 767 hominem,
769 716 807 754 id
834 722 893 754 est
919 717 1120 755 hominum
1147 720 1383 770 societatem,

54 787 150 826 quae
190 787 266 813 non
305 774 521 813 secundum
559 774 757 812 hominem
796 776 834 812 in
875 787 916 813 re
956 775 1151 814 felicitatis
1193 782 1385 828 terrenae,

51 833 119 872 sed
163 832 377 871 secundum
423 832 546 871 Deum
597 834 689 871 vivit
737 834 776 870 in
821 845 889 883 spe
934 833 1129 872 felicitatis
1173 833 1386 873 aeternae?

51 891 130 930 Nec
163 891 308 929 dictum
348 896 424 929 est:
462 890 563 943 „Hic
596 892 764 941 speravit
796 893 834 929 in
868 891 1072 929 Dominum
1106 889 1270 944 Deum“,
1303 899 1385 932 aut:

50 949 146 1002 „Hic
177 950 369 988 invocavit
400 961 541 987 nomen
574 949 727 987 Domini
760 946 868 1000 Dei“,
909 950 993 988 sed:
1032 948 1164 1000 (Hic)
1196 954 1384 999 speravit,

50 1009 188 1060 inquit,
221 1010 409 1046 invocare
440 1019 578 1046 nomen
607 1008 768 1045 Domini
792 1009 876 1046 Dei.
940 1008 1040 1053 Quid
1073 1008 1147 1047 sibi
1178 1008 1251 1047 hoc
1283 1009 1385 1048 vult:

51 1068 239 1116 Speravit
279 1068 487 1117 invocare,
537 1067 611 1104 nisi
656 1067 745 1116 quia
796 1066 999 1117 prophetia
1044 1072 1103 1105 est
1156 1073 1385 1105 exorturum

50 1124 254 1176 populum,
292 1125 359 1174 qui
400 1124 615 1162 secundum
648 1124 877 1162 electionem
910 1126 1053 1175 gratiae
1087 1126 1286 1163 invocaret
1318 1138 1384 1164 no-

52 1195 139 1221 men
178 1182 330 1220 Domini
367 1180 464 1220 Dei‘?
514 1182 595 1220 Hoc
628 1188 707 1234 est,
749 1183 851 1233 quod
890 1195 960 1233 per
999 1183 1115 1221 alium
1154 1184 1385 1234 prophetam

51 1241 197 1279 dictum
230 1240 427 1291 apostolus
460 1241 506 1279 de
539 1240 613 1279 hoc
645 1241 788 1291 populo
821 1241 1012 1291 intellegit
1044 1241 1088 1279 ad
1122 1240 1190 1279 Dei
1223 1244 1384 1292 gratiam

50 1301 289 1351 pertinente:
321 1300 372 1337 Et
402 1301 490 1347 erit,
523 1292 647 1337 ovinis
678 1302 748 1347 qui
778 1302 1024 1338 invocaverit
1054 1311 1193 1338 nomen
1227 1301 1388 1339 Domini

50 1360 182 1397 salvus
208 1360 295 1396 erit.
356 1356 438 1395 Hoc
464 1359 592 1408 ipsum
625 1359 727 1395 enim
761 1357 862 1408 quod
896 1358 1056 1396 dicitur:
1088 1359 1139 1396 Et
1169 1361 1387 1397 nominavit

51 1428 191 1455 nomen
228 1418 313 1454 eius
350 1416 479 1463 Enos,
523 1418 631 1464 qaod
667 1419 958 1465 interpretatur
993 1418 1125 1463 homo,
1170 1429 1213 1455 ac
1246 1417 1385 1455 deinde

51 1474 222 1513 additur:
261 1475 336 1513 Hic
367 1477 545 1523 speravit
576 1477 767 1513 invocare
798 1486 937 1513 nomen
970 1476 1132 1513 Domini
1162 1476 1255 1522 Dei,
1294 1477 1386 1513 satis

51 1533 296 1584 ostenditur,
339 1532 442 1583 quod
487 1545 563 1570 non
607 1534 646 1570 in
692 1545 731 1571 se
776 1534 860 1583 ipso
906 1545 1014 1583 spem
1055 1545 1201 1583 ponere
1247 1533 1386 1572 debeat

52 1591 183 1643 homo;
222 1592 457 1629 maledictas
503 1592 607 1628 enim
638 1593 762 1629 omnis
802 1587 924 1642 (sicut
967 1590 1057 1628 alibi
1094 1588 1275 1643 legitur),
1317 1594 1387 1639 qui

50 1662 157 1698 spem
194 1661 310 1700 suam>
340 1652 454 1697 ponit
490 1652 530 1687 in
568 1651 739 1696 homine,
778 1661 821 1686 ac
859 1661 929 1699 per
961 1648 1034 1686 hoc
1067 1661 1138 1686 nec
1170 1651 1208 1687 in
1242 1662 1302 1701 se,
1344 1656 1387 1688 ut

53 1709 103 1746 sit
145 1709 239 1745 civis
292 1706 451 1745 alterius
501 1708 690 1758 civitatis,
736 1719 832 1757 quae
879 1719 956 1744 non
1003 1706 1219 1745 secundum
1265 1707 1384 1746 filium

53 1765 145 1804 Cain
183 1765 385 1803 dedicatur
421 1764 494 1803 hoe
533 1771 726 1816 tempore,
767 1764 803 1803 id
843 1769 902 1803 est
943 1764 1116 1803 mortalis
1155 1765 1271 1803 huius
1305 1778 1384 1804 sae-

53 1823 130 1862 culi
167 1823 319 1861 labente
358 1828 604 1875 transcursu,
644 1823 711 1861 sed
744 1824 782 1861 in
815 1823 877 1861 illa
910 1823 1185 1862 inmortalitate
1218 1823 1386 1862 beatitu-

52 1881 153 1920 dinis
185 1883 455 1933 sempiternae.
757 1887 760 1889 ’

147 1970 305 2051 6353?-
335 1975 372 2013 4,
407 1974 461 2005 25.
514 1973 572 2014 21)
604 1971 706 2006 Rom.
743 1975 796 2014 10,
832 1975 891 2013 133
925 1971 1009 2005 Ioel.
1038 1974 1076 2012 2,
1111 1974 1166 2003 32.
1218 1972 1275 2014 26)
1302 1970 1385 2004 Hie-

52 2028 139 2051 rem.
215 2045 222 2060 ,
272 2045 279 2052 .

149 2149 192 2179 14
216 2145 285 2180 Hic
309 2146 412 2180 tertio
445 2146 519 2180 loco
543 2155 609 2180 om.
643 2144 751 2179 VRF
774 2146 786 2189 ΙΙ
811 2148 854 2179 20
882 2144 999 2179 omnis
1026 2144 1246 2188 quicumque
1271 2146 1385 2188 ‘0112ss

53 2192 91 2226 in
116 2191 262 2227 homine
290 2192 362 2234 Vv,·
386 2192 423 2225 in
447 2191 634 2226 hominem
654 2191 768 2225 RAF
785 2191 909 2236 (Cypr.
937 2192 1074 2234 „habet
1098 2191 1135 2225 in
1160 2191 1386 2235 hominem“)

123 2333 197 2352 Auo.
217 2333 258 2351 ma
279 2332 339 2351 mv.
360 2333 421 2351 nm.
460 2327 498 2351 11.
1083 2322 1101 2352 7

1411 725 1455 756 10

1413 1016 1455 1046 15

1412 1306 1456 1337 20

1412 1596 1455 1628 25

1413 1889 1456 1920 30
