1611 2465
34 761 75 791 10

34 1054 75 1084 15

35 1934 77 1961 3«)

101 128 149 168 G(
150 129 185 168 14
638 136 664 161 s
685 135 901 162 AUGUSTJM

101 226 214 264 daces
254 238 391 278 curae,
424 225 759 277 perturbationes,
792 237 1002 277 maerores,
1035 224 1274 277 formidines,
1306 226 1440 263 insana

100 284 256 337 gaudia,
290 284 524 336 discordiae,
556 283 661 336 lites,
693 283 810 335 bella,
842 283 1016 335 insidiae,
1047 284 1282 335 iracundiae,
1315 285 1440 322 inimi-

101 345 226 394 citiae,
254 343 411 393 fallacia,
439 342 620 393 adulatiO,
653 343 771 395 frauS,
802 342 964 394 furtum,
996 343 1141 393 rapina,
1173 342 1345 394 perfidia,
1378 354 1440 380 su-

100 401 246 453 perbia,
274 401 445 453 ambitio,
472 401 697 453 invidentia,
723 401 942 452 homicidia,
968 400 1187 452 parricidia,
1219 400 1443 451 crudelitas,

102 462 271 511 saevitia,
303 461 489 511 nequitia,
521 459 692 512 luxuria,
724 459 949 511 petulantia,
980 458 1219 511 inpudentia,
1250 459 1440 510 inpudici·

102 521 172 565 tia,
218 519 517 571 fornicationes,
562 518 773 569 adulteria,
817 519 965 556 incesta
1007 523 1045 556 et
1088 523 1222 556 contra
1263 522 1440 556 naturam

102 579 309 627 utriusque
343 589 460 615 sexus
492 582 550 615 tot
583 583 716 628 stupra
751 582 867 627 atque
899 575 1166 628 inmunditiae,
1199 588 1294 626 quas
1326 581 1442 627 turpe

102 642 161 673 est
196 638 310 674 etiam
344 635 494 688 dicere,
527 635 744 686 sacrilegia,
775 635 976 686 haereses,
1008 634 1281 686 blasphemiae,
1313 636 1442 685 periu-

102 695 170 746 ria,
202 696 479 745 oppressiones
504 695 786 745 innocentium,
819 692 1045 744 calumniae,
1078 694 1445 744 circumvemiones,

102 754 476 804 praevaricationes,
514 752 606 791 salsa
647 754 890 804 testimonia,
928 753 1060 802 iniqua
1097 751 1260 804 iudicia,
1298 751 1441 789 violen-

103 813 196 864 tiae,
247 811 448 850 latrocinia
495 816 533 849 et
584 810 771 862 quidquid
828 810 964 849 talium
1007 810 1197 848 malorum
1247 811 1287 848 in
1337 821 1443 848 men-

104 876 181 908 tem
214 882 291 908 non
324 872 430 908 venit
468 875 506 908 et
538 875 666 908 tamen
700 869 747 907 de
779 871 857 908 vita
887 871 960 908 ista
992 869 1193 907 hominum
1226 880 1303 907 non
1336 880 1443 906 rece-

103 926 186 966 dit?
248 927 392 967 Verum
424 928 519 966 haec
551 928 752 966 hominum
786 933 877 966 sunt
908 927 1110 979 malorum,
1143 927 1189 966 ab
1220 927 1282 965 illa
1314 932 1443 965 tamen

104 989 250 1025 erroris
295 993 334 1026 et
376 988 551 1038 perversi
596 988 738 1025 amoris
788 987 917 1025 radice
968 988 1185 1037 venientia,
1237 998 1325 1024 cum
1370 996 1444 1035 qua

104 1047 230 1083 omnis
256 1046 358 1084 filius
384 1046 504 1084 Adam
531 1047 716 1083 nascitur.
766 1044 861 1083 Nam
889 1046 976 1095 quis
1002 1047 1155 1094 ignorat
1180 1056 1269 1083 cum
1302 1049 1443 1094 quanta

103 1106 321 1154 ignorantia
354 1105 549 1155 veritatis,
582 1115 679 1154 quae
712 1105 786 1141 iam
820 1105 857 1141 in
891 1103 1106 1141 infantibus
1138 1103 1342 1141 manifesta
1374 1108 1443 1154 est,

105 1168 143 1201 et
175 1175 264 1201 cum
292 1169 434 1213 quanta
462 1162 696 1200 abundantia
728 1174 846 1199 vanae
880 1161 1116 1212 cupiditatis,
1149 1173 1246 1211 quae
1278 1162 1318 1199 in
1350 1172 1444 1211 pue·

104 1223 158 1259 ris
196 1222 331 1271 incipit
372 1233 579 1272 apparere,
618 1220 732 1258 homo
772 1221 899 1258 veniat
937 1221 976 1257 in
1010 1220 1107 1257 hanc
1139 1222 1272 1271 vitam,
1305 1220 1356 1257 ita
1390 1224 1445 1270 ut,

105 1281 136 1317 si
169 1279 386 1317 dimittatur
425 1281 553 1317 vivere
594 1284 635 1317 ut
673 1278 764 1317 velit
803 1285 841 1316 et
873 1278 1002 1316 facere
1035 1277 1222 1328 quidquid
1255 1277 1366 1329 velit,
1404 1278 1444 1315 in

105 1338 199 1376 haec
229 1338 400 1376 facinora
428 1344 463 1376 et
491 1337 645 1388 flagitia,
678 1349 775 1387 quae
809 1338 1108 1374 commemoravi
1140 1342 1179 1374 et
1210 1348 1308 1387 quae
1341 1347 1444 1374 com-

106 1408 323 1434 memorare
356 1408 434 1434 non
466 1397 587 1448 potui,
619 1396 679 1433 vel
711 1401 851 1434 cuncta
883 1394 942 1433 vel
975 1394 1094 1433 multa
1127 1391 1357 1445 perveniat?

224 1454 298 1493 Sed
339 1455 466 1493 divina
503 1454 786 1505 gubernatione
825 1465 902 1491 non
942 1455 1047 1491 omni
1085 1453 1198 1491 modo
1238 1452 1444 1491 deserente

105 1514 305 1551 damnatos
346 1520 383 1551 et
414 1512 492 1551 Deo
532 1525 610 1551 non
649 1514 873 1551 continente
912 1513 950 1549 111
984 1513 1039 1550 ira
1072 1523 1139 1550 sua
1173 1512 1444 1550 miserationes

105 1584 194 1610 suas
232 1573 271 1610 in
310 1573 405 1623 ipsis
439 1570 619 1610 sensibus
657 1572 813 1622 generis
850 1570 1010 1608 humani
1042 1570 1253 1621 prohibitio
1287 1575 1325 1608 et
1358 1581 1444 1608 eru-

60 1640 71 1666 .·
106 1630 200 1669 ditio
234 1636 370 1668 contra
402 1631 507 1682 istas,
540 1642 630 1668 cum
658 1629 800 1680 quibus
832 1630 1042 1679 nascimur,
1074 1628 1255 1667 tenebras
1287 1627 1446 1679 vigilant

106 1695 143 1727 et
182 1695 317 1727 contra
358 1688 429 1726 hos
470 1691 639 1739 impetus
672 1693 946 1739 opponuntur,
987 1687 1123 1738 plenae
1162 1693 1289 1725 tamen
1329 1688 1444 1724 etiam

105 1749 209 1798 ipsae
243 1747 419 1785 laborum
454 1752 491 1785 et
524 1747 712 1785 dolorum.
776 1745 875 1791 Quid
910 1747 1013 1784 enim
1047 1745 1120 1783 sihi
1153 1745 1285 1784 volunt
1317 1744 1444 1784 multi-

106 1806 240 1843 modae
281 1798 525 1856 formidines,
568 1818 665 1855 quae
707 1804 934 1843 cohibendis
978 1804 1228 1855 parvulorum
1271 1805 1444 1842 vanitati-

106 1864 178 1902 bus
211 1861 474 1902 adhibentur?
526 1863 624 1908 Quid
659 1863 890 1914 paedagogi,
923 1862 1014 1912 quid
1047 1863 1233 1913 magistri,
1267 1861 1357 1912 quid
1391 1862 1443 1900 se-

107 1922 234 1974 rulae,
279 1922 370 1972 quid
410 1921 512 1973 lora,
551 1921 641 1972 quid
683 1923 830 1971 virgae,
869 1920 960 1971 quid
1006 1920 1207 1971 disciplina
1247 1921 1328 1972 illa,
1371 1932 1444 1970 qua

106 1983 300 2032 scriptura
333 1986 463 2018 sancta
498 1980 591 2018 dicit
623 1979 751 2017 dilecti
786 1979 852 2017 filii
884 1979 1003 2017 latera
1036 1990 1120 2017 esse
1155 1978 1364 2031 tundenda,
1396 1990 1444 2016 ne

200 2107 257 2147 24>
284 2105 340 2138 ΡΞ.
370 2108 424 2147 76,
453 2109 507 2139 10.
558 2106 616 2147 31)
644 2103 754 2138 Eecli.
783 2108 837 2146 30,
867 2107 919 2137 12.

199 2262 219 2290 4
246 2257 388 2290 inuidia
413 2256 448 2289 R
474 2257 485 2300 ΙΙ
512 2260 530 2289 6
558 2256 736 2290 incestum
764 2254 799 2289 R
825 2256 836 2299 ΙΙ
865 2259 905 2289 16
933 2254 1088 2289 infantia
1113 2254 1164 2288 11η
1185 2256 1197 2298 ΙΙ
1223 2258 1264 2288 24
1292 2254 1442 2288 hnmani

105 2304 165 2337 sed
193 2303 393 2347 prohibitio
420 2303 455 2337 11¹
480 2306 590 2340 (totus
616 2304 712 2337 Iocus
735 2313 865 2346 parum
893 2303 1092 2345 dilucidus)
