1611 2465
111 100 196 140 296
650 108 677 133 s.
698 107 915 134 AUGUS'HNI

112 204 212 247 tare,
244 199 383 249 inquit,
413 199 571 244 sterilis,
599 209 702 244 quae
727 208 805 235 non
827 199 943 245 paris
951 211 966 242 ;
998 209 1159 246 erumpe
1185 203 1223 237 et
1253 201 1448 246 exclama,

112 269 216 305 quae
255 268 332 295 non
367 258 576 305 parturis,·
616 257 803 303 quoniam
840 258 955 293 multi
986 257 1064 302 filii
1100 258 1283 295 desertae
1322 259 1451 305 maqis

113 327 231 363 quam
257 317 354 365 eius,
386 326 490 361 quac
515 315 636 352 habet
665 316 803 351 uirum.
867 314 1004 352 Dilata
1036 317 1164 353 locum
1197 316 1452 354 tabernaculi

114 376 174 412 tui
210 379 249 412 et
286 375 524 411 aulaearum
563 377 747 417 tuarum;
780 375 879 419 fiqe,
921 375 1004 411 noli
1027 385 1222 421 parcere,
1249 376 1450 422 prolonqa

67 440 87 470 5
110 432 315 480 funiculos
347 435 433 469 tuos
465 435 503 469 et
530 433 645 479 palos
677 435 763 468 tuos
795 430 994 482 conforta,
1026 433 1160 470 adhuc
1192 434 1232 469 in
1265 434 1452 470 dextram

48 733 89 763 10

48 1023 91 1054 15

51 1455 95 1486 20

54 1746 96 1777 25

114 495 153 529 et
181 492 387 528 sinistram
419 493 579 537 partem
616 491 796 527 esctende.
860 489 911 526 Et
947 501 1078 528 semen
1110 494 1219 527 tuum
1250 491 1450 528 heredita-

115 550 171 587 bit
198 553 354 599 yenteS,
393 552 431 586 et
473 549 654 586 civitates
686 549 866 586 desertas
898 549 1150 586 inhabitabis.
1213 548 1271 586 Ne
1303 550 1453 596 timeas,

114 609 302 654 quoniam
340 604 510 653 confusa
542 617 598 653 es,
640 618 768 653 neque
799 608 1046 656 reverearis,
1078 608 1173 653 quia
1205 607 1454 654 exprobrata

115 677 178 710 es;
209 666 396 713 quoniam
423 663 695 712 confusionem
727 668 935 702 aeternam
966 665 1211 702 oblivisceris
1243 670 1281 702 et
1312 676 1452 713 oppro-

117 725 248 761 brium
280 724 487 760 viduitatis
519 727 612 760 tuae
643 734 722 760 non
755 724 836 760 eris
867 733 1025 760 memor.
1094 723 1290 768 Quoniam
1322 723 1453 761 Domi-

114 793 190 820 nus
217 781 378 830 faciens
411 786 458 827 te,
491 781 682 819 Dominus
709 781 885 818 Sabaoth
917 791 1057 819 nomen
1090 783 1147 825 ei;
1179 786 1218 819 et
1247 783 1318 828 qui
1347 783 1483 819 eruit'

116 846 164 887 te,
197 842 279 889 ipse
299 840 407 878 Deus
428 840 561 877 Israel
583 841 796 877 utn'versae
822 844 960 877 terrae
985 840 1217 884 vocabitur;
1249 845 1288 877 et
1314 845 1454 878 cetera.

116 897 261 936 Verum
292 899 365 936 ista
392 898 470 935 sint
495 899 605 949 satis;
637 903 675 935 et
706 898 745 935 in
779 898 835 935 eis
867 902 959 935 sunt
981 896 1217 947 ¹exponenda
1249 897 1455 949 nonnulla3

118 956 187 995 sed
219 956 400 995 sufficere
439 954 609 993 arbitror
647 967 745 1005 quae
778 957 830 993 ita
863 960 954 993 sunt
986 961 1137 1007 aperta,
1176 961 1219 994 ut
1251 957 1366 994 etiam
1397 957 1454 994 in-

117 1016 221 1053 imici
254 1014 481 1064 intellegere
514 1019 704 1064 cogantur
735 1015 856 1051 inviti.

631 1161 782 1204 CAPUT
814 1162 946 1204 XXX.

149 1249 259 1295 Quae
291 1248 502 1286 Michaeas
534 1253 573 1287 et
604 1249 725 1287 Ionas
757 1253 795 1286 et
826 1248 912 1286 Ioel
940 1259 1039 1285 novo
1071 1251 1302 1286 testamento
1334 1259 1426 1287 con-

510 1308 701 1355 yruenle'a
729 1307 1069 1355 prophetaverint.
1122 1353 1127 1358 ῃ

237 1387 430 1425 Michaeas
468 1386 656 1437 propheta
690 1386 888 1426 Christum
922 1389 960 1425 in
993 1388 1115 1438 figura
1146 1400 1297 1438 ponens
1329 1389 1458 1438 magui

121 1445 324 1485 cuiusdam
362 1447 504 1484 montis
543 1445 637 1483 haec
675 1445 869 1496 loquitur:
909 1447 1001 1484 Erit
1038 1448 1079 1484 in
1118 1448 1338 1485 nouissimis
1377 1448 1457 1485 die-

121 1506 193 1543 bus
218 1503 452 1552 manifestus
479 1516 588 1542 mons
614 1505 775 1543 Domini
791 1509 968 1554 paratus
999 1516 1121 1553 super
1152 1507 1321 1543 vertices
1352 1516 1458 1543 mon-

121 1566 218 1601 tium
262 1568 300 1602 et
348 1564 596 1601 exaltabitur
644 1575 765 1611 super
813 1565 940 1601 colles.
1023 1563 1075 1600 Et
1111 1562 1363 1611 festinabunt
1406 1564 1463 1601 ad

122 1633 210 1660 eum
242 1622 394 1670 plebes,
439 1626 476 1660 ct
521 1622 633 1659 ibunt
674 1626 812 1669 ycntes
849 1623 996 1660 multae
1034 1626 1071 1659 et
1109 1623 1261 1659 dicent:
1314 1621 1462 1668 Venite,

123 1681 388 1719 ascendamus
420 1681 460 1717 in
499 1684 665 1717 montem
699 1681 858 1717 Domini
888 1684 927 1717 et
957 1681 998 1717 in
1032 1681 1186 1717 domum
1218 1680 1296 1718 Dei
1326 1680 1463 1727 Iacob,

124 1744 161 1777 et
193 1739 371 1777 ostendet
408 1739 520 1776 nobis
558 1740 661 1775 viam
691 1750 822 1786 suam,
862 1743 900 1776 ct
931 1739 1073 1775 ibimus
1104 1739 1145 1775 in
1176 1739 1323 1776 semitis
1355 1740 1462 1783 eius;

124 1799 219 1845 quia
251 1808 303 1836 ex
335 1796 431 1834 Sion
458 1797 651 1844 procedet
683 1798 749 1835 lex
781 1801 819 1834 et
848 1797 1010 1834 verbum
1042 1797 1204 1834 Domini
1233 1807 1285 1834 ex
1316 1796 1461 1834 Hieru-

124 1858 256 1894 salem.
319 1855 371 1892 Et
413 1854 610 1892 iudicabit
648 1857 752 1892 inter
786 1855 920 1902 plebes
958 1848 1121 1904 multas,
1166 1859 1205 1892 et
1242 1855 1464 1902 redarquet

122 1918 260 1961 yentes
297 1917 477 1961 potentes
520 1923 644 1959 usque
687 1914 728 1950 in
772 1914 1039 1959 longsinquum.
1109 1910 1344 1949 Praedicens
1388 1913 1463 1949 iste

223 2004 280 2045 12)
306 2001 401 2036 Esai.
430 2005 485 2043 54,
513 2004 530 2034 1
559 2011 635 2043 sqq.
688 2001 745 2042 28)
773 1999 881 2034 Mich.
911 2003 944 2042 4,
973 2004 987 2033 1
1017 2010 1094 2042 sqq.

224 2133 241 2163 1
270 2128 411 2163 stereus
449 2128 520 2162 ΒΑ
548 2129 697 2171 itemque
721 2128 865 2171 saepius
901 2129 912 2169 ΙΙ
950 2129 987 2161 et
1018 2127 1184 2162 exclama
1213 2127 1363 2162 RParr.
1389 2131 1466 2169 (60,

127 2179 213 2217 21);
244 2177 282 2210 et,
307 2176 426 2209 clama
458 2175 553 2209 Alv'v
591 2176 602 2218 ΙΙ
639 2178 661 2207 4
693 2174 859 2208 aularum
884 2173 1099 2218 R²Abeffi
1130 2175 1171 2207 in
1195 2173 1247 2208 R¹
1274 2178 1357 2218 post
1382 2174 1468 2208 aula,

129 2234 206 2257 una
231 2223 351 2256 littera
376 2232 481 2256 erasa
499 2223 511 2265 ΙΙ
531 2225 550 2255 9
578 2220 812 2265 opprobrium
838 2220 970 2262 RAF,·
998 2220 1184 2265 opprobrii
1209 2232 1229 2255 υ
1249 2222 1260 2265 ΙΙ
1281 2225 1321 2255 11
1350 2219 1466 2255 domi-

129 2270 166 2303 ni
192 2269 227 2303 R
246 2270 258 2312 ΙΙ
277 2269 310 2302 ei
336 2268 456 2313 RF9,·
482 2268 558 2302 eius
584 2268 640 2301 Av
659 2268 671 2310 ΙΙ
690 2271 734 2300 20
761 2268 798 2301 et
824 2267 893 2301 erit
920 2268 954 2300 A
979 2277 1043 2302 sec.
1073 2267 1198 2302 Graec.

1570 115 1577 171 ss„
1569 71 1575 97 ,,
1567 0 1583 60 *²⁴1

1610 56 1611 63 ⁴
1595 18 1604 29 a
