1611 2465
54 706 96 735 10

55 997 96 1027 15

56 1359 99 1389 20

120 70 205 110 292
654 78 680 101 s.
700 75 919 102 AUGUS'HNI

120 168 241 206 Proca
277 169 356 205 sive
389 167 591 216 superiore
626 166 814 203 Aventino
846 176 970 215 usque
1003 165 1049 203 ad
1082 177 1214 215 regem
1247 164 1454 203 Romulum

120 228 195 265 iam
226 226 461 275 Romanum,
500 222 559 261 vel
597 225 712 261 etiam
746 235 870 273 usque
903 223 949 261 ad
982 225 1092 274 regni
1122 223 1336 274 primordia
1367 234 1453 261 suc-

121 287 289 324 cessoris
329 286 411 321 eius
450 282 597 319 Numae
629 281 809 332 Pompilii
840 278 1044 334 (Ezechias
1087 283 1230 332 quippe
1263 294 1330 319 iex
1361 280 1454 319 Iuda

122 356 166 382 eo
193 355 317 393 usque
345 325 606 392 regnavit);s
591 352 633 378 ac
665 352 735 391 per
767 340 840 378 hoc
872 353 942 390 pei
974 352 1018 378 ea
1049 346 1224 391 tempora
1255 341 1321 378 isti
1352 339 1456 378 velut

123 403 249 440 fontes
276 400 503 451 p1ophetiae
529 400 675 449 pariter
707 404 936 451 eruperunt
969 399 1122 449 quando
1155 411 1319 449 mgnum
1351 397 1455 436 dese-

122 462 175 498 cit
206 460 406 509 Assyrium
448 459 654 508 coepitque
692 457 1012 508 Romauumput
1054 457 1219 508 scilicet,
1260 469 1377 507 quem
1410 456 1455 494 ad

122 519 278 556 modum
312 518 422 567 regni
448 517 696 566 Assyriorum
728 517 853 566 primo
887 522 1062 567 tempore
1095 517 1222 554 extitit
1253 514 1455 566 Abraham,

122 578 185 615 cui
209 577 489 627 promissiones
516 576 782 625 apertissimae
808 575 948 612 fierent
972 576 1010 612 in
1045 576 1128 613 eius
1161 575 1307 612 semine
1340 573 1455 611 bene-

122 636 303 673 dictionis
330 635 503 672 omnium
532 635 719 685 gentium,
749 634 801 671 ita
834 632 1083 671 occidentalis
1108 632 1314 683 Babylonis
1347 643 1456 670 exor-

123 694 204 745 dio,
242 705 317 743 qua
349 693 477 730 fuerat
508 691 687 730 Christus
719 693 934 742 imperante
967 697 1176 742 venturus,
1207 692 1246 728 in
1279 702 1355 741 quo
1387 691 1455 728 im·

122 752 325 802 plerentur
375 750 437 788 illa
486 751 702 802 promissa,
759 762 826 787 ora
875 749 1155 800 prophetarum
1205 761 1282 787 non
1332 748 1457 787 solum

122 811 378 861 loquentium,
408 821 545 847 verum
571 810 686 846 etiam
713 807 969 846 scribentium
994 809 1034 845 in
1060 813 1187 846 tantae
1214 808 1272 845 rei
1303 807 1456 846 suturae

123 869 391 907 testimonium
418 867 673 906 solverentur.
737 866 833 905 Cum
866 868 969 904 enim
1001 866 1213 917 prophetae
1246 877 1457 916 numquam

124 928 205 965 fere
239 927 456 965 defuissent
487 925 631 976 populo
664 925 801 976 Israel,
834 937 879 963 ex
913 937 989 975 quo
1021 924 1075 963 ibi
1107 937 1220 975 reges
1252 936 1338 963 esse
1371 936 1456 962 coe-

123 992 286 1037 perunt,
332 987 372 1023 in
415 997 531 1023 usum
576 983 842 1022 tantummodo
887 995 1022 1022 eorum
1065 984 1195 1035 fuere,
1246 995 1324 1021 non
1367 995 1458 1033 gen-

124 1046 238 1096 tium3
271 1043 425 1094 quando
452 1048 581 1081 autem
608 1043 801 1092 scriptura
833 1042 1076 1080 manifestius
1108 1041 1335 1092 prophetica
1368 1053 1457 1080 con-

124 1102 300 1154 debatur,
327 1113 423 1152 quae
445 1100 626 1151 gentibus
647 1100 879 1151 quandoque
900 1100 1116 1152 prodesset,
1142 1106 1236 1138 tunc
1257 1099 1460 1151 oportebat

123 1162 332 1212 inciperet,
373 1159 526 1210 quando
559 1159 800 1197 condebatur
832 1159 926 1197 haec
958 1160 1110 1211 civitas,
1148 1170 1245 1209 quae
1278 1157 1459 1209 gentibus

124 1221 345 1270 imperaret.

610 1344 760 1386 CAPUT
788 1343 985 1385 XXVIII.

127 1432 186 1469 De
217 1433 289 1477 his,
322 1443 426 1478 quae
451 1432 507 1469 ad
537 1431 783 1477 evanyele‘um
815 1430 965 1467 Christi
989 1430 1204 1477 pertinent,
1236 1430 1335 1476 quid
1364 1429 1462 1468 Osee

514 1493 552 1527 et
582 1490 699 1526 Amos
725 1489 1065 1537 prophetaverint.

245 1570 344 1609 Osee
376 1572 496 1621 igitur
527 1569 738 1621 propheta,
777 1574 921 1620 quanto
953 1568 1186 1619 profundius
1219 1568 1376 1619 quidem
1406 1568 1459 1606 lo-

127 1631 278 1681 quitur,
316 1634 423 1668 tanto
456 1630 660 1680 operosius
691 1633 930 1679 penetratur.
993 1626 1069 1665 Sed
1101 1626 1245 1677 aliquid
1277 1626 1365 1665 iude
1398 1639 1460 1665 su-

128 1688 311 1726 mendum
338 1693 397 1725 est
423 1692 462 1725 et
493 1687 556 1725 hic
588 1699 635 1725 ex
666 1692 798 1725 nostra
829 1686 1088 1737 promissione
1119 1685 1354 1736 ponendum.
1411 1685 1464 1723 Et

129 1748 222 1794 erit,
266 1747 413 1797 inquit,
457 1748 497 1783 in
535 1748 620 1784 loco
658 1757 734 1793 quo
773 1747 923 1783 dictum
962 1748 1019 1782 est
1058 1746 1133 1782 eis:
1177 1745 1263 1783 Non
1291 1746 1461 1793 populus

128 1816 236 1843 meus
274 1815 356 1851 vos,
394 1805 645 1842 vocabuntur
684 1808 723 1842 et
759 1805 835 1852 ipsi
867 1804 946 1849 filii
976 1803 1053 1841 Dei
1088 1804 1175 1840 vivi.
1238 1801 1320 1840 Hoc
1353 1803 1459 1840 testi-

131 1864 301 1900 monium
345 1862 618 1913 propheticum
659 1861 706 1899 de
747 1862 947 1899 vocatione
987 1859 1121 1910 populi
1158 1861 1354 1912 gentium,
1395 1862 1462 1910 qui

130 1923 238 1970 prius
265 1932 341 1958 non
366 1919 587 1971 pertinebat
612 1919 657 1958 ad
679 1919 813 1970 Deum,
846 1919 960 1957 etiam
986 1917 1150 1968 apostoli
1174 1918 1460 1957 intellexerunt.

226 2024 282 2063 27)
311 2021 403 2055 Osee
430 2025 461 2062 1,
490 2025 542 2055 10.
594 2022 651 2063 29)
678 2020 780 2054 Rom.
808 2022 840 2060 9,
867 2023 920 2053 26.

224 2153 243 2183 2
271 2150 520 2183 Romanorum
545 2159 565 2182 v
584 2150 596 2191 Η
618 2152 656 2182 11
685 2159 750 2182 ora
774 2147 864 2181 RA¹
889 2151 1025 2192 (prom.
1049 2159 1086 2191 p.
1113 2151 1156 2189 9;
1189 2147 1290 2191 Ver9.
1311 2147 1400 2182 Aen.
1427 2149 1461 2189 3,

130 2199 201 2230 456
226 2200 311 2240 sq.);
338 2196 486 2230 oracula
510 2195 623 2229 A2Fv
653 2196 665 2238 ΙΙ
699 2199 739 2229 16
767 2194 891 2238 script.
921 2194 1014 2236 RA;
1039 2205 1082 2229 ea
1108 2194 1230 2238 script.
1256 2205 1276 2228 v
1301 2195 1313 2238 ΙΙ
1340 2197 1383 2228 18
1408 2193 1461 2228 in-

131 2243 251 2286 cipere
278 2243 311 2276 A
331 2243 405 2286 1126
432 2242 530 2285 quod
555 2241 607 2275 R¹
626 2243 638 2285 Η
657 2244 699 2275 27
727 2241 779 2275 ibi
804 2241 933 2276 uocab.
960 2240 1013 2275 122
