1548 2562
443 118 496 144 DE
515 118 704 145 omum
723 119 793 144 Dm
812 119 845 145 L.
866 118 963 145 xvn.
988 118 1017 145 c.
1036 119 1062 146 4.
1340 110 1424 151 209

93 213 153 246 est
184 209 285 246 dans
315 211 446 246 votum
476 209 646 255 voventi,
686 213 724 246 et
762 208 968 247 benedixit
997 219 1123 246 annos
1154 209 1264 255 iusti,
1303 220 1424 247 unum

92 271 153 304 est
185 264 287 316 quod
319 264 501 316 facimus,
534 265 698 304 alterum
731 265 834 315 quod
866 267 1067 304 sumimus.
1118 265 1194 303 Sed
1226 265 1299 304 hoc
1332 266 1423 304 alte-

93 322 291 362 rum‘Deo
329 323 512 373 largitore
551 335 629 361 non
669 325 854 374 sumitur,
897 325 973 362 nisi
1011 336 1100 362 cum
1130 324 1215 375 ipso
1247 323 1423 363 adiutore

92 383 262 433 primum
299 380 393 420 illud
433 381 621 420 efficitur:
670 382 773 428 Quia
817 393 895 420 non
934 384 974 420 in
1012 384 1158 420 virtute
1191 387 1331 431 potens
1368 388 1427 421 est

92 442 165 478 vir.
227 440 419 478 Dominus
451 441 651 486 infirmum
677 438 807 488 faciet
845 441 1125 479 adversarium
1162 442 1272 486 eius,·
1315 439 1424 479 illum

93 497 258 549 scilicet,
297 499 364 548 qui
395 497 547 536 *homini
585 498 740 536 voventi
771 497 918 535 invidet
950 503 987 536 et
1019 499 1185 550 resistit,
1222 510 1271 536 ne
1303 498 1425 537 valeat

93 555 254 607 implere
294 555 397 606 quod
434 556 548 594 vovit.
609 555 745 594 Potest
782 567 829 593 ex
860 555 1040 606 ambiguo
1073 555 1220 594 Graeco
1252 556 1425 607 intellegi

93 620 132 653 et
163 616 442 653 adversarium
473 626 597 653 suum.
649 613 745 652 Cum
772 614 876 652 enim
902 613 1089 652 Dominus
1121 615 1321 665 possidere
1354 627 1425 653 nos

92 673 278 724 coeperit,
308 672 485 724 profecto
518 671 873 726 adversarius‚‚qui
899 676 1033 710 noster
1059 673 1196 724 fuerat,
1229 674 1351 723 ipsius
1384 674 1425 711 fit

93 737 132 770 et
162 731 330 769 vincitur
361 742 382 768 a
413 730 536 782 nohis,
569 729 635 768 sed
668 742 745 768 non
777 729 925 768 viribus
957 732 1114 781 nostris,
1145 733 1240 779 quia
1272 743 1350 770 non
1383 734 1421 769 in

93 791 240 828 virtute
273 793 416 838 potens
456 793 513 827 est
553 790 625 826 vir.
697 789 887 827 Dominus
928 800 1020 838 ergo
1063 791 1262 836 infirmum
1299 789 1428 837 faciet

93 849 374 887 adversarium
393 858 518 894 suum,
540 847 730 885 Dominus
749 851 935 892 sanctus;
966 851 1010 885 ut
1029 848 1206 885 vincatur
1226 859 1246 884 a
1267 849 1424 899 sanctis,

93 917 191 956 quos
223 905 410 944 Dominus
443 910 600 943 sanctus
633 910 857 943 sanctorum
891 904 1008 943 efficit
1041 911 1207 943 sanctos.

210 963 263 1002 Ac
282 975 353 1014 per
372 963 446 1001 hoc
477 974 555 1002 non
584 965 784 1011 glorietur
809 964 991 1011 prudens
1024 965 1064 1001 2‘72
1095 975 1170 1002 sua
1191 965 1424 1012 prudentia,

93 1027 131 1061 et
161 1033 239 1061 non
268 1024 466 1070 ylorietur
493 1026 632 1070 potens
664 1023 704 1059 in
735 1032 810 1059 sua
836 1023 1028 1069 potentia,
1061 1026 1099 1059 et
1128 1033 1207 1060 non
1225 1024 1425 1069 qlorietur

93 1083 201 1119 dives
239 1082 279 1119 in
317 1081 465 1118 divitiis
495 1081 602 1125 suis;
639 1080 711 1118 sed
748 1081 787 1117 in
819 1080 893 1117 hoc
923 1081 1138 1127 qlorietzcr,
1178 1082 1248 1127 qui
1274 1082 1424 1128 aloria-

93 1145 179 1187 ίαν,
211 1140 441 1186 intellegere
478 1142 519 1178 et
548 1140 656 1176 scire
686 1138 895 1176 Dominum
927 1142 965 1175 et
991 1137 1134 1185 facere
1166 1139 1357 1176 iudicium
1390 1143 1427 1177 et

93 1198 284 1235 iustitiam
317 1198 357 1234 in
389 1197 516 1235 medio
543 1200 690 1235 terrae.
752 1195 836 1233 Non
868 1207 985 1246 parva
1017 1208 1062 1233 ex
1096 1200 1204 1246 parte
1237 1196 1427 1246 intellegit

94 1261 133 1293 et
157 1256 230 1293 scit
255 1253 474 1305 Dominum,
506 1255 573 1304 qui
598 1253 787 1304 intellegit
812 1259 851 1292 et
877 1255 950 1292 scit
976 1255 1089 1292 etiam
1116 1254 1189 1292 hoe
1216 1266 1236 1291 a
1263 1254 1425 1292 Domino

94 1312 167 1351 sibi
208 1313 312 1363 dari,
352 1318 396 1351 ut
434 1311 632 1362 intellegat
670 1317 708 1350 et
748 1313 844 1350 sciat
885 1311 1101 1350 Dominum.
1176 1313 1282 1358 Quid
1325 1315 1427 1351 enim

94 1372 231 1420 habes,
270 1372 322 1409 ait
365 1370 580 1422 apostolus,
619 1371 726 1418 quod
760 1381 838 1408 non
876 1372 1094 1419 accepisti?
1140 1371 1185 1408 Sz'
1221 1376 1352 1409 aulem
1391 1376 1429 1409 et

94 1431 304 1478 accepisti,
344 1430 444 1477 quid
477 1430 689 1480 ρῖονῖανὶε,
729 1430 848 1476 quasi
883 1440 961 1466 non
999 1430 1233 1477 acceperis?
1276 1429 1314 1467 id
1356 1434 1427 1480 est,

94 1489 204 1538 quasi
236 1499 256 1525 a
287 1492 324 1526 te
356 1488 441 1538 ipso
472 1486 545 1525 tibi
577 1488 644 1538 sit,
684 1486 787 1524 unde
820 1486 1007 1537 gloriaris.
1069 1486 1177 1525 Facit
1208 1492 1337 1525 autem
1369 1488 1426 1525 iu-

93 1546 239 1584 dicium
277 1550 316 1584 et
351 1546 556 1596 iustitiam,
594 1546 661 1595 qui
699 1550 805 1582 recte
845 1546 947 1582 vivit.
1009 1544 1127 1582 Recte
1162 1550 1289 1582 autem
1323 1546 1426 1596 vivit,

95 1605 161 1654 qui
186 1603 428 1654 obtemperat
452 1604 708 1654 praecipienti
733 1602 829 1653 Deo3
862 1608 899 1640 et
921 1605 1015 1648 finis
1037 1605 1257 1654 praecepa,
1290 1602 1327 1640 id
1356 1608 1426 1654 est,

93 1662 139 1700 ad
173 1662 274 1712 quod
307 1662 478 1700 refertur
509 1666 779 1711 praeceptum,
818 1663 972 1699 caritas
1004 1665 1062 1699 est
1093 1662 1141 1699 cle
1172 1662 1294 1698 corde
1322 1673 1427 1709 puro

93 1725 132 1760 et
170 1721 413 1759 conscientia
445 1720 549 1758 bona
586 1723 625 1758 et
656 1720 739 1765 fide
775 1730 852 1757 non
888 1721 997 1764 ficta.
1059 1717 1181 1756 Porro
1215 1720 1287 1757 ista
1320 1722 1426 1757 cari-

95 1783 167 1826 tas,
200 1779 301 1816 sicut
326 1777 517 1815 Iohannes
544 1776 742 1828 apostolus
768 1781 946 1828 testatur,
978 1788 1030 1815 ex
1055 1777 1138 1815 Deo
1166 1781 1233 1815 est.
1282 1776 1427 1815 Facere

93 1837 212 1887 igitur
248 1835 435 1874 iudicium
474 1840 512 1874 et
549 1836 736 1874 iustitiam
774 1847 820 1873 ex
852 1834 930 1872 Deo
971 1840 1040 1872 est.
1104 1834 1178 1873 Sed
1219 1834 1310 1885 quid
1350 1840 1427 1873 est:

95 1895 143 1933 In
181 1896 308 1933 medio
346 1895 507 1932 terrae?
556 1892 690 1944 Neque
730 1894 833 1931 enim
872 1905 948 1931 non
987 1892 1129 1931 debent
1168 1893 1294 1930 facere
1328 1893 1424 1931 iudi-

94 1954 198 1991 cium
230 1958 268 1990 et
304 1953 490 1990 iustitiam
530 1953 595 2002 qui
633 1950 807 1989 habitant
837 1952 877 1989 in
909 1953 1095 1989 extremis
1128 1956 1268 1989 terrae.
1331 1951 1427 1996 Quis

93 2010 167 2049 hoc
204 2007 371 2048 dixerit?
421 2009 499 2048 Cur
540 2021 633 2060 ergo
671 2009 843 2048 additum
882 2014 960 2048 est:
1010 2010 1057 2047 In
1095 2010 1222 2047 medio
1263 2012 1427 2047 terrae?

95 2068 207 2114 Quod
239 2069 272 2106 si
303 2080 379 2106 non
417 2068 625 2106 adderetur
656 2072 695 2106 et
726 2067 991 2106 tantummodo
1025 2067 1239 2105 diceretur:
1272 2068 1428 2105 Favere

188 2158 246 2199 22)
274 2160 303 2191 1.
331 2156 410 2190 Cor.
437 2159 470 2199 4,
498 2160 528 2191 7.
578 2156 636 2199 27>
665 2160 693 2190 1.
721 2155 813 2190 Tim.
842 2160 872 2199 1,
899 2159 930 2190 5.
981 2158 1039 2199 28)
1068 2160 1097 2189 1.
1124 2155 1173 2191 10.
1200 2159 1233 2200 4,
1260 2159 1291 2191 7.

190 2277 210 2307 9
235 2272 299 2306 fiet
324 2274 361 2306 et
384 2272 551 2307 uincetur
577 2273 634 2316 bf;
659 2272 701 2306 fit
725 2273 761 2306 et
787 2271 955 2307 uincetur
980 2272 1032 2306 12¹
1052 2273 1064 2316 ΙΙ
1085 2276 1126 2307 13
1153 2271 1274 2307 effecit
1300 2282 1320 2305 υ

164 2343 239 2363 Ano.
259 2343 299 2362 nn
321 2343 380 2362 ew.
399 2344 462 2363 nm.
487 2337 527 2362 11.
1106 2334 1147 2364 lt

1452 739 1493 769 10

1453 1321 1497 1351 20

1453 1610 1496 1641 25

1452 1901 1498 1932 30
