1611 2465
118 451 136 480 σι

97 744 136 772 lt)

98 1037 138 1066 15

96 1914 138 1943 30

165 111 250 151 060
709 118 735 142 s,
756 117 974 143 AUGUSTINI

165 220 270 260 mus,
303 208 484 257 credere3
525 206 740 245 secundum
773 211 968 256 coguntur
1001 211 1039 244 et
1071 218 1253 259 cernere;
1287 206 1389 257 quod
1423 220 1501 246 non

163 268 367 306 inveniunt
399 265 500 304 unde
535 266 584 303 sit
617 265 779 317 sactum,
821 266 854 303 si
887 277 962 302 non
996 264 1162 303 credunt
1194 267 1364 304 tertium.
1428 265 1500 304 Re-

164 327 356 364 surrectio
396 329 502 362 certe
543 323 687 361 Christi
728 329 766 361 et
803 324 843 361 in
883 323 1032 361 caelum
1071 335 1160 361 cum
1201 336 1315 362 carne
1355 325 1394 362 in
1428 336 1502 375 qua

163 384 380 422 resurrexit
412 383 588 420 ascensio
623 387 702 420 toto
736 383 810 420 iam
851 381 994 420 mundo
1027 382 1274 433 praedicatur
1307 375 1501 422 et'credi-

164 448 244 493 tur3
283 443 315 479 si
348 440 544 479 credibilis
583 452 659 478 non
699 446 778 491 est,
816 440 919 478 unde
958 445 1039 479 toto
1072 445 1267 479 terrarum
1300 440 1394 479 orbe
1427 443 1503 480 iam

164 500 310 539 credita
355 497 442 538 est?
505 498 545 537 Si
579 499 709 550 multi,
748 498 917 551 nobileS,
957 498 1160 551 sublimes,
1199 499 1302 538 docti
1344 512 1428 538 eam
1462 512 1503 538 se

163 559 304 597 vidisse
345 559 528 597 dixerunt
561 563 599 596 et
632 557 734 608 quod
767 557 949 595 viderunt
982 558 1179 596 diffamare
1213 564 1413 610 curarunt,
1445 560 1501 597 eis

163 617 352 656 mundum
385 617 597 655 credidisse
631 629 709 654 non
742 617 884 654 mirum
917 622 996 668 est,
1033 616 1100 654 sed
1133 618 1228 655 Istos
1262 616 1387 655 adhuc
1419 629 1502 656 cre-

164 677 255 715 dere
290 675 389 714 nolle
417 675 633 727 perdurum
665 680 740 726 est3
773 676 806 713 si
838 680 979 726 autem,
1012 680 1054 713 ut
1086 687 1220 713 verum
1254 680 1325 727 est,
1357 677 1502 728 paucis,

164 734 354 786 obscuris,
377 736 558 785 minimis,
578 734 745 772 indoctis
766 745 850 771 eam
871 745 911 771 se
938 733 1079 771 vidisse
1103 733 1323 772 dicentibus
1345 739 1383 773 et
1409 736 1503 773 scri-

164 793 346 832 bentibus
375 793 539 831 credidit
566 792 747 844 mundus,
780 804 850 830 cur
870 793 984 843 pauci
1011 791 1317 844 obstinatissimi,
1350 794 1417 843 qui
1443 804 1502 831 re-

164 858 403 904 manserunt,
435 853 509 902 ipsi
536 851 681 889 mundo
702 852 777 888 iam
804 850 979 888 eredenti
1006 850 1131 888 adhuc
1158 863 1282 901 usque
1309 862 1386 889 non
1420 863 1502 889 cre-

165 909 289 949 dunt?
318 912 384 961 qui
404 915 612 961 propterea
641 921 805 948 numero
835 911 974 959 exiguo
1001 908 1242 960 ignobilium,
1268 910 1503 961 infimorum,

164 971 424 1021 inperitorum
456 968 656 1006 hominum
690 967 866 1016 credidit,
899 969 988 1018 quia
1020 969 1059 1005 in
1092 973 1169 1006 tam
1203 967 1502 1019 contemptibili-

165 1029 238 1067 bus
270 1027 437 1066 testibus
476 1026 597 1065 multo
637 1026 852 1064 mirabilius
891 1026 1070 1064 divinitas
1111 1038 1150 1064 se
1183 1027 1266 1077 ipsa
1297 1028 1502 1077 persuasit.

164 1087 327 1137 Eloquia
360 1098 526 1135 namque
560 1084 900 1136 persuadentium,
934 1097 1032 1135 quae
1066 1084 1258 1137 dicebant,
1291 1086 1387 1123 mira
1420 1085 1501 1124 fue-

165 1151 258 1184 runt
290 1145 406 1196 sacta,
445 1155 522 1181 non
555 1142 682 1181 verba.
745 1142 821 1188 Qui
853 1144 956 1181 enim
989 1142 1187 1182 Christum
1219 1145 1258 1182 in
1292 1155 1407 1182 carne
1441 1155 1500 1182 re·

165 1205 383 1242 surrexisse
417 1208 455 1240 et
482 1214 569 1240 cum
601 1201 663 1239 illa
696 1202 735 1239 in
769 1201 918 1239 caelum
950 1202 1172 1240 ascendisse
1206 1213 1283 1240 non
1316 1201 1503 1254 viderant,

164 1262 201 1300 id
247 1274 288 1300 se
332 1262 473 1299 vidisse
519 1259 767 1298 narrantibus
809 1271 886 1297 non
928 1260 1179 1310 loquentibus
1221 1265 1389 1313 tantum,
1434 1260 1503 1299 sed

126 1330 131 1331 ⁷
166 1322 280 1359 etiam
301 1320 461 1358 mirifica
483 1317 715 1356 facientibus
743 1319 851 1368 signa
872 1317 1093 1356 credebant.
1138 1317 1324 1359 Homines
1345 1320 1501 1371 quippe,

165 1392 262 1430 quos
295 1380 411 1417 unius
444 1377 514 1429 vel,
547 1382 589 1415 ut
621 1377 798 1427 multum,
830 1376 996 1415 duarum
1029 1377 1249 1427 linguarum
1281 1378 1401 1416 fuisse
1434 1390 1500 1416 no-

164 1443 316 1488 verant,
356 1441 517 1487 repente
556 1435 698 1486 linguis
738 1436 912 1473 omnium
944 1437 1118 1485 gentium
1150 1435 1356 1486 loquentes
1389 1437 1501 1474 mira-

164 1496 294 1534 biliter
334 1494 560 1545 audiebant,
600 1493 780 1532 claudum
820 1493 865 1531 ab
899 1492 1087 1532 uberibus
1121 1496 1254 1532 matris
1287 1493 1333 1532 ad
1366 1506 1501 1533 eorum

165 1554 327 1592 verbum
360 1556 398 1592 in
432 1553 576 1591 Christi
609 1553 763 1590 nomine
797 1557 885 1602 post
917 1552 1170 1603 quadraginta
1202 1564 1322 1591 annos
1355 1552 1501 1592 ineolu-

165 1626 266 1651 mem
294 1613 528 1662 constitisse,
555 1610 708 1649 sudaria
729 1610 775 1647 de
797 1610 1027 1661 corporibus
1055 1623 1190 1649 eorum
1217 1610 1341 1650 ablata
1366 1623 1501 1650 sanan-

165 1672 223 1710 dis
261 1671 455 1722 prosuisse
493 1668 786 1720 languentibus,
824 1670 864 1706 in
902 1670 961 1707 via
1003 1681 1077 1720 qua
1110 1669 1265 1708 fuerant
1296 1671 1501 1708 transituri

164 1732 311 1781 positos
351 1731 388 1767 in
427 1728 562 1766 ordine
602 1725 905 1765 innumerabiles
937 1727 1083 1766 morbis
1122 1729 1237 1766 variis
1268 1727 1501 1780 laborantes,

166 1795 207 1827 ut
234 1787 660 1836 ambulantiumsuper
686 1798 752 1824 eos
786 1784 923 1824 umbra
957 1787 1151 1838 transiret,
1183 1788 1368 1825 continuo
1401 1786 1499 1824 salu-

167 1853 243 1885 tem
288 1846 413 1884 solere
458 1846 634 1895 recipere
680 1849 718 1882 et
762 1843 833 1882 alia
877 1843 996 1882 multa
1040 1845 1231 1896 stupenda
1275 1846 1315 1883 in
1357 1843 1502 1883 Christi

166 1907 319 1943 nomine
342 1916 411 1955 per
439 1915 504 1942 eos
532 1903 641 1953 saeta,
667 1907 865 1953 postremo
893 1903 1007 1940 etiam
1034 1909 1209 1941 mortuos
1235 1904 1499 1941 resurrexisse

166 1963 389 2002 cernebant.
453 1962 558 2007 Quae
598 1962 647 2012 si,
685 1966 727 1999 ut
766 1960 965 2012 leguntur,
1003 1966 1111 2011 gesta
1150 1973 1235 1999 esse
1269 1960 1500 2013 concedunt,

167 2034 256 2060 ecce
289 2028 346 2060 tot
376 2019 617 2059 incredibilia
651 2018 775 2057 tribus
808 2018 882 2056 illis
915 2018 1209 2058 incredibililms
1242 2019 1430 2071 addimus,
1463 2024 1502 2057 et

166 2086 208 2118 ut
229 2080 411 2118 credatur
438 2090 558 2117 unum
584 2076 823 2128 incredibile,
850 2076 954 2127 quod
980 2077 1026 2115 de
1054 2079 1181 2116 carnis
1208 2079 1500 2116 resurreetione

261 2171 318 2212 30)
346 2170 424 2202 Act.
453 2172 492 2210 33
521 2172 550 2203 4.

260 2289 303 2318 20
329 2284 465 2328 quippe
491 2294 556 2318 om.
582 2282 617 2317 R
