1548 2562
384 161 436 185 DE
456 159 643 185 (21V1TATE
664 160 733 184 DEI
753 160 785 184 L.
806 160 920 184 xvm.
940 159 968 185 c.
988 161 1030 184 42.
1050 160 1093 184 43.
1326 149 1408 190 321

81 250 206 288 decim
233 248 414 287 tribubus
441 249 525 286 seni
550 247 738 299 homines,
771 249 921 299 linguae
948 249 1153 298 utriusque
1186 247 1412 299 doctissimi,

80 308 278 346 Hebraeae
312 306 460 345 scilicet
492 312 606 356 atque
640 306 826 358 Graecae,
868 318 1034 357 quorum
1066 306 1336 356 interpretatio
1369 311 1412 344 ut

83 365 333 417 Septuaginta
372 370 553 415 vocetur,
593 366 668 402 iam
706 364 874 403 obtinuit
912 364 1166 403 consuetudo.
1194 353 1232 387 s
1228 363 1413 402 Traditur

81 436 172 462 sane
209 429 287 462 tam
325 421 540 460 mirabilem
578 434 621 460 ac
660 423 895 474 stupendum
932 422 1122 474 planeque
1161 422 1333 460 divinum
1371 423 1412 460 in

82 493 217 520 eorum
260 480 389 519 verbis
432 480 554 518 fuisse
599 492 853 532 consensum,
894 487 957 532 ut,
995 492 1084 519 cum
1121 480 1167 519 ad
1205 480 1278 518 hoc
1314 492 1411 530 opus
1439 488 1459 519 5

81 541 288 591 separatim
328 538 468 589 singuli
508 538 682 577 sederint
719 534 790 591 (ita
828 541 932 577 enim
971 551 1106 577 eorum
1139 539 1254 576 fidem
1284 538 1411 577 Ptolo-

80 610 189 637 maeo
215 597 360 648 placuit
386 592 619 649 explorare),
651 598 691 635 in
724 596 829 635 nullo
863 597 992 648 verbo,
1025 597 1128 647 quod
1161 597 1263 635 idem
1296 598 1411 647 signi-

80 657 215 695 ficaret
241 661 278 694 et
303 654 531 693 tantundem
557 655 713 707 valeret,
746 655 804 693 vel
836 657 874 693 in
908 655 1117 693 verborum
1148 655 1283 693 ordine
1316 655 1414 694 alter

80 714 127 753 ab
159 714 279 753 altero
313 713 571 764 discreparet3
609 713 677 751 sed
710 719 905 763 tamquam
937 726 1039 751 unus
1072 719 1176 752 esset
1207 715 1414 765 interpres,

79 774 132 811 ita
164 772 266 822 quod
300 783 433 809 omnes
465 772 711 822 interpretati
742 778 833 810 sunt
864 784 986 809 unum
1018 777 1118 822 erat3
1157 773 1339 822 quoniam
1370 783 1413 810 re
1443 780 1484 811 10

74 842 170 882 >vera
203 831 363 881 spiritus
403 835 485 868 erat
522 842 624 867 unus
665 831 704 867 in
738 829 953 880 omnihus(
991 829 1040 868 Et
1071 830 1157 868 ideo
1190 836 1268 867 tam
1300 831 1413 868 mira·

80 885 155 927 bile
188 888 257 926 Dei
294 900 437 926 munus
469 893 716 938 acceperant,
759 894 801 926 ut
833 881 986 926 illarum
1019 890 1303 938 scripturarum
1337 900 1414 926 non

80 952 275 997 tamquam
314 946 587 996 humanarum,
626 945 710 996 sed,
743 947 844 984 sicut
876 952 1003 996 erant,
1042 952 1237 995 tamquam
1270 946 1413 984 divina-

80 1017 168 1043 rum
195 1006 311 1043 etiam
336 1005 411 1042 isto
437 1003 550 1042 modo
577 1003 917 1042 commendaretur
950 1005 1173 1053 auctoritas,
1206 1004 1415 1042 credituris

83 1063 314 1114 quandoque
340 1061 520 1113 gentibus
547 1062 763 1113 profutura,
791 1062 893 1111 quod
920 1063 994 1099 iam
1021 1062 1195 1100 videmus
1221 1062 1414 1100 effectum.
1444 1071 1485 1101 15

582 1174 734 1216 CAPUT
767 1175 918 1216 XLIII.

81 1249 141 1287 De
161 1249 405 1286 auctoritate
423 1250 678 1296 septuccqinta
699 1250 971 1296 interpretum,
998 1260 1112 1295 quae,
1138 1251 1247 1287 salvo
1267 1250 1417 1288 honore

134 1307 313 1344 Hebraei
341 1307 432 1352 stili,
464 1307 643 1343 omnibus
673 1308 724 1344 sit
756 1307 1042 1354 interpretibus
1068 1306 1356 1355 praeferenda.

198 1374 294 1413 Nam
326 1386 414 1412 cum
447 1375 593 1412 fuerint
625 1380 664 1413 et
695 1375 757 1413 alii
789 1377 1038 1426 interpretes,
1071 1377 1136 1425 qui
1170 1388 1214 1413 ex
1242 1376 1415 1415 Hebraea

81 1434 211 1483 lingua
251 1434 290 1470 in
323 1432 508 1470 Graecam
548 1444 655 1470 sacra
693 1432 755 1470 illa
789 1433 940 1483 eloquia
973 1434 1277 1485 transtulerunt,
1316 1436 1417 1473 sicut
1443 1443 1486 1473 20

82 1491 234 1542 Aquila,
278 1490 549 1541 Symmachus,
593 1490 855 1543 Tlieodotion3
895 1493 996 1530 sicut
1028 1493 1142 1530 etiam
1175 1492 1238 1530 illa
1271 1498 1330 1530 est
1360 1494 1416 1531 in-

82 1551 335 1600 terpretatio,
384 1550 495 1587 cuius
536 1554 672 1587 auctor
715 1561 792 1587 non
838 1555 997 1600 apparet
1041 1556 1080 1588 et
1123 1550 1170 1587 ob
1215 1550 1288 1588 hoc
1333 1553 1416 1589 sine

83 1609 238 1645 nomine
270 1608 496 1657 interpretis
530 1609 663 1657 quinta
695 1607 813 1646 editio
846 1613 1112 1658 nuncupatur:
1144 1607 1242 1646 hanc
1276 1614 1416 1660 tamen,

84 1677 181 1716 quae
210 1665 460 1715 Septuaginta
494 1671 564 1716 est,
597 1671 790 1715 tamquam
825 1665 903 1703 sola
936 1672 1051 1717 esset,
1084 1667 1140 1703 sic
1173 1668 1322 1716 recepit
1355 1679 1415 1704 ec-

84 1723 220 1774 clesia,
259 1735 380 1772 eaque
418 1728 585 1761 utuntur
624 1722 761 1761 Graeci
799 1723 933 1774 populi
973 1723 1203 1775 Christiani,
1248 1736 1416 1774 quorum
1442 1733 1485 1763 25

83 1781 259 1832 plerique
292 1786 426 1819 utrum
467 1780 537 1819 alia
569 1783 619 1819 sit
650 1781 775 1831 aliqua
808 1783 998 1832 ignorant.
1039 1774 1115 1819 ''Ex
1148 1781 1218 1819 hac
1253 1782 1414 1833 Septua-

83 1841 189 1890 ginta
220 1840 542 1889 interpretatione
581 1841 696 1877 etiam
734 1841 773 1877 in
806 1839 981 1878 Latinam
1021 1839 1191 1890 linguam
1223 1842 1414 1890 interpre-

83 1903 205 1936 tatum
247 1902 326 1948 est,
371 1897 473 1947 quod
512 1897 698 1936 ecclesiae
730 1897 887 1936 Latinae
929 1903 1081 1949 tenent3
1124 1899 1298 1948 quamvis
1338 1910 1415 1936 non

19 1983 34 1995 ,ι
83 1955 253 1994 defuerit
289 1954 531 2005 temporibus
570 1957 714 1994 nostris
751 1955 957 2007 presbyter
997 1955 1257 2006 Hieronymus
1300 1956 1415 1994 homo

12 2004 33 2022 ’Σ
84 2013 332 2051 doctissimus
365 2019 403 2051 et
434 2015 606 2052 omnium
639 2015 758 2052 trium
791 2013 1010 2064 linguarum
1043 2016 1205 2065 peritus,
1238 2015 1304 2064 qui
1336 2026 1415 2052 non
1441 2023 1485 2053 30

85 2083 131 2108 ex
163 2071 329 2123 Graeco,
361 2070 427 2109 sed
461 2084 507 2109 ex
539 2071 714 2109 Hebraeo
747 2073 785 2110 in
818 2071 997 2110 Latinum
1031 2071 1228 2121 eloquium
1260 2072 1415 2110 easdem

85 2130 297 2179 scripturas
336 2131 583 2168 converterit.
646 2129 721 2167 Sed
761 2131 844 2168 eius
882 2136 959 2168 tam
997 2130 1210 2168 litteratum
1243 2129 1416 2169 laborem

85 2188 258 2237 quamvis
289 2186 420 2224 Iudaei
457 2187 650 2225 fateantur
688 2199 773 2226 esse
815 2200 1010 2239 veracem,
1048 2189 1292 2238 septuaginta
1323 2201 1414 2226 vero

84 2246 320 2295 interpretes
357 2246 396 2282 in
428 2245 560 2283 multis
592 2257 743 2284 errasse
776 2246 1029 2284 contendant:
1068 2251 1196 2284 tamen
1228 2246 1414 2285 ecclesiae

85 2301 229 2340 Christi
261 2307 318 2340 tot
343 2302 542 2341 hominum
575 2305 796 2342 auctoritati
827 2303 873 2342 ab
899 2304 1080 2342 Eleazaro
1107 2309 1201 2342 tunc
1232 2305 1484 2360 pontifices35

154 2381 228 2399 auo.
248 2381 289 2399 DE
310 2381 370 2400 mv.
390 2381 453 2399 nm.
490 2375 530 2400 11.
1088 2372 1129 2403 21
