1611 2465
56 719 97 749 10

55 1010 97 1041 15

54 1303 97 1333 20

52 1743 96 1775 25

54 2034 98 2066 30

123 86 210 127 314
655 94 682 119 s.
703 93 921 120 AUGUSTINI

124 184 261 237 Israel,
301 197 397 235 quae
437 196 499 222 res
540 188 669 234 gestas
708 184 900 234 continet,
945 183 992 222 de
1032 183 1174 234 quibus
1207 184 1332 222 eidem
1365 186 1458 223 scri-

123 250 259 295 pturae
288 245 493 281 canonicae
522 241 730 292 credimus,
763 248 1118 280 commemorantur
1150 242 1329 294 plurima,
1361 248 1458 293 q'uae

123 302 175 340 ibi
203 314 280 340 non
302 301 545 352 explicantur
571 305 609 338 et
634 301 673 338 in
700 299 810 338 libris
837 299 1022 338 dicuntur
1048 300 1132 339 aliis
1157 302 1335 349 inveniri,
1362 313 1460 352 quos

122 360 334 412 prophetae
374 360 635 410 scripserunt,
673 364 711 396 et
749 357 890 397 alicubi
927 370 1065 397 eorum
1104 371 1260 410 quoque
1292 359 1459 411 prophe-

124 426 251 458 tarum
295 419 451 456 nomina
490 429 567 455 non
606 422 803 468 tacentur3
848 428 920 455 nec
958 422 1089 456 tamen
1126 419 1379 457 inveniuntur
1419 420 1460 457 in

124 489 295 528 canone,
339 488 454 527 quem
499 477 649 527 recepit
691 475 859 526 populus
903 475 983 514 Dei.
1047 475 1166 515 Cuius
1210 478 1286 528 rei,
1325 477 1460 528 fateor,

124 547 238 574 causa
264 547 324 573 me
351 534 457 585 latet,
488 535 563 572 nisi
589 534 692 585 quod
719 535 897 572 existimo
931 535 1047 572 etiam
1079 536 1198 587 ipsos,
1230 534 1372 585 quibus
1405 546 1462 587 ea,

123 605 220 644 quae
253 595 292 631 in
325 594 555 632 auctoritate
596 593 794 643 religionis
833 604 918 631 esse
950 592 1158 644 deberent,
1196 598 1354 632 sanctus
1387 594 1460 631 uti-

125 664 199 702 que
239 651 408 702 Spiritus
447 650 659 702 revelabat,
697 650 770 699 alia
808 652 909 689 sicut
946 650 1124 690 homines
1161 651 1346 690 historica
1378 651 1461 689 dili-

124 712 273 761 gentia,
318 709 389 748 alia
431 711 532 761 sicut
575 709 785 760 prophetas
822 710 1077 759 inspiratione
1122 709 1249 748 divina
1288 709 1460 762 scribere

122 770 314 820 potuisse,
346 774 461 818 atque
493 767 588 805 haec
620 769 673 805 ita
704 767 825 809 fuisse
858 767 1059 819 distincta,
1097 774 1140 806 ut
1172 767 1234 806 illa
1266 773 1462 819 tamquam

122 828 228 878 ipsis,
261 828 331 866 ista
358 839 450 865 vero
477 831 673 876 tamquam
699 825 778 864 Deo
805 837 875 876 per
899 827 1005 876 ipsos
1037 826 1213 877 loquenti
1244 826 1461 874 iudicaren-

123 892 188 924 tur
227 897 313 923 esse
352 884 577 936 tribuenda,
616 896 659 922 ac
698 885 753 922 sic
792 884 853 922 illa
885 885 1132 934 pertinerent
1164 884 1210 923 ad
1242 884 1461 923 ubertatem

124 945 372 995 cognitionis,
402 943 498 981 haec
524 942 569 980 ad
603 942 803 993 religionis
835 944 1119 995 auctoritatem,
1151 944 1190 981 in
1225 955 1299 994 qua
1331 948 1461 982 aucto·

124 1004 238 1040 ritate
277 1001 499 1041 custoditur
538 1013 679 1053 canon,
717 1007 872 1051 praeter
913 1012 1030 1050 quem
1067 1003 1144 1039 iam
1175 1002 1207 1039 si
1241 1013 1315 1052 qua
1346 1003 1462 1040 etiam

123 1060 209 1099 sub>
241 1061 397 1098 nomine
443 1071 624 1098 verorum
674 1059 955 1110 prophetarum
1004 1061 1149 1111 scripta
1193 1060 1462 1111 proferuntur,

123 1131 195 1157 nec
239 1118 286 1157 ad
330 1120 453 1170 ipsam
492 1119 642 1169 copiam
682 1118 866 1155 scientiae
912 1116 1057 1166 valent,
1102 1119 1284 1168 quoniam
1328 1124 1463 1157 utrum

123 1189 260 1215 eorum
298 1178 395 1226 sint,
434 1188 602 1227 quorum
641 1187 725 1214 esse
759 1175 960 1227 dicuntur,
1003 1177 1198 1214 incertum
1231 1182 1310 1227 est3
1343 1182 1382 1215 et
1413 1175 1461 1214 ob

122 1235 196 1273 hoc
229 1236 285 1273 eis
318 1247 395 1273 non
428 1234 594 1273 habetur
631 1234 745 1285 fides,
785 1228 948 1272 maxime
980 1233 1059 1286 his,
1099 1236 1140 1272 in
1173 1233 1314 1285 quibus
1347 1235 1462 1273 etiam

123 1298 257 1332 contra
307 1293 423 1331 fidem
475 1292 665 1331 llbrorum
710 1293 989 1330 canonicorum
1035 1292 1223 1342 quaedam
1266 1292 1462 1344 leguntur,

122 1357 284 1403 propter
316 1351 420 1402 quod
453 1363 497 1389 ea
528 1362 693 1402 prorsus
725 1361 804 1388 non
837 1361 924 1388 esse
956 1356 1118 1401 apparet
1148 1347 1315 1390 illorum.

600 1508 755 1551 CAPUT
788 1510 983 1553 XXXIX.

153 1595 212 1634 De
243 1595 458 1634 Hebraicis
490 1597 653 1641 litteras,
687 1606 790 1642 quae
821 1592 1036 1644 numquam
1068 1596 1109 1634 in
1140 1607 1240 1635 suae
1271 1598 1434 1646 linquae

513 1655 765 1702 proprietate
795 1664 873 1692 non
901 1653 1068 1702 fuerint.

242 1733 327 1772 Non
365 1735 496 1784 itaque
530 1733 769 1772 credendum
811 1740 887 1787 est,
926 1735 1030 1786 quod
1063 1735 1240 1774 nonnulli
1272 1735 1461 1775 arbitran-

125 1798 205 1844 tur,
243 1791 460 1830 Hebraeam
498 1797 651 1837 tantum
687 1792 857 1843 linguam
889 1805 960 1843 per
991 1793 1116 1845 illum,
1156 1795 1221 1844 qui
1253 1793 1463 1833 vocabatur

123 1850 266 1902 Heher,
297 1850 401 1888 unde
433 1849 702 1889 Hebraeorum
733 1850 965 1889 vocabulum
998 1856 1074 1903 est,
1108 1851 1227 1889 fuisse
1260 1858 1462 1905 servatam,

125 1914 239 1959 atque
272 1908 360 1946 inde
393 1909 617 1959 pervenisse
650 1907 695 1947 ad
728 1908 939 1961 Abraham,
971 1908 1168 1947 Hebraeas
1200 1915 1329 1948 autem
1361 1910 1462 1949 litte-

125 1978 187 2005 ras
215 1979 233 2004 a
261 1966 343 2017 lege
371 1968 560 2018 coepisse,
592 1978 690 2017 quae
724 1966 810 2005 data
843 1972 902 2005 est
933 1979 1004 2017 per
1029 1966 1200 2019 Moysen,
1233 1968 1300 2006 sed
1333 1970 1462 2020 potius

124 2037 194 2075 per
226 2025 330 2063 illam
368 2026 658 2063 successionem
698 2030 853 2075 patrum
887 2031 1138 2064 memoratam
1171 2025 1340 2076 linguam
1373 2038 1463 2066 cum

194 2115 254 2169 '5)
284 2130 313 2160 1.
340 2124 470 2160 Chron.
498 2128 553 2168 29,
580 2128 639 2167 29;
661 2128 692 2158 2.
721 2107 851 2159 Chr'on.
879 2129 910 2168 9,
937 2129 991 2161 29.

223 2256 264 2286 16
290 2262 459 2286 uerorum
485 2263 574 2294 mss‚·
599 2254 764 2286 veterum
790 2263 810 2287 v
829 2254 840 2296 ΙΙ
863 2257 904 2288 19
931 2253 1043 2288 etiam
1068 2264 1133 2289 om.
1160 2253 1196 2288 R
