1548 2562
439 108 490 132 DE
511 107 698 133 CIVITATE
717 108 786 132 DEI
806 108 838 132 L.
858 108 970 132 xvln.
991 107 1020 132 c.
1041 109 1081 133 52.
1337 98 1420 139 339

92 210 158 236 sus
197 202 237 236 et
272 208 342 248 per
381 196 559 246 angelum
597 195 801 247 liberatus,
839 195 906 234 ubi
944 196 1065 246 fugati
1103 201 1218 245 atque
1256 196 1423 247 dispersi

92 256 138 294 de
180 253 455 305 Hierosolymis
497 255 657 305 fratres,
698 254 764 292 ubi
803 253 959 306 Saulus,
1002 255 1067 303 qui
1104 259 1239 304 postea
1278 254 1422 293 Paulus

92 313 288 364 apostolus
320 312 445 351 factus
477 317 554 364 est,
595 312 767 350 vastabat
799 308 1019 362 ecclesiam,
1052 312 1117 350 ubi
1149 314 1231 362 ipse
1265 325 1419 363 quoque

91 373 166 410 iam
192 371 319 422 fidem,
351 382 464 421 quam
490 370 811 422 persequebatur,
844 370 1118 422 evangelizans,
1150 370 1276 420 qualia
1307 372 1420 409 facie-

91 429 171 481 bat,
204 434 264 467 est
293 441 449 480 passus,
487 430 566 466 sive
597 440 668 478 per
698 427 877 466 Iudaeam
923 430 1002 466 sive
1033 441 1104 479 per
1141 429 1232 467 alias
1272 435 1420 480 gentes,

92 498 335 538 quacumque
391 486 587 525 Christum
643 487 953 524 ferventissimus
1009 485 1283 537 praedicabat?
1344 487 1422 525 Cur

91 558 183 597 ergo
221 546 277 583 eis
315 557 334 583 a
371 544 525 583 Nerone
562 544 715 582 videtur
753 544 1001 596 ordiendum,
1040 557 1131 583 cum
1171 545 1217 583 ad
1256 545 1422 584 Neronis

91 610 265 654 tempora
291 604 394 641 inter
420 604 681 641 atrocissimas
712 604 1020 654 persecutiones,
1052 603 1098 641 de
1132 603 1274 653 quibus
1307 605 1421 642 nimis

90 662 247 712 longum
280 666 339 700 est
370 667 510 700 cuncta
541 661 688 711 dicere,
729 660 893 699 ecclesia
925 661 1138 699 crescendo
1170 660 1421 712 pervenerit?

91 720 201 765 Quod
235 721 267 757 si
299 732 319 757 a
350 719 507 769 regibus
540 720 659 757 factas
697 720 990 769 persecutiones
1023 721 1062 757 in
1094 732 1257 758 numero
1290 722 1418 759 existi-

90 783 196 816 mant
221 790 307 816 esse
334 777 495 816 debere:
528 789 593 815 rex
623 778 695 815 fuit
722 777 908 828 Herodes,
941 779 1007 827 qui
1033 779 1147 815 etiam
1174 783 1263 828 post
1288 791 1420 817 ascen-

91 848 177 874 sum
216 835 367 873 Domini
406 837 670 886 gravissimam
708 836 810 873 fecit.
834 818 1017 873 sDeinde
1059 837 1151 886 quid
1182 837 1422 887 respondent

91 896 206 932 etiam
250 893 296 931 de
340 893 505 945 Iuliano,
548 905 663 943 quem
702 905 778 931 non
817 900 1023 931 numerant
1061 896 1099 931 in
1141 893 1304 932 decem?
1364 896 1449 933 An,

1449 727 1492 758 10

1484 898 1519 927 ‘J
1546 900 1548 906 ⁴

90 954 173 1003 ipse
207 964 284 990 non
317 957 376 990 est
407 951 608 990 ecclesiam
641 957 885 1002 persecutus,
917 953 983 1001 qui
1011 951 1251 990 Christianos
1283 953 1420 991 libera·
1448 949 1452 981 ὶ

90 1011 146 1049 les
172 1010 320 1048 litteras
347 1010 487 1047 docere
515 1021 558 1047 ac
584 1009 734 1047 discere
767 1007 938 1071 vetuit‘Pj
969 1009 1049 1047 Sub
1083 1022 1158 1060 quo
1192 1010 1419 1049 Valentinia-

90 1081 164 1107 nus
207 1070 346 1120 maior,
391 1069 456 1117 qui
499 1073 587 1118 post
637 1080 725 1105 eum
769 1070 908 1106 tertius
946 1070 1158 1118 imperator
1199 1069 1289 1121 suit,
1333 1069 1422 1107 fidei

91 1126 330 1165 Christianae
373 1126 574 1164 confessor
617 1127 744 1164 extitit
785 1126 997 1176 militiaque
1042 1128 1216 1177 privatus
1261 1133 1335 1178 est3
1380 1134 1423 1166 ut

90 1186 263 1223 omittam
289 1196 387 1234 quae
413 1184 515 1235 apud
541 1184 783 1222 Antiochiam
812 1184 937 1222 facere
971 1191 1165 1237 coeperat,
1198 1187 1272 1223 nisi
1305 1188 1421 1224 unius

89 1242 303 1281 fidelissimi
328 1248 367 1280 et
392 1244 695 1281 constantissimi
722 1244 884 1293 iuvenis,
917 1244 982 1292 qui
1013 1243 1159 1294 multis,
1191 1249 1233 1281 ut
1265 1249 1421 1294 torque-

90 1307 247 1353 rentur,
291 1300 542 1351 adprehensis
581 1313 651 1351 per
694 1307 819 1339 totum
858 1301 959 1338 diem
997 1303 1146 1351 primus
1187 1307 1246 1340 est
1282 1307 1421 1354 tortus,

89 1361 192 1397 inter
240 1358 403 1409 ungulas
459 1359 732 1408 cruciatusque
782 1359 981 1409 psallentis
1030 1359 1247 1398 libertatem
1307 1367 1422 1410 atque

89 1417 322 1455 hilaritatem
370 1418 532 1455 miratus
581 1417 802 1455 horruisset
850 1423 889 1455 et
937 1419 976 1455 in
1022 1419 1163 1455 ceteris
1208 1418 1421 1457 deformius

90 1475 323 1513 erubescere
361 1476 565 1513 timuisset.
627 1475 830 1513 Postremo
870 1480 1002 1513 nostra
1044 1478 1229 1513 memoria
1273 1476 1422 1529 Valens,

89 1533 301 1584 supradicti
334 1532 589 1571 Valentiniani
621 1534 752 1585 frater,
784 1534 970 1582 Arianus,
1003 1546 1130 1572 nonne
1164 1547 1299 1584 magna
1332 1548 1418 1585 per-

90 1593 289 1629 secutione
310 1603 380 1642 per
401 1590 572 1629 Orientis
592 1598 722 1642 partes
749 1591 975 1629 catholicam
1002 1593 1162 1629 vastavit
1188 1591 1421 1632 ecclesiam?

90 1649 209 1694 Quale
249 1654 308 1687 est
345 1655 611 1700 autemsnon
658 1649 906 1687 considerare
948 1649 1151 1687 ecclesiam
1188 1662 1259 1701 per
1296 1656 1421 1689 totum

90 1707 276 1745 mundum
309 1707 607 1745 fructificantem
640 1713 754 1757 atque
793 1714 1035 1745 crescentem
1067 1720 1181 1758 posse
1214 1710 1253 1746 in
1287 1709 1419 1760 aliqui-

89 1764 162 1803 bus
194 1765 375 1816 gentibus
406 1767 720 1815 persecutionem
752 1767 831 1816 pati
863 1777 883 1803 a
915 1766 1091 1816 regibuS,
1123 1772 1162 1804 et
1194 1767 1346 1817 quando
1380 1770 1419 1806 in

89 1823 172 1861 aliis
205 1836 280 1861 non
313 1821 487 1874 patitur?
548 1823 629 1861 Nisi
670 1824 769 1862 sorte
808 1836 885 1861 non
918 1830 977 1862 est
1007 1826 1230 1874 persecutio
1263 1838 1420 1876 compu—

88 1881 220 1932 tanda,
260 1881 412 1932 quando
450 1894 518 1919 rex
558 1882 772 1920 Gothorum
809 1883 849 1919 in
888 1883 969 1932 ipsa
1008 1882 1145 1936 Gothia
1190 1890 1420 1933 persecutus

88 1945 148 1977 est
186 1939 426 1978 Christianos
465 1940 693 1978 crudelitate
733 1940 917 1991 mirabili,
956 1953 1045 1978 cum
1083 1941 1136 1978 ibi
1173 1953 1251 1979 non
1291 1949 1421 1981 essent

88 1999 162 2035 nisi
189 1997 378 2047 catholici,
411 2010 576 2048 quorum
604 1998 760 2048 plurimi
786 1991 985 2049 martyrio⁴
1004 2001 1179 2036 coronati
1212 2006 1315 2051 sunt,
1348 2002 1419 2039 sic-

88 2061 131 2094 ut
166 2068 186 2093 a
222 2055 454 2106 quibusdam
487 2056 685 2107 fratribus,
717 2058 784 2106 qui
816 2062 909 2094 tunc
942 2056 1018 2094 illic
1052 2058 1163 2107 pueri
1197 2057 1351 2096 fuerant
1382 2065 1421 2097 et

89 2125 128 2151 se
173 2115 245 2152 ista
289 2114 429 2151 vidisse
474 2116 747 2152 incunctanter
798 2114 1130 2165 recordabantur,
1175 2115 1420 2155 audivimus?

88 2171 189 2216 Quid
223 2172 336 2209 modo
369 2174 407 2209 in
440 2170 628 2210 Perside?
679 2173 814 2210 Nonne
846 2174 899 2211 ita
930 2175 969 2210 in
1002 2172 1242 2211 Christianos
1274 2174 1419 2213 ferbuit

181 2264 224 2294 35
249 2240 386 2300 feruuit
408 2260 480 2294 ΕΑ
505 2264 609 2304 (288,
635 2264 702 2304 29)

1066 2321 1135 2353 22*

1450 1012 1491 1048 15

1448 1310 1492 1340 ’ΖΟ

1448 1600 1491 1631 25

1447 1892 1491 1922 30

1446 2182 1489 2213 35
