1548 2562
401 124 453 149 DE
473 123 661 150 01vrrA'rE
680 123 750 148 DEI
769 123 801 148 L.
821 123 934 148 xvm.
954 123 983 148 c.
1004 123 1045 148 54.
1305 112 1391 153 345

60 213 105 250 ad
136 212 209 251 hoc
242 218 395 262 tempus
430 224 501 263 per
541 213 696 262 triginta
730 212 850 249 ferme
883 223 1003 248 annos
1035 211 1122 260 quis
1155 221 1233 248 non
1264 209 1392 248 videat

61 276 247 321 quantum
274 271 440 309 creverit
466 269 594 308 cultus
621 271 786 308 nominis
814 269 968 319 Christi,
999 269 1230 319 praesertim
1256 273 1391 318 postea

60 341 175 379 quam
218 328 329 366 multi
372 340 508 366 eorum
550 327 760 366 Christiani
804 328 895 365 facti
934 332 1044 377 sunt,
1088 327 1154 376 qui
1195 331 1391 376 tamquam

59 399 149 425 vera
179 386 242 424 illa
274 386 507 424 divinatione
542 385 822 424 revocabantur
849 397 869 422 a
895 385 970 422 fide
1003 396 1165 434 eamque
1198 384 1389 434 completo

61 445 195 482 eodem
234 456 396 482 numero
435 456 626 482 annorum
669 445 823 482 inanem
864 442 1141 492 ridendamque
1182 439 1392 480 viderunt?

59 502 138 540 Nos
158 515 262 554 ergo,
289 504 355 553 qui
382 514 516 540 sumus
538 513 798 551 vocamurque
820 500 1041 551 Christiani,
1067 513 1144 538 non
1170 502 1210 538 in
1230 500 1390 538 Petrum

61 560 272 612 credimus,
313 560 379 598 sed
411 561 451 598 in
484 572 598 610 quem
632 559 797 598 credidit
827 558 986 610 Petrus3
1018 558 1125 596 Petri
1157 558 1202 596 de
1236 557 1391 596 Christo

60 619 249 657 aedificati
286 617 550 670 sermonibus,
587 630 665 656 non
704 616 940 656 carminibus
979 618 1175 667 venenati,
1214 628 1286 654 nec
1328 616 1391 654 de-

61 678 162 728 cepti
205 676 423 728 maleficiis,
473 676 540 714 sed
581 676 780 714 beneficiis
831 677 915 713 eius
965 675 1095 713 adiuti.
1176 674 1242 712 Ille
1285 674 1393 713 Petri

60 736 243 785 magister
274 734 452 773 Christus
483 736 523 772 in
556 734 743 785 doctrina,
775 745 872 784 quae
905 733 950 771 ad
983 735 1097 771 vitam
1130 732 1237 771 ducit
1269 738 1391 770 aeter-

60 805 160 843 nam,
191 794 274 843 ipse
306 798 366 831 est
397 794 580 842 magister
613 798 651 830 et
682 798 826 830 noster.

178 850 253 889 Sed
295 850 499 901 aliquando
539 852 613 889 iam
657 850 933 888 concludamus
971 850 1075 887 hunc
1113 848 1277 900 librum,
1319 849 1391 887 hoc

60 921 185 960 usque
211 909 449 947 disserentes
475 914 514 947 et
539 915 727 959 quantum
753 910 845 946 satis
878 909 1000 945 visum
1034 913 1093 945 est
1125 907 1391 945 demonstran-

61 974 140 1019 tes,
181 969 358 1018 quisnam
396 968 446 1005 sit
483 967 645 1005 duarum
685 968 902 1016 civitatum,
945 965 1121 1003 caelestis
1160 970 1274 1015 atque
1315 971 1391 1003 ter-

61 1038 189 1077 renae,
221 1025 267 1063 ab
294 1027 403 1063 initio
433 1037 557 1074 usque
589 1026 628 1062 in
661 1025 776 1062 finem
808 1025 1088 1074 permixtarum
1122 1023 1295 1061 mortalis
1328 1036 1390 1061 ex-

62 1095 220 1134 cursus,
265 1095 429 1133 quarum
473 1083 552 1134 illa,
597 1094 695 1133 quae
736 1088 891 1121 terrena
930 1088 1005 1133 est,
1050 1082 1142 1119 fecit
1179 1081 1253 1119 sibi
1295 1094 1392 1132 quos

61 1142 181 1180 voluit
224 1141 283 1179 vel
326 1141 599 1191 undecumque
651 1140 710 1178 vel
760 1142 875 1178 etiam
920 1152 965 1178 ex
1010 1139 1231 1178 hominibus
1276 1140 1392 1177 falsos

62 1200 172 1251 deos,
212 1199 353 1250 quibus
393 1199 644 1237 sacrificando
678 1200 859 1250 serviret3
900 1198 961 1236 illa
993 1204 1140 1249 autem,
1179 1210 1276 1248 quae
1309 1210 1391 1236 cae-

61 1258 169 1296 lestis
207 1259 479 1308 peregrinatur
510 1259 549 1295 in
582 1262 704 1309 terra,
742 1256 857 1295 falsos
889 1256 983 1294 deos
1016 1268 1093 1294 non
1126 1257 1234 1307 facit,
1273 1256 1340 1294 sed
1374 1268 1392 1293 a

62 1328 154 1354 vero
181 1315 259 1354 Deo
286 1318 368 1366 ipsa
394 1316 447 1366 fit,
479 1317 590 1354 cuius
617 1327 751 1353 verum
778 1315 1008 1353 sacrificium
1035 1316 1117 1365 ipsa
1145 1316 1205 1353 sit.
1248 1313 1391 1352 Ambae

63 1380 192 1412 tamen
229 1373 507 1424 temporalibus
545 1373 603 1411 vel
654 1373 764 1411 bonis
797 1374 943 1423 pariter
980 1378 1145 1411 utuntur
1185 1372 1245 1410 vel
1286 1372 1394 1410 malis

64 1434 210 1483 pariter
236 1432 473 1483 affliguntur,
499 1431 650 1470 diversa
676 1432 762 1483 fide,
788 1432 938 1470 diversa
966 1443 1045 1482 spe,
1072 1430 1224 1468 diverso
1252 1442 1395 1482 amore,

64 1490 188 1528 donec
237 1490 371 1528 ultimo
409 1490 552 1528 iudicio
592 1495 842 1541 separentur,
890 1494 929 1527 et
968 1490 1158 1539 percipiat
1200 1500 1393 1538 unaquae-

65 1560 140 1598 que
179 1561 293 1587 suum
331 1549 468 1600 finem,
509 1549 621 1587 cuius
660 1548 789 1586 nullus
827 1552 886 1585 est
917 1548 1022 1598 finis3
1064 1547 1110 1584 de
1144 1546 1285 1597 quibus
1317 1558 1393 1584 am-

65 1606 202 1645 barum
233 1606 375 1645 finibus
407 1607 591 1657 deinceps
624 1605 894 1644 disserendum
927 1610 996 1643 est.

157 1769 202 1845 kl
231 1765 269 1798 et
294 1764 469 1807 magister
494 1775 513 1798 v
550 1766 562 1807 ΙΙ
601 1768 642 1797 12
669 1764 737 1798 hoc
762 1763 834 1797 ΒΑ
866 1764 964 1805 (161,
990 1766 1071 1806 10);
1103 1763 1173 1796 huc
1198 1773 1218 1797 v
1256 1765 1269 1806 ΙΙ
1307 1766 1348 1796 19
1376 1774 1397 1796 a

66 1821 131 1846 om.

1420 740 1462 770 10

1422 1031 1461 1061 15

1422 1612 1464 1642 25
