1495 2489
124 126 203 166 128
643 136 668 161 s.
689 136 901 163 Aueusnm

121 236 283 274 nemque
316 224 429 262 huius
468 226 632 262 nominis
670 224 850 264 reddens:
896 227 994 271 Quia
1034 228 1073 264 in
1106 228 1258 278 diebus,
1296 228 1433 278 inquit,

120 284 203 320 eius
230 284 354 320 divisa
381 288 437 320 est
461 288 583 320 terra.
635 281 714 320 Hoc
740 289 866 320 autem
899 283 989 332 quid
1021 285 1080 335 sit,
1111 290 1244 334 postea
1276 296 1431 334 appare-

120 338 185 377 bit.
247 339 350 376 Alius
377 351 479 389 vero,
512 340 577 388 qui
604 346 714 378 natus
742 346 799 378 est
825 353 870 378 ex
896 340 1034 391 Heber,
1066 343 1198 390 genuit
1230 341 1432 380 duodecim

121 396 234 446 filios3
275 409 318 434 ac
356 409 424 447 per
463 397 534 433 hoc
573 397 669 435 fiunt
706 410 838 435 omnes
878 400 1068 448 progeniti
1099 399 1145 436 de
1179 398 1267 436 Sem
1301 401 1432 449 viginti

74 461 95 491 5
121 460 278 504 septem.
339 454 381 491 In
408 465 553 491 summa
581 456 696 503 igitur
727 467 859 493 omnes
891 458 1081 505 progeniti
1112 456 1157 494 (le
1190 456 1314 494 tribus
1347 457 1432 494 filiis

119 510 211 561 Noe,
242 511 280 548 id
312 517 370 549 est
397 511 617 561 quindecim
649 511 694 549 (le
718 512 885 562 iapheth,
918 515 1073 563 triginta
1104 526 1205 551 unus
1237 514 1282 551 de
1305 514 1432 565 Cham,

119 570 250 617 viginti
283 574 429 619 septem
456 569 501 606 de
529 569 617 606 Sem
650 570 745 607 fiunt
776 572 1015 620 septuaginta
1048 577 1138 608 tres.
1199 570 1341 610 Deinde
1375 584 1431 609 se-

120 627 251 675 quitur
295 627 484 676 scriptura
524 627 672 665 dicens:
723 627 775 665 Hi
812 630 889 674 filii
930 629 1017 666 Sem
1055 630 1096 666 in
1133 630 1312 667 tribubus
1351 632 1433 668 suis

118 684 334 721 secundum
372 686 529 731 linquas
567 696 659 722 suus
700 687 739 722 iu
780 686 1006 732 reqiom'bus
1043 688 1123 723 suis
1161 691 1199 724 et
1238 688 1278 724 in
1306 689 1431 734 qemi-

55 747 95 778 10
121 742 189 778 bus
220 743 322 786 suis,·
353 742 521 790 itemque
553 741 599 779 de
632 742 827 780 omnibus:
866 743 967 790 Hae,
1000 745 1141 793 inquit,
1179 744 1306 782 tribus
1332 746 1432 790 filio-

120 809 208 835 rum
232 799 309 836 Noe
333 801 548 837 secundum
570 802 847 847 yenerationes
879 812 1023 847 eorum,
1054 802 1269 839 secundum
1297 807 1433 849 qentes

120 867 264 893 eorum.
315 857 372 894 Ab
398 858 458 894 his
484 858 686 905 dispersae
710 863 801 895 sunt
826 860 978 895 insulae
1000 860 1176 905 yentium
1205 870 1325 907 super
1356 863 1432 897 ter-

119 924 206 950 rum
239 918 329 961 post
367 916 563 952 diluvium..
626 914 732 952 Unde
772 915 962 964 colligitur
993 917 1232 966 septuaginta
1265 921 1343 954 tres
1375 916 1434 954 vel

120 972 247 1020 potius
297 967 419 1022 (quod
469 976 600 1021 postea
651 969 1000 1023 demonstrabitur)
1050 975 1290 1023 septuaginta
1339 973 1433 1012 duas

53 1034 92 1063 15
119 1033 252 1077 gentes
295 1033 386 1066 tunc
431 1029 568 1080 fuisse,
612 1041 687 1066 non
732 1029 916 1067 homines
976 1030 1070 1068 Nam
1108 1037 1146 1068 et
1177 1032 1301 1080 prius,
1345 1043 1433 1069 cum

119 1086 281 1123 fuissent
312 1087 600 1123 commemorati
631 1086 697 1123 filii
725 1086 892 1138 tapheth,
923 1089 973 1125 ita
1006 1088 1229 1126 conclusum
1261 1094 1337 1128 est:
1369 1089 1434 1127 Ex

113 1146 174 1183 his
204 1150 442 1192 seqreqatae
478 1148 569 1182 sunt
601 1146 754 1183 insulae
781 1147 958 1192 yentium
990 1147 1030 1182 in
1063 1149 1174 1183 (erra
1204 1157 1295 1191 sua,
1333 1156 1437 1183 unus

114 1205 278 1250 quisque
307 1204 524 1240 secundum
563 1204 739 1249 linquam
772 1204 811 1240 in
844 1203 1026 1241 tribubus
1059 1205 1139 1240 suis
1170 1206 1208 1240 ec
1239 1204 1279 1240 2‘72
1308 1204 1435 1250 yeme·-

115 1261 186 1298 bus
216 1262 309 1298 suis.

45 1321 90 1352 20
230 1317 310 1355 Iam
342 1329 431 1355 vero
465 1319 503 1355 in
536 1317 624 1355 filiis
651 1317 768 1355 Cham
800 1317 965 1367 quodam
990 1317 1075 1355 loco
1101 1318 1274 1367 apertius
1299 1324 1435 1367 gentes

113 1382 435 1413 commemoratae
467 1380 569 1426 sunt,
601 1376 702 1413 sieut
734 1376 914 1425 superius
940 1375 1102 1413 ostendi.
1154 1376 1345 1414 Mesraim
1367 1386 1435 1423 qe-

113 1435 201 1471 nuit
236 1444 317 1482 eos,
355 1435 425 1480 qui
460 1435 651 1471 dicuntur
681 1433 862 1477 Lud2‘2'm;
900 1439 937 1470 et
969 1432 1104 1470 eodem
1138 1433 1249 1470 modo
1283 1438 1435 1470 ceterae

118 1504 240 1542 usque
273 1491 318 1529 ad
357 1497 502 1541 septem
542 1496 686 1541 gentes.
747 1490 795 1529 Et
826 1491 1060 1529 enumeratis
1092 1489 1270 1528 omnibus
1302 1496 1434 1540 postea

119 1549 373 1587 concludens:
411 1550 464 1586 He·
495 1551 573 1595 filii
613 1550 750 1599 Cham,
787 1550 932 1599 inquit,
972 1551 1010 1586 ῑήΥ
1048 1549 1228 1586 tribubus
1265 1550 1346 1586 suis
1376 1560 1433 1586 se·

49 1613 92 1644 25
119 1609 292 1646 eundum
329 1609 486 1654 linquas
522 1619 617 1644 suas
656 1609 694 1644 2'72
733 1607 960 1654 reqiom'bus
996 1608 1077 1643 suls
1115 1611 1150 1643 ec
1182 1607 1222 1643 in
1251 1606 1435 1652 qentibus

117 1667 208 1703 suis.
270 1664 480 1714 Propterea
512 1676 603 1713 ergo
637 1663 845 1702 multorum
877 1663 943 1701 filii
975 1675 1051 1700 non
1083 1668 1173 1700 sunt
1204 1674 1433 1700 commemo-

118 1724 202 1772 rati,
234 1723 322 1772 quia
353 1721 532 1771 gentibus
564 1721 646 1759 aliis
679 1721 870 1759 nascendo
903 1726 1169 1771 accesserunt,
1201 1721 1274 1770 ipsi
1306 1726 1435 1758 autem

118 1785 252 1830 gentes
280 1780 404 1817 facere
431 1780 698 1828 nequiverunt.
759 1778 853 1816 Nam
886 1790 959 1828 qua
990 1778 1061 1816 alia
1092 1790 1217 1829 causa,
1249 1789 1337 1815 cum
1369 1777 1435 1815 filii

119 1837 276 1887 iapheth
308 1842 394 1874 octo
427 1841 726 1887 enumerentur,
758 1848 803 1874 ex
841 1835 991 1874 duobus
1024 1847 1157 1873 eorum
1190 1840 1338 1872 tantum
1370 1834 1436 1872 filii

49 1902 93 1932 30
120 1896 197 1932 nati
224 1899 585 1943 commemorantur,
618 1899 655 1931 et
681 1905 767 1931 cum
794 1894 859 1931 filii
886 1893 1002 1930 Cham
1029 1898 1210 1942 quattuor
1236 1893 1434 1929 nominen-

121 1958 203 2003 tur,
245 1964 290 1989 ex
328 1951 452 1989 tribus
490 1956 638 1988 tantum
671 1952 737 2000 qui
769 1952 845 1989 nati
878 1956 968 1988 sunt
1000 1950 1236 2000 adiciuntur,
1276 1955 1315 1987 et
1347 1961 1435 1987 cum

118 2009 184 2046 filii
226 2009 314 2046 Sem
347 2010 593 2046 nominentur
631 2020 697 2045 sex
709 2038 719 2059 ,
757 2008 921 2046 duorum
953 2012 1103 2045 tantum
1135 2008 1340 2057 posteritas
1373 2006 1435 2044 ad-

211 2098 268 2138 26)
296 2096 382 2131 Gen.
412 2099 463 2130 10.

213 2228 232 2257 6
260 2224 295 2257 et
319 2222 401 2265 trig.
423 2233 441 2256 v
461 2225 472 2266 Η
491 2234 602 2256 unum
630 2221 736 2255 VRF
751 2223 762 2264 ΙΙ
784 2225 823 2254 11
853 2232 920 2255 sec.
947 2222 1042 2264 gent.
1070 2230 1157 2262 mss;
1182 2221 1219 2255 et
1244 2230 1312 2254 sec.
1339 2221 1435 2264 gent.

119 2280 138 2304 v
157 2271 168 2313 ΙΙ
190 2273 229 2303 17
257 2269 332 2312 sua]
360 2280 483 2303 eorum
508 2268 543 2302 R
562 2270 573 2312 ΙΙ
595 2272 635 2302 18
662 2268 824 2311 lingua-m
857 2267 891 2301 V
912 2277 974 2301 sec.
1002 2267 1146 2307 G-raec.,·
1170 2266 1193 2300 1.
1220 2277 1322 2300 suam
1348 2277 1367 2300 v
