1611 2465
110 721 153 752 10

113 1156 154 1186 15

112 1449 156 1480 20

115 1742 158 1772 25

183 86 265 128 198
720 95 746 120 s.
767 81 982 121 AUGUSTINI

180 198 270 237 gare
308 198 352 225 36
390 185 617 224 disserendo
656 190 874 223 monstrare
913 196 1026 234 quam
1066 185 1115 222 sit
1157 196 1365 235 operosum
1398 190 1513 234 atque

180 245 373 296 prolixum
432 249 470 282 et
520 255 635 293 quam
679 242 810 281 multis
851 242 1053 293 indiguum
1100 242 1379 294 voluminibus,
1427 245 1514 293 quis

180 305 343 354 ignorat,
376 304 441 353 qui
467 302 560 339 haec
589 301 645 339 vel
674 301 923 339 mediocriter
949 297 1141 354 cogitet?)
1176 301 1315 339 deinde
1348 302 1438 352 quia
1471 313 1514 340 ea

180 364 282 414 ipsa,
324 373 420 411 quae
462 360 508 398 ad
555 360 797 411 prophetiam
836 372 911 398 non
951 359 1160 410 ambigitur
1203 361 1419 411 pertinere,
1462 361 1514 398 ita

180 427 271 459 sunt
312 419 430 457 multa
472 419 519 457 de
559 418 712 457 Christo
752 431 949 469 regnoque
988 418 1202 469 caelorum,
1241 430 1338 468 quae
1381 420 1515 457 civitas

180 479 249 517 Dei
275 485 345 530 est,
378 484 420 516 ut
446 477 491 516 ad
518 477 591 515 1106
623 477 876 528 aperiendum
902 479 1023 515 maior
1055 479 1105 515 sit
1137 477 1348 527 disputatio
1381 486 1514 516 neces-'

182 539 299 589 saria,
331 549 446 587 quam
479 536 594 575 huius
627 538 756 586 operis
788 536 926 574 modus
958 536 1114 586 flagitat.
1175 535 1344 573 Proinde
1377 537 1450 588 ita,
1483 537 1515 574 si

179 602 356 647 potuero,
390 595 476 633 stilo
503 595 734 633 moderabor
760 607 859 646 meo,
892 600 935 632 ut
960 594 1050 642 huic
1077 595 1187 644 operi
1213 595 1252 632 in
1280 594 1347 632 Dei
1380 594 1513 632 volun-

179 660 256 693 tate
283 654 502 705 peragendo
529 666 601 692 1166
635 666 678 692 63
711 666 808 703 qnae
836 658 1049 703 supersunt
1080 652 1203 691 dicam
1236 664 1308 691 nec
1341 665 1384 691 ea
1418 665 1515 704 quae

179 715 271 752 satis
304 718 396 752 sunt
426 714 744 764 praetermittam.

733 857 887 903 CAPUT
913 861 965 902 II.

285 950 366 994 (mo
399 954 573 996 tempore
603 949 655 986 sit
686 949 844 996 impleta
872 948 1082 994 promissio
1115 946 1192 984 Dei
1222 948 1271 984 de
1303 952 1415 984 terra

320 1008 526 1053 chanaan,
559 1018 677 1053 quam
710 1008 749 1043 ln
778 1007 1060 1054 possessionem
1094 1007 1212 1042 eliam
1246 1005 1379 1043 Israel

661 1066 841 1102 earnalis
873 1066 1040 1112 aceepit.

298 1146 342 1184 In
379 1147 639 1198 praecedente
677 1145 776 1184 libro
818 1145 986 1183 diximus
1018 1144 1064 1183 ab
1097 1146 1206 1182 initio
1240 1145 1285 1182 ad
1324 1143 1516 1183 Abraham

166 1207 482 1257 promissionum
516 1205 583 1243 Dei
621 1205 716 1243 duas
749 1216 812 1242 res
845 1204 963 1242 fuisse
997 1205 1225 1255 promissas,
1268 1215 1383 1241 unam
1416 1203 1515 1242 scili-

182 1270 254 1316 cet,
288 1264 390 1314 quod
418 1270 562 1302 terram
590 1263 767 1301 Chanaan
801 1274 1077 1313 possessurum
1108 1262 1235 1300 fuerat
1267 1273 1400 1300 semen
1433 1263 1516 1300 eius

182 1319 306 1375 (quod
333 1324 585 1374 significatur,
618 1321 683 1360 ubi
710 1322 856 1359 dictum
884 1327 960 1358 est:
1003 1321 1110 1358 Vade
1137 1322 1176 1358 2⁴72v
1203 1325 1367 1368 terram,
1399 1332 1516 1368 quam

183 1383 255 1419 tibi
273 1383 607 1432 demonstravero,
633 1379 838 1428 etfaciam
866 1384 903 1418 te
922 1382 960 1417 in
980 1384 1136 1427 qentem
1161 1374 1379 1430 maynam),
1406 1378 1516 1416 aliam

184 1452 274 1478 vero
313 1440 425 1489 longe
463 1441 787 1490 praestantiorem
829 1450 906 1475 non
945 1437 991 1475 de
1025 1436 1186 1488 carnali,
1226 1437 1292 1475 sed
1326 1436 1372 1475 de
1405 1439 1516 1488 spiri-

183 1498 249 1537 tali
281 1500 449 1549 semine,
481 1510 551 1549 per
583 1497 684 1548 quod
718 1503 828 1547 pater
860 1501 919 1534 est
950 1508 1027 1534 non
1060 1497 1177 1534 unius
1208 1497 1335 1546 gentis
1367 1495 1514 1534 Israeli-

183 1559 299 1609 ticae,
331 1557 399 1595 sed
431 1558 604 1594 omnium
636 1557 827 1606 gentium,
869 1567 965 1605 quae
998 1554 1087 1592 fidei
1119 1556 1203 1592 eius
1235 1555 1393 1604 vestigia
1427 1566 1515 1592 con-

184 1621 420 1666 sequuntur3
442 1615 543 1665 quod
564 1615 739 1665 promitti
760 1615 888 1664 coepit
907 1613 966 1651 his
989 1612 1135 1651 verbis:
1162 1613 1213 1650 Et
1232 1614 1518 1651 benedicentur

186 1677 223 1713 in
263 1679 300 1713 te
339 1686 470 1712 omnes
509 1675 637 1712 tribus
675 1679 836 1717 terrae;
874 1677 913 1710 et
951 1672 1135 1722 deinceps
1174 1671 1257 1709 aliis
1290 1670 1421 1709 multis
1453 1670 1516 1709 ad-

187 1732 343 1771 modum
369 1734 601 1770 testimoniis
628 1731 722 1770 haec
754 1731 830 1769 duo
864 1732 1056 1781 promissa
1088 1742 1173 1768 esse
1206 1731 1517 1768 monstravimus.

186 1791 278 1829 Erat
309 1792 427 1841 igitur
464 1792 539 1828 iam
571 1792 610 1828 in
643 1795 746 1828 terra
779 1790 1048 1840 promissionis
1081 1799 1214 1826 semen
1247 1787 1439 1839 Abrahae,
1479 1787 1517 1825 id

185 1856 245 1888 est
269 1849 436 1901 populus
463 1848 592 1900 Israel,
626 1848 840 1886 secundum
874 1859 1029 1885 carnem
1062 1852 1177 1896 atque
1209 1846 1262 1884 ibi
1288 1857 1366 1883 non
1393 1845 1516 1888 solum

185 1908 354 1946 tenendo
403 1919 447 1945 36
496 1906 729 1959 possidendo
776 1907 950 1943 civitates
1000 1904 1331 1956 adversariorum,
1380 1916 1518 1943 verum

186 1968 302 2005 etiam
343 1978 455 2017 reges
494 1965 670 2003 habendo
710 1976 872 2015 regnare
910 1965 985 2001 iam
1026 1968 1226 2013 coeperat,
1268 1962 1438 2013 impletis
1471 1962 1517 2000 de

284 2069 337 2109 19)
365 2067 452 2102 Gen.
483 2071 534 2110 12,
563 2071 593 2101 1.
644 2068 702 2109 24)
729 2065 817 2100 Gen.
847 2068 900 2107 12,
925 2068 958 2100 3.

231 2266 255 2300 t·
281 2223 301 2253 2
324 2218 493 2299 ‘intdigeat
518 2218 552 2252 R
576 2220 627 2262 113
654 2217 792 2262 cogitet
817 2217 872 2259 R,·
898 2217 1039 2261 cogitat,
1062 2228 1081 2250 v
1109 2218 1120 2260 ΙΙ
1147 2220 1167 2250 9
1193 2226 1241 2259 sq.
1268 2214 1451 2259 supersint
1477 2242 1481 2247 .
1511 2241 1519 2248 .

189 2278 228 2300 Sa
248 2278 277 2300 18
304 2278 357 2299 SU]
399 2277 419 2300 ‘U
