1548 2562
410 133 460 157 DE
481 132 668 158 CIVITATE
687 133 756 157 DEI
775 133 807 157 L.
827 133 906 158 XVI.
927 132 955 158 C.
975 132 1053 157 XLI.
1311 122 1389 162 191

584 264 737 306 CAPUT
770 264 876 305 XLI.

119 351 177 388 De
209 351 490 396 benedictione,
523 360 640 397 quam
674 350 796 387 Iacob
830 352 867 387 2'72
902 350 1045 388 Iudam
1073 351 1199 396 filium
1231 360 1344 387 suum

632 410 824 456 promisit.

181 490 303 540 Igitur
329 494 488 540 propter
514 488 699 539 populum
728 488 1002 540 Christianum⁷
1033 491 1073 527 in
1100 501 1175 539 quo
1202 488 1269 526 Dei
1302 490 1390 527 civi-

64 554 122 587 tas
159 550 430 599 peregrinatur
468 548 506 584 in
538 549 672 598 terris,
710 548 742 585 si
782 559 938 585 carnem
971 546 1115 585 Christi
1146 549 1185 585 in
1217 546 1389 585 Abrahae

66 608 211 645 semine
250 608 512 657 requiramus,
552 607 712 643 remotis
750 605 1055 643 concubinarum
1094 606 1180 643 titiis
1219 607 1392 644 occurrit

66 665 186 717 Isaac;
231 666 263 703 si
299 666 338 702 in
377 665 522 702 semine
561 663 686 715 Isaac,
730 669 878 701 remoto
912 663 1034 713 Esau,
1079 666 1145 714 qui
1185 670 1245 702 est
1276 666 1391 702 etiam

64 723 211 774 Edom,
254 724 426 761 occurrit
469 721 601 773 Iacob,
646 723 711 772 qui
751 727 810 759 est
848 727 886 760 et
924 721 1058 773 Israe13
1104 724 1136 759 si
1172 723 1211 759 in
1245 724 1390 760 semine

64 783 186 832 ipsius
212 781 341 831 Israel,
374 783 533 818 remotis
559 782 700 818 ceteris
732 782 904 818 occurrit
929 780 1053 831 ludas,
1085 782 1175 830 quia
1206 780 1252 818 de
1285 780 1390 818 tribu

64 840 156 878 luda
194 845 353 877 exortus
393 845 450 876 est
483 838 669 877 Christus.
733 840 784 876 Ac
822 851 891 888 per
924 839 995 876 hoc
1029 851 1116 876 cum
1148 840 1188 876 in
1220 839 1391 889 Aegypto

66 900 279 936 moriturus
312 897 429 935 Israel
462 909 553 935 suos
584 897 683 934 filios
715 896 975 948 benediceret,
1008 909 1123 947 quem
1155 896 1200 934 ad
1234 897 1391 935 modum

64 956 196 995 ludam
228 956 453 1006 prophetice
486 955 744 1007 benedixerit,
776 955 993 993 audiamus:
1027 957 1147 1002 Iuda,
1180 957 1323 1006 inquit,
1356 961 1392 993 te

65 1016 287 1053 laudabunt
308 1013 462 1062 fratres
489 1016 555 1051 tul.
618 1014 765 1052 Manus
797 1018 890 1052 tuae
919 1026 1039 1062 super
1072 1016 1232 1052 dorsum
1264 1016 1389 1051 inimi-

65 1084 202 1111 eorum
246 1077 424 1117 tuorum;
468 1073 696 1110 adorabunt
739 1078 775 1110 te
813 1074 893 1118 filie·
925 1075 1057 1121 patris
1095 1074 1162 1110 tui.
1230 1073 1391 1110 Catulus

64 1133 187 1169 leonis
213 1132 339 1176 Iuda,-
371 1143 422 1168 ew
450 1133 751 1178 qerminate'one,
780 1133 842 1177 fili
871 1133 933 1177 mi,
967 1133 1205 1175 ascendisse
1237 1143 1389 1168 recum-

65 1191 158 1227 bens
191 1191 372 1227 dormisti
399 1194 443 1226 ut
472 1191 531 1227 leo
563 1194 599 1226 et
630 1194 673 1226 ut
704 1192 859 1227 catulus
891 1191 1034 1233 le0722's‚·
1066 1191 1152 1236 (suis
1183 1190 1391 1227 suscitabit

65 1250 177 1286 eum?
228 1248 313 1286 Non
346 1249 501 1294 desiciet
528 1249 717 1295 princeps
749 1260 800 1285 ea:
832 1248 936 1285 Iuda
968 1252 1005 1285 el
1036 1250 1120 1285 dux
1152 1250 1200 1285 de
1227 1247 1389 1295 semori-

65 1307 136 1344 bus
174 1308 274 1356 eius,
313 1308 438 1344 donee
476 1308 635 1344 venian!
676 1317 779 1353 quae
810 1308 983 1354 reposita
1021 1312 1112 1343 sunt
1144 1308 1203 1351 ez}-
1240 1312 1275 1343 el
1309 1308 1391 1354 lpse

65 1367 288 1413 expectatio
323 1366 523 1412 ymnum,-
563 1366 734 1411 alle'fflms
773 1366 828 1402 acl
864 1367 977 1402 vicem
1012 1367 1162 1412 pullum
1199 1376 1311 1402 suum
1353 1369 1391 1402 et

65 1425 196 1461 cilicio
227 1425 378 1470 pullum
413 1425 552 1461 asinae
585 1435 683 1460 suae
716 1424 865 1461 lavabit
905 1425 944 1460 in
984 1425 1071 1461 vino
1108 1425 1246 1461 stolam
1277 1434 1389 1461 suam

65 1486 103 1519 et
135 1483 174 1519 in
205 1483 401 1528 sanquine
432 1493 533 1519 uvae
565 1483 751 1519 cmziecum
782 1493 906 1519 suum.
968 1482 1084 1519 Fulvi
1113 1484 1220 1519 ocule·
1249 1484 1333 1519 eius
1365 1494 1389 1519 a

66 1541 153 1577 vino
186 1545 223 1577 et
254 1541 387 1577 dentes
413 1541 670 1577 candidiores
702 1542 815 1577 laete.
877 1539 1047 1589 Exposui
1079 1539 1173 1577 haec
1205 1539 1389 1577 adversus

65 1597 330 1635 Manichaeum
378 1597 562 1636 Faustum
612 1597 813 1648 disputans
859 1604 896 1635 et
943 1600 1034 1635 satis
1082 1610 1167 1635 esse
1210 1597 1389 1644 arbitror,

65 1662 251 1705 quantum
296 1657 436 1693 veritas
482 1656 706 1706 prophetiae
747 1656 862 1693 huius
911 1655 1055 1707 elucet3
1099 1655 1165 1693 ubi
1206 1661 1244 1694 et
1285 1668 1389 1693 mors

67 1713 210 1752 Christi
242 1714 437 1763 praedicta
469 1720 527 1752 est
563 1713 680 1751 verbo
713 1714 955 1751 dormitionis
988 1720 1026 1752 et
1057 1726 1133 1751 non
1166 1716 1388 1766 necessitas,

66 1772 130 1809 sed
170 1777 341 1822 potestas
379 1774 417 1809 in
458 1777 581 1810 morte
622 1774 776 1810 nomine
808 1772 941 1810 leonis.
1004 1772 1126 1817 Quam
1158 1778 1389 1823 potestatem

64 1831 103 1867 in
137 1830 332 1880 evangelio
364 1832 445 1880 ipse
477 1830 674 1881 praedicat
711 1830 861 1869 dicens:
900 1832 1136 1869 Potestatem
1167 1833 1292 1869 habeo
1320 1843 1388 1879 po-

64 1890 187 1926 nendi
216 1891 389 1927 animam
421 1901 546 1927 meam
578 1894 616 1927 et
634 1894 866 1937 potestatem
892 1890 1017 1927 habeo
1043 1891 1186 1927 iterum
1211 1891 1393 1927 sumendi

66 1958 162 1984 eam.
225 1948 345 1986 Nemo
377 1959 463 1986 eam
501 1950 599 1986 tollit
631 1959 655 1985 a
687 1959 769 1992 me;
807 1949 879 1985 sed
908 1960 980 1995 eqo
1012 1959 1098 1985 eam
1125 1960 1230 1996 pono
1262 1960 1286 1985 ιι
1319 1960 1388 1994 me,

65 2010 103 2043 et
144 2007 286 2043 iterum
328 2017 437 2044 sumo
481 2017 577 2044 eam.
641 2005 703 2043 Sic
740 2006 800 2043 leo
841 2006 1016 2057 fremuit,
1060 2007 1114 2043 sic
1153 2006 1255 2056 quod
1295 2006 1389 2044 dixit

64 2063 245 2113 implevit.
307 2064 360 2101 Ad
394 2076 477 2102 eam
518 2076 682 2114 namque
721 2066 890 2114 pertinet
921 2069 1169 2115 potestatem,
1207 2064 1309 2114 quod
1342 2064 1388 2102 de

157 2165 215 2207 22)
242 2162 329 2198 Gen.
355 2168 410 2206 49,
437 2168 457 2198 8
484 2176 559 2207 sqq.
610 2168 667 2207 23)
693 2165 732 2198 L.
762 2169 813 2199 12.
841 2176 869 2199 c.
898 2169 952 2200 42.
1003 2167 1060 2208 30)
1086 2165 1135 2201 10.
1164 2168 1217 2208 10,
1246 2169 1286 2199 17
1314 2177 1364 2209 sq.

160 2295 200 2324 16
227 2291 356 2334 quiV

1417 555 1437 584 5

1421 848 1462 877 10

1417 1431 1460 1461 20

1416 1722 1459 1752 25

1415 2015 1458 2045 30
