1548 2562
436 152 487 176 DE
506 150 694 176 CIVITATE
714 151 784 176 DEI
803 151 838 176 L.
858 151 922 175 xx.
942 150 972 175 c.
991 151 1036 175 m.
1307 140 1392 181 443

583 294 736 337 CAPUT
763 296 885 337 XVI:

383 382 442 419 De
473 383 584 419 caelo
615 392 714 419 novo
747 386 785 418 et
815 385 928 418 terra
959 392 1071 418 nova.

182 462 309 501 Finito
352 467 481 500 autem
518 462 679 513 iudicio,
727 473 803 511 quo
841 462 1127 511 praenuntiavit
1168 460 1394 499 iudicandos

65 520 202 573 malos,
241 525 362 559 restat
400 525 443 558 ut
485 521 599 558 etiam
632 519 678 558 de
711 519 822 558 bonis
854 519 966 557 dicat.
1029 519 1108 557 Iam
1140 521 1243 557 enim
1276 518 1393 569 expli-

67 581 166 618 cavit
198 579 300 629 quod
333 579 503 617 breviter
541 591 561 616 a
592 578 755 616 Domino
795 577 942 616 dictum
974 583 1050 616 est:
1088 578 1156 616 Sic
1189 579 1301 616 ibunt
1332 579 1398 615 iste·
1422 585 1441 613 ἱ)

67 640 107 676 in
132 640 369 687 supplicium
395 642 626 682 aetermam
658 637 836 686 sequitur
863 641 907 674 ut
932 635 1110 686 explicet,
1144 635 1246 686 quod
1280 637 1396 673 etiam

66 695 119 734 ibi
151 697 388 734 conectitur:
421 696 524 734 Iuste'
555 700 685 733 antem
718 697 757 733 in
789 697 909 733 vitam
942 699 1159 732 aeternam.
1222 695 1274 732 Et
1304 696 1395 740 vidi,

65 755 208 806 inquit,
247 757 400 793 caelum
437 765 579 792 novum
617 758 654 792 et
691 759 842 791 terram
880 764 1032 791 novam.
1095 753 1195 790 Nam
1221 755 1397 801 primum

66 815 220 851 caelum
252 818 288 851 et
320 817 432 851 terra
464 816 726 858 recesserunt,
760 817 798 850 et
828 823 940 849 mare
972 814 1051 849 iam
1082 823 1160 849 non
1193 816 1260 850 est.
1316 810 1395 848 Isto

66 872 132 908 fiet
164 870 320 922 ordine,
359 870 461 920 quod
500 871 681 920 superius
722 869 1042 920 praeoccupando
1075 870 1149 907 iam
1183 870 1302 920 dixit,
1344 870 1396 906 vi·
1426 875 1467 905 10

67 929 170 967 disse
216 941 257 967 se
303 941 420 979 super
458 928 642 966 thronum
681 928 905 979 sedentem,
950 929 1061 965 cuius
1099 940 1119 965 a
1160 928 1256 965 facie
1299 928 1397 977 fugit

68 987 217 1025 caelum
262 993 299 1025 et
339 994 453 1025 terra.
515 986 697 1024 Iudicatis
737 987 880 1036 quippe
918 985 997 1037 his,
1037 987 1102 1035 qui
1142 987 1277 1035 scripti
1319 997 1397 1023 non

68 1051 159 1084 sunt
196 1047 235 1083 in
273 1045 372 1083 libro
410 1046 528 1091 vitae,
575 1049 612 1082 et
649 1046 689 1082 in
728 1049 931 1082 aeternum
968 1046 1097 1094 ignem
1140 1045 1267 1082 missis
1310 1038 1396 1095 (qui

67 1105 167 1154 ignis
200 1105 310 1141 cuius
345 1103 447 1141 modi
479 1108 517 1140 et
548 1104 587 1140 in
620 1114 695 1152 qua
729 1102 862 1140 mundi
894 1102 953 1140 vel
986 1114 1118 1140 rerum
1151 1107 1260 1153 parte
1294 1102 1396 1139 sutu-

67 1174 135 1200 rus
168 1163 237 1213 sit,
274 1161 470 1199 hominem
503 1163 602 1199 scire
641 1161 810 1198 arbitror
842 1162 1058 1212 neminem,
1096 1162 1169 1198 nisi
1202 1161 1301 1199 forte
1335 1161 1398 1197 cui
1427 1166 1468 1196 15

70 1220 239 1271 Spiritus
272 1220 424 1258 divinus
456 1216 659 1272 ostendit),
692 1225 785 1258 tunc
818 1220 940 1269 figura
972 1219 1088 1257 liuius
1121 1219 1255 1257 mundi
1288 1231 1397 1256 mun—

68 1278 258 1316 danorum
298 1280 446 1328 ignium
487 1279 788 1327 conflagratione
830 1277 1079 1329 praeteribit,
1121 1279 1222 1315 sicut
1255 1278 1400 1315 factum

69 1342 128 1375 est
160 1337 443 1375 mundanarum
468 1348 656 1386 aquarum
687 1335 939 1374 inundatione
972 1336 1170 1374 diluvium.
1232 1335 1298 1373 Illa
1330 1336 1399 1373 ita-

70 1407 165 1447 que,
206 1402 249 1433 ut
286 1395 384 1446 dixi,
428 1395 726 1444 conflagratione
766 1394 959 1432 mundana
999 1394 1282 1432 elementorum
1316 1405 1399 1431 cor-

70 1453 313 1504 ruptibilium
352 1454 573 1503 qualitates,
612 1465 709 1503 quae
749 1453 980 1503 corporibus
1019 1454 1165 1491 nostris
1207 1453 1399 1502 corrupti·
1428 1458 1471 1489 20

70 1511 212 1550 bilibus
257 1511 543 1564 congruebant,
587 1511 758 1549 ardendo
802 1514 958 1561 penitus
1002 1511 1241 1561 interibunt,
1286 1516 1401 1560 atque

70 1572 153 1621 ipsa
198 1570 413 1608 substantia
455 1582 518 1608 eas
560 1570 763 1620 qualitates
809 1569 985 1620 habebit,
1031 1581 1129 1619 quae
1171 1568 1402 1620 corporibus

72 1628 342 1667 inmortalibus
386 1628 553 1666 mirabili
604 1629 816 1666 mutatione
867 1629 1115 1678 conveniant3
1167 1633 1211 1665 ut
1255 1627 1404 1665 scilicet

73 1687 241 1725 mundus
272 1689 313 1724 in
351 1687 489 1724 melius
530 1688 736 1724 innovatus
768 1691 855 1737 apte
888 1685 1206 1724 adcommodetur
1238 1686 1401 1723 homini-

73 1744 146 1783 bus
185 1747 300 1783 etiam
338 1757 453 1783 carne
491 1746 530 1782 in
570 1745 708 1782 melius
746 1745 948 1782 innovatis.
1011 1743 1123 1789 Quod
1162 1749 1292 1782 autem
1334 1745 1403 1782 ait:
1430 1749 1473 1780 25

74 1804 125 1841 Et
164 1815 276 1842 mare
318 1806 396 1841 iam
436 1815 514 1841 non
553 1808 628 1841 est:
666 1808 799 1841 utrum
835 1805 1001 1840 maximo
1046 1802 1110 1840 illo
1149 1802 1287 1841 ardore
1330 1803 1401 1840 sic-

74 1867 185 1900 cetur
216 1874 264 1899 an
291 1867 330 1899 et
355 1863 482 1912 ipsum
516 1866 688 1900 vertatur
720 1863 759 1899 in
792 1861 942 1913 melius,
974 1873 1051 1899 non
1084 1861 1194 1899 facile
1227 1860 1402 1899 dixerim.

75 1919 233 1958 Caelum
265 1921 408 1970 quippe
434 1932 576 1958 novum
609 1925 647 1958 et
678 1924 824 1958 terram
855 1931 992 1957 novam
1025 1920 1196 1957 futuram
1228 1919 1403 1969 legimus,

75 1978 121 2017 de
160 1979 257 2016 mari
294 1983 422 2016 autem
460 1990 558 2016 novo
597 1978 739 2028 aliquid
778 1991 838 2016 me
880 1979 1031 2029 uspiam
1062 1977 1201 2027 legisse
1234 1989 1311 2015 non
1343 1989 1402 2016 re-

75 2036 178 2088 colo;
210 2037 285 2074 nisi
317 2036 419 2086 quod
451 2038 491 2074 in
522 2036 596 2074 hoc
629 2037 765 2075 eodem
797 2036 896 2074 libro
928 2037 1143 2087 reperitur:
1189 2035 1405 2084 Tamquam
1431 2041 1476 2072 30

171 2138 205 2179 7)
230 2136 294 2171 Mt.
323 2140 378 2180 25,
404 2140 459 2172 46.
511 2139 545 2180 9)
571 2137 683 2181 Apoo.
710 2141 767 2180 21,
794 2141 824 2172 1.

77 2314 93 2347 t
171 2270 189 2299 5
229 2266 280 2300 sic
311 2275 380 2300 mss
410 2265 452 2306 (l.
478 2268 525 2300 21
554 2275 581 2299 c.
609 2268 664 2307 1),·
695 2276 760 2300 om.
791 2276 811 2300 v
842 2266 854 2309 ΙΙ
883 2269 902 2299 9
930 2266 966 2300 et
990 2266 1088 2299 terra
1112 2276 1201 2306 mss,·
1226 2266 1263 2300 et
1288 2265 1407 2310 prima

96 2323 175 2347 erra
197 2324 218 2348 v
