1611 2465
135 388 154 418 εἴ

112 681 154 711 10

114 973 155 1004 15

115 1558 159 1588 25

115 1850 161 1881 30

178 46 265 86 420
726 52 753 77 s.
773 51 990 77 AUGUSTIM

179 144 374 196 spiritales
417 145 456 181 in
502 142 565 180 illo
611 140 770 179 sabbato
817 140 1020 179 adfuturae
1066 142 1210 179 sanetis
1254 153 1325 192 per
1366 141 1519 180 Domini

178 203 438 254 praesentiam
466 200 733 238 crederentur.
795 199 890 237 Nam
918 201 1033 237 etiam
1058 212 1130 238 nos
1162 200 1235 238 hoc
1268 201 1413 250 opinati
1447 200 1518 238 fui-

179 274 266 300 mus
311 259 529 310 aliquando.
593 258 669 296 Sed
715 270 803 296 cum
846 270 934 305 eos,
979 259 1046 309 qui
1084 264 1177 297 tune
1216 260 1520 311 resurrexerint,

181 320 311 358 dicant
358 317 724 356 immoderatissimis
769 316 990 355 carnalibus
1039 317 1163 368 epulis
1208 323 1436 370 vacaturos,
1479 318 1520 355 in

181 378 323 429 quihus
362 376 473 415 cibus
513 377 563 414 sit
600 381 732 414 tantus
771 387 813 413 ae
851 381 984 426 potus,
1023 381 1066 414 ut
1108 387 1184 414 non
1218 375 1344 414 solum
1376 375 1519 414 nullam

182 437 411 475 modestiam
450 440 626 486 teneant,
668 433 734 472 sed
778 434 934 472 modum
969 446 1123 484 quoqne
1155 436 1279 485 ipsius
1311 434 1519 473 increduli-

183 497 270 533 tatis
303 493 508 533 excedant:
546 493 652 531 nullo
696 492 808 531 modo
841 494 913 530 ista
944 498 1110 543 possunt
1141 494 1216 531 nisi
1247 505 1268 531 a
1301 492 1520 531 carnalibus

181 553 299 592 credi.
363 552 411 590 Hi
443 557 572 590 autem
605 553 671 602 qui
704 550 900 601 spiritales
932 556 1041 602 sunt,
1082 553 1178 589 istos
1209 552 1282 589 ista
1315 551 1521 590 eredentes

180 608 374 663 χιλιαστὰς
407 609 602 662 appellant
641 609 788 648 Graeco
822 609 1026 661 vocabulo,
1060 622 1157 660 quos
1189 609 1353 647 verbum
1384 622 1405 648 e
1437 622 1520 648 ver-

181 671 231 709 bo
263 672 528 721 exprimentes
567 680 638 707 nos
676 680 882 719 possemus
927 668 1111 706 miliarios
1143 680 1382 719 nuncupare.
1444 667 1521 707 Eos

181 735 312 769 autem
344 728 502 779 longum
535 732 595 766 est
625 726 805 766 refellere
838 726 883 764 ad
917 726 1083 778 singula,
1117 726 1184 765 sed
1216 728 1364 777 potius,
1405 739 1522 777 quem

181 787 228 827 ad
266 788 424 826 modum
466 788 661 838 scriptura
705 786 801 824 haee
836 785 1059 836 accipienda
1102 786 1173 836 sit,
1217 787 1292 824 iam
1333 785 1521 824 dehemus

182 847 402 886 ostendere.

300 906 363 943 Ait
402 905 486 955 ipse
526 903 713 942 Dominus
751 903 859 941 Iesus
899 902 1094 941 Christus:
1139 904 1260 942 Nemo
1293 907 1425 952 potest
1463 905 1521 942 in-

184 966 310 1003 troire
342 966 382 1001 in
422 965 578 1002 domum
610 962 732 1011 fortis
764 967 802 1000 et
832 973 930 1000 vasa
961 964 1046 1000 eius
1088 963 1263 1010 eripere,
1300 964 1381 1000 nist
1404 964 1523 1011 prius

184 1024 413 1071 allifflwerz't
438 1021 603 1070 fortem,
642 1019 838 1058 diabolum
871 1020 1003 1057 volens
1036 1019 1207 1069 intellegi
1240 1020 1401 1072 fortem,
1434 1022 1523 1070 quia

183 1083 267 1132 ipse
308 1092 431 1131 genus
471 1079 685 1118 humanum
726 1080 854 1129 potuit
891 1085 1024 1116 tenere
1058 1080 1269 1130 captivnm3
1310 1090 1398 1117 vasa
1431 1091 1522 1117 vero

185 1141 281 1191 eius,
314 1151 412 1189 quae
439 1139 568 1177 fuerat
593 1143 814 1189 erepturus,
846 1136 980 1174 fideles
1006 1148 1098 1174 suos
1131 1138 1296 1188 futuros,
1330 1149 1427 1187 quos
1458 1137 1522 1175 ille

184 1200 224 1236 in
271 1197 435 1236 diversis
485 1197 656 1247 peccatis
702 1202 816 1245 atque
868 1195 1133 1245 impietatibus
1178 1195 1411 1245 possidebat.
1473 1195 1523 1234 Ut

185 1269 277 1307 ergo
318 1255 542 1305 alligaretur
579 1255 641 1292 hic
680 1254 808 1305 sortis,
847 1259 1055 1304 propterea
1094 1253 1189 1292 vidit
1219 1255 1292 1292 iste
1325 1254 1522 1305 apostolus

184 1317 224 1353 in
257 1314 477 1365 apocalypsi
508 1315 693 1361 anqelum
726 1314 1027 1351 descendentem
1065 1313 1114 1350 de
1146 1315 1278 1364 eaelo,
1315 1314 1524 1352 habentem

185 1376 336 1413 clavem
368 1374 505 1422 abyssi
534 1378 573 1410 et
603 1376 788 1410 catenam
827 1373 867 1409 in
899 1382 1020 1409 manu
1051 1382 1137 1409 sua.
1200 1371 1252 1409 Et
1282 1374 1427 1423 tenuit,
1465 1373 1522 1410 in·

186 1433 290 1483 quit,
323 1433 540 1470 draconem
573 1433 681 1469 illum
713 1434 935 1479 serpentem
968 1432 1191 1478 antiquum,
1224 1432 1295 1478 qui
1325 1433 1522 1479 00911077ῑὶ-

185 1495 304 1529 natus
331 1494 388 1528 est
413 1489 594 1528 diabolus
621 1494 659 1527 et
683 1492 862 1540 satanas,
895 1492 934 1526 et
964 1490 1147 1536 alliyam't
1178 1490 1285 1527 illum
1316 1491 1421 1528 mille
1452 1501 1521 1528 an-

186 1551 268 1597 nis,
319 1548 392 1586 hoe
443 1553 523 1599 est,
573 1549 657 1585 eius
707 1552 940 1597 potestatem
990 1546 1036 1584 ab
1089 1548 1146 1585 eis
1196 1547 1429 1585 seducendis
1479 1560 1523 1586 ac

185 1606 443 1658 possidendis,
476 1608 542 1656 qui
574 1606 729 1644 fuerant
759 1604 961 1656 liberandi,
993 1604 1168 1643 cohibuit
1199 1611 1314 1656 atque
1347 1606 1522 1645 frenavit.

185 1665 287 1704 Mille
329 1671 459 1704 autem
503 1666 593 1702 anni
631 1664 784 1702 duobus
825 1663 948 1701 modis
987 1669 1171 1715 possunt,
1210 1669 1396 1714 quantum
1430 1665 1523 1703 mihi

187 1725 371 1775 occurrit,
403 1723 592 1773 intellegi:
625 1728 690 1761 aut
716 1723 805 1772 quia
832 1723 872 1760 in
897 1722 1045 1760 ultimis
1077 1724 1189 1760 annis
1220 1722 1322 1761 mille
1355 1725 1427 1762 ista
1459 1735 1522 1762 res

187 1783 326 1833 agitur,
358 1781 396 1819 id
430 1787 489 1819 est
515 1787 625 1834 sexto
658 1792 849 1818 annorum
882 1780 1047 1818 miliario
1079 1786 1274 1831 tamquam
1307 1787 1416 1820 sexto
1448 1781 1522 1833 die,

187 1842 299 1879 euius
338 1852 442 1878 nune
484 1841 605 1890 spatia
644 1840 861 1889 posteriora
899 1838 1124 1890 volvuntur,
1166 1845 1349 1877 secuturo
1382 1839 1522 1878 deinde

187 1898 359 1950 sabbato,
392 1898 495 1948 quod
528 1910 604 1935 non
631 1896 748 1935 habet
778 1909 991 1948 vesperam,
1023 1899 1158 1948 requie
1191 1898 1340 1936 scilieet
1371 1903 1521 1937 saneto·

187 1969 293 2009 rum,
334 1969 432 2007 quae
472 1968 549 1994 non
587 1955 702 1993 habet
739 1956 873 2007 finem,
913 1960 957 1994 ut
993 1955 1110 1994 huius
1142 1955 1296 1995 miliarii
1327 1962 1522 2007 tamquam

187 2015 264 2053 diei
296 2016 544 2053 novissimam
575 2019 737 2066 partem,
769 2025 867 2064 quae
899 2013 1124 2052 remanebat
1156 2026 1280 2065 usque
1313 2015 1358 2053 ad
1391 2017 1521 2054 termi-

284 2106 338 2146 16)
366 2104 431 2139 ΜΓ.
459 2108 491 2147 3,
518 2108 572 2139 27.

284 2224 326 2254 10
352 2231 546 2265 possumus
571 2230 592 2255 v
610 2221 622 2264 ΙΙ
642 2223 686 2254 24
711 2218 817 2254 illum
841 2219 913 2253 RL
938 2222 1035 2262 (419,
1061 2223 1118 2263 6);
1144 2229 1227 2254 eum
1253 2219 1310 2254 Av
