1548 2562
399 109 451 134 DE
471 108 658 134 CIVITATE
678 109 747 133 DEI
766 109 799 133 L.
818 109 900 133 XXI.
919 108 948 133 c.
968 110 1010 134 26.
1288 101 1372 141 541

44 199 183 248 ignem.
245 196 407 235 Delicias
446 198 587 247 quippe
626 197 743 235 buius
781 197 885 235 modi
923 209 1152 248 amoresque
1183 203 1375 250 terrenos,

43 262 204 307 propter
236 255 476 305 coniugalem
514 255 670 305 quidem
709 255 885 306 copulam
917 268 995 294 non
1027 255 1274 308 damnabiles,
1306 258 1374 295 tri-

42 314 253 352 bulationis
278 315 378 363 ignis
405 319 559 364 exuret,
592 313 637 351 ad
670 325 786 363 quem
811 315 1010 364 pertinent
1041 315 1170 365 ignem
1202 319 1240 353 et
1272 313 1375 352 orbi-

43 377 142 410 tates
174 377 213 410 et
244 383 510 422 quaecumque
544 371 778 410 calamitates
810 384 907 421 quae
940 373 1123 411 auserunt
1152 372 1258 411 haec.
1321 374 1374 411 Ac

42 443 113 481 per
154 430 226 468 hoc
265 431 316 479 ei,
355 431 421 480 qui
453 429 685 482 aedificavit,
723 431 798 468 erit
829 430 1042 469 aedificatio
1074 432 1147 469 ista
1179 431 1373 483 damnosa,
1401 442 1420 472 5

43 490 132 539 quia
170 500 247 526 non
284 487 457 539 babebit,
497 488 600 538 quod
632 487 983 540 superaedificavit,
1023 495 1061 527 et
1092 501 1229 528 eorum
1262 490 1372 527 amis-

43 548 151 585 sione
193 546 450 592 cruciabitur,
492 545 633 596 quibus
671 545 837 584 fruendo
876 548 1010 597 utique
1043 547 1274 599 laetabatnr3
1307 547 1374 586 sed

41 617 112 656 per
143 604 247 643 hunc
278 605 407 655 ignem
440 603 566 642 salvus
598 605 673 642 erit
704 605 842 642 merito
876 605 1136 657 fundamenti,
1168 607 1268 657 quia,
1302 607 1374 644 etsi

42 668 175 701 utrum
212 662 250 700 id
288 661 430 700 habere
469 662 598 700 mallet
639 674 685 700 an
719 662 916 701 Christum
949 676 969 701 a
1000 670 1253 714 persecutore
1286 675 1373 714 pro—

0 751 1 756 ,
41 726 266 772 poneretur,
297 720 389 759 illud
417 719 570 759 Christo
597 733 675 758 non
707 727 1026 772 praeponeretur.
1088 721 1181 760 Vide
1214 724 1252 760 in
1285 734 1373 773 apo·
1402 732 1444 762 10

43 779 131 817 stoli
180 778 309 817 verbis
358 778 555 817 hominem
605 778 873 818 aedificantem
917 792 1036 830 snper
1079 780 1372 819 fundamentum

42 849 198 889 aurum,
236 842 457 889 argentum,
489 837 635 888 lapides
666 839 876 888 pretiosos:
924 839 1002 884 Qui
1030 840 1115 877 sine
1146 850 1276 878 uxore
1307 845 1374 886 est,

41 897 185 947 inquit,
229 898 380 943 coquat
416 907 520 943 quae
556 900 649 934 sunt
684 896 775 944 Dei,
819 907 895 944 quo
933 898 1046 934 modo
1079 899 1243 945 placeat
1281 898 1374 936 Deo.

41 953 134 992 Vide
161 954 277 992 alium
304 953 569 992 aedificantem
595 954 708 1005 ligna,
734 954 879 1005 fenum,
905 954 1104 1004 stipulam:
1143 955 1220 1001 Qui
1244 961 1375 993 aulem

42 1014 294 1051 matrimonio
326 1014 485 1050 iunctus
517 1017 585 1063 est,
615 1013 754 1063 inquit,
787 1014 938 1060 caqitat
968 1024 1072 1060 quae
1102 1018 1194 1051 sunt
1224 1015 1374 1061 mundi,
1403 1022 1444 1052 15

41 1082 117 1119 quo
149 1072 262 1109 modo
284 1073 447 1119 placeat
470 1073 602 1108 uxori.
671 1071 987 1118 Uniuscuiusque
1017 1082 1114 1119 opus
1145 1071 1374 1119 manifesta-

42 1131 171 1174 bitur;
215 1130 299 1167 dies
343 1130 445 1167 enim
490 1130 716 1167 declarabit
759 1124 861 1180 (dies
903 1130 1037 1178 utique
1079 1125 1375 1182 tribulationis),

43 1189 228 1235 quoniam
254 1189 294 1225 in
322 1189 423 1235 iane,
454 1188 592 1238 inquit,
624 1188 882 1226 revelabitur.
930 1186 1182 1237 Eandemque
1215 1187 1374 1226 tribula-

41 1247 187 1283 tionem
218 1247 346 1295 ignem
379 1251 505 1296 vocat,
545 1247 646 1283 sicut
677 1244 766 1283 alibi
797 1245 956 1295 legitur:
1004 1245 1106 1283 Vasa
1135 1247 1254 1292 fiquli
1279 1258 1374 1295 pro-

42 1305 111 1342 bat
136 1303 291 1352 fornaa:
323 1307 361 1341 et
395 1304 571 1342 homines
603 1306 724 1342 iustos
756 1305 956 1352 temptatio
989 1304 1268 1342 tribulationis.
1325 1304 1378 1342 Et
1402 1312 1446 1343 20

41 1363 355 1409 uniuscuiusque
392 1373 488 1410 opus
526 1364 643 1409 quale
679 1363 746 1413 sit,
785 1363 887 1409 iqnis
923 1362 1121 1410 probabit.
1185 1362 1230 1400 Si
1260 1364 1376 1400 cuius

41 1431 139 1469 opus
172 1422 443 1468 permanserit
482 1415 705 1472 (permanet
743 1421 844 1457 enim
884 1419 987 1469 quod
1026 1420 1190 1469 quisque
1233 1421 1376 1470 cogitat

42 1490 140 1528 quae
174 1483 265 1516 sunt
296 1477 382 1529 Dei,
415 1490 490 1528 quo
524 1477 637 1515 modo
669 1478 818 1528 placeat
850 1474 968 1529 Deo),
1005 1479 1113 1525 quod
1141 1480 1374 1526 superaedi-

38 1538 178 1584 ficavit
214 1538 436 1575 mercedem
476 1538 647 1585 accipiet
696 1531 753 1588 (id
798 1540 873 1587 est,
918 1535 1020 1573 unde
1067 1537 1265 1587 cogitavit,
1302 1535 1376 1575 hoc

0 1596 1 1600 ’
42 1589 208 1647 sumet);
245 1596 282 1632 si
316 1597 431 1633 cuius
469 1600 600 1633 autem
638 1606 734 1643 opus
776 1595 941 1641 arserit,
983 1595 1168 1632 damnum
1196 1596 1377 1643 patietur
1402 1603 1445 1634 25

42 1647 245 1704 (quoniam
277 1652 380 1702 quod
414 1652 600 1691 dilexerat
632 1664 709 1690 non
742 1647 936 1704 habebit),
969 1654 1050 1701 ipse
1081 1657 1213 1690 autem
1244 1655 1376 1691 salvus

41 1713 121 1749 erit
159 1706 269 1763 (qnia
307 1710 411 1748 nulla
449 1723 537 1749 eum
576 1710 776 1748 tribulatio
815 1709 861 1748 ab
893 1709 995 1748 illius
1028 1710 1269 1749 fundamenti
1302 1716 1375 1749 sta—

43 1767 189 1806 bilitate
217 1764 418 1821 semovit);
450 1771 508 1807 sic
541 1774 671 1807 tamen
703 1770 821 1816 quasi
844 1780 922 1817 per
953 1770 1082 1816 iqnem
1116 1764 1240 1820 (quod
1272 1770 1375 1807 enim

42 1828 126 1864 sine
157 1826 355 1864 inliciente
388 1839 517 1865 amore
551 1839 628 1864 non
660 1826 812 1878 habuit,
845 1827 927 1864 sine
960 1832 1099 1865 urente
1132 1826 1264 1865 dolore
1297 1839 1375 1865 non

5 1908 7 1916 ι
41 1881 202 1937 perdit).
264 1884 383 1937 Ecce,
416 1890 604 1935 quantum
637 1885 730 1922 mihi
762 1884 927 1936 videtur,
959 1885 1140 1923 inventus
1174 1890 1232 1923 est
1263 1886 1376 1936 ignis,
1401 1893 1445 1925 30

25 2006 28 2012 ¹
136 1999 193 2040 16)
221 2001 250 2031 1.
275 1995 355 2031 Cor.
376 2001 406 2040 7,
434 2001 476 2031 32
499 2008 550 2040 sq.
603 1998 658 2040 18)
684 1996 737 2031 lb.
764 2000 796 2039 3,
826 2001 879 2031 13.
929 1998 986 2040 20)
1014 1996 1125 2031 Eceli.
1153 2000 1207 2041 27,
1234 2000 1265 2031 5.
1316 2000 1374 2041 28)

26 2046 73 2077 ’1.
102 2043 181 2078 Cor.
209 2047 240 2086 3,
269 2047 310 2077 13
337 2055 414 2087 sqq.

137 2175 154 2204 1
181 2171 289 2204 huius
314 2170 414 2204 modi
438 2171 494 2205 Rv
520 2173 619 2213 (543,
644 2174 730 2213 32);
758 2171 833 2205 eius
859 2170 960 2204 modi
985 2171 1026 2212 ὂ,-
1051 2169 1159 2204 huius
1185 2171 1313 2205 mundi
1338 2171 1373 2205 A

42 2217 152 2251 Parr.
192 2218 264 2251 rell.
294 2218 305 2260 ΙΙ
333 2221 373 2251 18
410 2217 489 2262 igni
525 2217 561 2252 R
585 2219 597 2262 ΙΙ
631 2217 856 2260 eandemque
894 2216 929 2250 R
966 2217 1042 2251 edd.
1080 2220 1181 2259 vett.‚·
1219 2217 1374 2252 eandem

42 2265 101 2297 Av
119 2265 131 2307 ΙΙ
151 2267 193 2298 28
220 2264 337 2298 movit
360 2274 381 2297 v
