1548 2562
423 100 476 125 DE
495 100 683 126 CIVITATE
701 100 771 125 DEI
790 100 824 126 L.
843 100 907 125 xx.
927 100 957 125 c.
977 101 1018 126 17.
1307 92 1393 132 445

63 201 227 241 corpora
270 189 316 227 ad
359 190 696 240 incorruptionem
736 194 851 240 atque
895 188 1213 228 inmortalitatem
1254 202 1393 229 novam

63 260 109 286 ex
134 253 265 286 vetere
292 249 543 298 corruptione
570 259 612 285 ac
639 247 873 286 mortalitate
899 246 1132 286 transibunt.
1195 247 1291 286 Nam
1317 248 1392 286 hoc

63 306 110 345 de
143 308 217 345 isto
243 310 418 357 tempore
446 307 636 356 accipere,
667 318 744 356 quo
771 311 907 356 regnat
938 317 1028 344 cum
1060 318 1151 357 rege
1183 319 1254 345 suo
1287 306 1391 345 mille

62 366 191 416 annis,
230 364 482 415 inpudentiae
515 366 655 402 nimiae
687 364 781 402 mihi
814 364 983 416 videtur,
1025 377 1113 403 cum
1146 366 1390 416 apertissime

62 423 180 461 dicat:
223 424 433 471 Absteryet
469 434 619 461 omnem
659 425 868 461 lacrimam
907 424 957 461 ab
995 426 1120 462 oculis
1160 435 1318 469 eorum;
1355 428 1394 463 et

61 493 166 520 mors
204 484 282 520 iam
314 493 392 520 non
424 483 502 520 erit
531 493 658 529 neque
689 483 819 520 luctus
850 493 977 529 neque
1008 484 1176 531 elamor,
1216 483 1289 521 sea
1317 493 1393 522 nec

62 541 175 579 dolor
199 542 313 579 ullus.
376 539 471 585 Quis
497 551 588 577 vero
615 545 694 577 tam
720 541 770 577 sit
796 538 988 577 absurdus
1016 545 1054 578 et
1087 540 1391 579 obstinatissima

62 600 312 637 contentione
344 610 531 649 vesanus,
564 599 631 648 qui
663 598 801 636 audeat
832 597 1034 636 adfirmare
1067 600 1106 636 in
1138 598 1255 637 huius
1286 611 1391 638 mor-

62 656 220 695 talitatis
247 658 455 708 aerumnis,
488 668 565 694 non
591 656 677 695 dico
710 656 897 707 populum
930 663 1118 708 sanctum,
1151 657 1218 695 sed
1251 669 1391 695 unum-

62 727 257 766 quemque
289 720 525 766 sanctorum,
558 716 625 765 qui
655 715 754 753 hanc
786 715 845 753 vel
877 714 994 753 ducat
1026 715 1084 753 vel
1117 715 1308 754 ducturus
1341 717 1392 754 sit

60 773 121 812 vel
157 773 313 812 duxerit
350 775 483 825 vitam,
521 773 646 812 nullas
684 773 891 812 habentem
932 773 1111 812 lacrimas
1150 780 1188 812 et
1219 773 1392 826 dolores;

61 844 151 870 cum
200 833 330 882 potius
380 837 524 882 quanto
574 837 633 870 est
684 833 849 882 quisque
899 834 1069 870 sanctior
1119 838 1158 871 et
1207 832 1392 870 desiderii

61 891 186 929 sancti
223 890 391 942 plenior,
429 896 535 929 tanto
574 892 623 928 sit
660 892 744 928 eius
782 892 821 928 in
863 890 1007 928 orando
1046 890 1161 929 ssetus
1206 888 1394 929 uberior?

60 949 120 986 Α11
152 961 230 986 11011
263 955 322 987 est
353 961 425 986 vox
463 950 557 987 civis
594 960 785 999 supernae
818 948 1080 987 Hierusalem:
1118 950 1270 988 Factae
1300 954 1394 987 sunt

61 1009 159 1045 mihi
188 1010 382 1046 lacrimae
413 1019 524 1046 meae
551 1009 670 1055 panis
702 1009 767 1045 (lle
798 1019 848 1045 ae
880 1013 1004 1053 noete,
1038 1012 1093 1046 et:
1127 1008 1290 1046 Lavabo
1317 1020 1394 1056 per

60 1068 240 1114 simulas
276 1070 411 1104 noctes
448 1068 590 1104 lectam
627 1077 770 1112 meum,
810 1068 850 1103 in
887 1068 1065 1105 lacrimis
1096 1069 1191 1104 mels
1223 1072 1394 1104 stratum

61 1135 188 1162 meum
226 1125 386 1172 riqabo,
425 1130 483 1162 et:
524 1125 697 1162 Gemitus
736 1135 844 1162 meas
882 1136 960 1163 non
992 1130 1051 1162 est
1080 1126 1336 1163 absconditas
1369 1136 1394 1162 a

61 1187 109 1230 te,
142 1188 196 1221 et:
229 1183 352 1221 Dolor
377 1194 485 1221 meus
509 1187 722 1221 renovatus
754 1180 838 1220 est?
870 1182 946 1221 Aut
976 1194 1068 1220 vero
1101 1195 1178 1220 11011
1210 1184 1294 1221 61118
1326 1182 1395 1220 filii

62 1247 177 1292 sunt,
215 1242 283 1291 qui
319 1242 590 1291 ingemescunt
628 1242 793 1292 gravati,
830 1242 870 1278 iu
909 1253 985 1291 quo
1026 1241 1163 1279 nolunt
1195 1241 1393 1292 expoliari,

62 1299 130 1338 sed
152 1300 417 1350 supervestiri,
443 1305 487 1337 ut
507 1298 762 1337 absorbeatur
782 1298 944 1337 mortale
972 1299 1044 1337 1100
1065 1312 1085 1337 3
1105 1296 1212 1338 vita?
1256 1299 1392 1337 Nonne

61 1359 137 1409 ipsi
169 1364 278 1410 sunt,
315 1359 383 1408 qui
423 1359 615 1408 primitias
646 1357 834 1395 habentes
868 1357 1037 1408 Spiritus
1069 1359 1109 1395 in
1142 1364 1266 1395 semet
1297 1359 1392 1408 ipsis

61 1418 349 1467 ingemescunt,
386 1416 633 1466 adoptionem
665 1421 935 1467 expectantes,
967 1416 1277 1467 redemptionem
1308 1427 1392 1454 cor-

60 1477 169 1526 poris
201 1472 290 1513 sui‘?
350 1474 407 1512 An
445 1476 528 1525 ipse
566 1474 764 1525 apostolus
794 1474 939 1513 Paulus
970 1486 1047 1512 non
1081 1480 1164 1512 erat
1196 1487 1393 1525 supernus

62 1532 455 1584 Hierosolymitanus‚
487 1533 547 1570 vel
579 1544 657 1570 non
689 1532 811 1570 multo
843 1534 965 1583 magis
996 1532 1070 1570 hoc
1103 1538 1206 1585 6131,
1239 1533 1393 1583 quando

61 1604 133 1643 pro
170 1591 357 1630 Israelitis
395 1590 614 1630 carnalibus
659 1590 845 1629 fratribus
889 1592 971 1629 suis
1011 1592 1170 1629 tristitia
1213 1591 1268 1629 illi
1309 1597 1393 1629 erat

62 1662 199 1701 magna
243 1656 282 1689 et
325 1652 534 1688 continuus
578 1650 687 1687 dolor
731 1649 840 1687 cordi
884 1646 996 1687 eius?
1059 1649 1221 1694 Quando
1263 1655 1394 1688 autem

62 1721 168 1747 mors
200 1720 279 1747 11011
317 1710 392 1747 erit
432 1710 472 1746 in
503 1710 577 1747 ista
609 1709 779 1759 civitate,
818 1709 893 1745 nisi
924 1707 1079 1758 quando
1112 1707 1284 1746 dicetur:
1324 1709 1398 1747 Ubi

62 1772 136 1814 est,
168 1779 290 1814 mors,
329 1769 526 1806 eontentio
558 1768 653 1805 tua?
722 1767 796 1805 Ubi
824 1771 896 1813 est,
928 1778 1049 1813 mors,
1082 1768 1247 1805 aculeus
1278 1768 1395 1805 tuus?

62 1827 236 1864 Aculeus
273 1830 405 1864 autem
441 1827 579 1864 mortis
620 1830 677 1864 est
703 1830 925 1873 peceatum.
988 1824 1100 1870 Quod
1132 1830 1226 1863 tunc
1258 1826 1394 1875 utique

63 1895 142 1922 non
174 1885 261 1935 erit,
293 1883 445 1934 quando
478 1883 649 1922 dicetur:
689 1883 762 1922 Ubi
792 1885 875 1922 est?
930 1882 1043 1921 Nunc
1075 1895 1167 1921 vero
1199 1895 1277 1921 non
1310 1885 1393 1934 qui-

160 1997 216 2037 15)
243 1995 300 2031 Ps.
327 2000 383 2038 41,
410 2000 441 2030 4.
493 1998 549 2036 17)
568 1995 620 2030 Ib.
642 1999 674 2037 6,
702 1999 732 2029 7.
785 1998 841 2039 18)
861 1995 912 2029 lb.
934 1999 989 2037 37,
1018 1999 1070 2030 10.
1123 1997 1181 2039 18)
1201 1995 1252 2030 lb.
1280 2000 1336 2038 38,
1362 2000 1393 2031 3.

63 2044 121 2123 Ξὲ)
146 2046 189 2123 ξὲ)
207 2041 286 2132 (ἕξιν.
313 2046 346 2085 5,
372 2047 403 2076 4.
453 2045 510 2085 23)
531 2041 634 2076 Rom.
654 2045 687 2085 8,
714 2046 769 2076 23.
820 2044 878 2086 26)
903 2042 1006 2076 Rom.
1035 2045 1069 2085 9,
1094 2046 1126 2076 2.
1176 2044 1234 2086 29)
1263 2046 1292 2076 1.
1314 2042 1394 2080 Cor.

112 2117 120 2133 ,
261 2117 267 2124 .

160 2221 178 2251 7
206 2218 254 2261 et]
282 2218 347 2251 aul:
369 2217 404 2250 A
429 2218 441 2260 Η
470 2221 510 2250 19
537 2218 752 2261 gemescunt
775 2216 811 2251 R
829 2218 841 2262 ΙΙ
860 2216 1010 2262 spoliari
1034 2217 1070 2251 R
1088 2218 1100 2261 ss
1128 2221 1172 2252 20
1197 2217 1268 2253 hoc
1292 2218 1329 2253 R
1354 2222 1395 2253 ut

67 2263 235 2305 Tertuzl.;
260 2274 324 2299 om.
345 2264 401 2298 Av
420 2266 473 2305 (7,
493 2267 553 2306 11)

1420 724 1463 755 10

1421 1016 1463 1047 15

1420 1308 1464 1340 20

1420 1600 1463 1631 25

1420 1893 1464 1924 30
