1611 2465
87 698 131 729 10

89 991 130 1022 15

88 1285 131 1315 20

89 1577 132 1608 25

89 1965 134 1994 30

150 63 234 104 388
687 69 714 94 s.
734 67 949 94 Aucuszrnu

151 168 189 201 et
222 161 324 212 quod
352 161 545 199 invenerit
571 170 618 196 ne
646 157 757 196 alteri
789 157 968 196 invideat.
1031 157 1073 195 In
1105 158 1256 196 actione
1290 170 1380 196 vero
1413 170 1491 197 non

152 220 338 259 amandus
378 224 436 257 est
476 218 602 256 honor
643 219 682 255 in
723 216 794 254 hac
834 217 911 254 vita
948 217 1027 254 sive
1068 218 1266 268 potentia,
1309 218 1492 267 quoniam

153 281 281 318 omnia
314 289 408 316 vana
441 276 514 315 sul)
547 275 648 327 sole,
682 275 749 313 sed
782 286 880 325 opus
913 275 1053 326 ipsum,
1086 275 1188 325 quod
1221 287 1292 326 per
1325 275 1493 314 eundem

155 339 344 376 honorem
376 336 435 373 vcl
467 336 680 386 potentiam
714 334 775 385 fit,
816 335 848 371 si
886 339 994 372 recte
1027 340 1142 384 atque
1175 333 1324 372 utiliter
1351 335 1413 386 fit,
1454 334 1493 372 id

154 402 224 446 est,
256 402 299 434 ut
326 387 447 432 valeat
474 393 519 431 ad
547 405 631 431 eam
658 392 823 431 salutem
855 391 1114 445 subditorum,
1146 405 1244 443 quae
1277 393 1494 431 secundum

155 455 278 492 Deum
322 459 398 505 est,
449 452 551 491 unde
596 453 671 490 iam
721 453 903 502 superius
954 452 1247 502 disputavimus
1327 451 1494 502 Propter

154 513 257 563 quod
297 514 349 551 ait
388 510 605 562 apostolus:
657 512 734 557 chz‘
772 512 1043 559 episcopatum
1084 512 1307 558 desiderat,
1353 511 1496 549 bonum

155 584 252 621 opus
297 572 512 610 desiderat.
587 569 792 620 Exponere
838 568 960 607 voluit
1003 569 1095 619 quid
1140 570 1191 607 sit
1236 570 1496 621 episcopatus,

155 632 245 681 quia
278 642 419 668 nomen
452 635 511 667 est
543 629 692 680 operiS,
732 640 809 665 non
841 627 1013 665 honoris.
1076 627 1268 666 Graecum
1301 633 1360 666 est
1392 629 1496 666 enim

158 694 273 740 atque
312 688 400 726 inde
440 687 601 726 ductum
639 686 888 737 vocabulum,
927 686 1029 736 quod
1069 686 1132 724 ille
1172 688 1238 736 qui
1271 686 1496 737 praeficitur

155 749 212 786 eis
246 747 388 798 quihus
421 747 647 797 praeficitur
679 744 980 796 superintendit,
1013 757 1147 783 curam
1179 745 1328 783 scilicet
1359 757 1496 784 eorum

155 818 314 858 gerens3
356 801 500 852 σκοπὸς
539 806 683 855 quippe
725 805 890 842 intentio
933 809 1008 855 est3
1051 816 1142 854 ergo
1184 802 1426 852 ἐπισκοπεῖν,
1465 806 1497 842 si

155 865 330 913 velimus,
363 863 498 902 Latine
532 863 858 914 superintendere
892 874 1101 913 possumus
1135 862 1278 914 dicere,
1310 868 1354 901 ut
1385 863 1496 901 intel-

156 924 258 974 legat
289 935 367 961 non
400 935 441 961 se
475 934 560 961 esse
594 923 838 973 episcopum,
872 922 939 971 qui
971 933 1152 972 praeesse
1187 921 1388 974 dilexerit,
1420 933 1498 960 non

156 982 355 1034 prodesse.
418 981 551 1031 Itaque
591 980 637 1018 ab
680 981 808 1019 studio
851 974 1144 1030 cognoscendae
1179 981 1351 1019 veritatis
1383 992 1498 1018 nemo

157 1041 407 1092 prohibetur,
449 1040 552 1091 quod
589 1040 634 1077 ad
667 1038 858 1077 laudabile
888 1040 1061 1090 pertinet
1092 1040 1232 1091 otium,
1264 1039 1374 1078 locus
1406 1051 1498 1077 vero

158 1101 350 1151 superior,
383 1100 466 1137 sine
494 1110 570 1149 quo
598 1100 680 1148 regi
706 1098 874 1149 populus
901 1110 979 1136 non
1006 1104 1145 1150 potest,
1180 1100 1253 1137 etsi
1285 1100 1337 1137 ita
1370 1103 1498 1136 tenea-

158 1165 223 1197 tur
255 1164 371 1209 atque
403 1158 699 1196 administretur
731 1162 774 1195 ut
806 1156 929 1208 decet,
961 1162 1090 1195 tamen
1123 1158 1352 1197 indecenter
1384 1172 1498 1210 appe-

159 1219 265 1255 titur.
328 1216 453 1261 Quam
485 1216 534 1253 ob
562 1228 645 1254 rem
677 1217 800 1254 otium
833 1221 1010 1254 sanctum
1044 1218 1197 1266 quaerit
1228 1219 1368 1256 caritas
1401 1220 1499 1256 veri-

160 1277 266 1327 tatis,
303 1276 502 1325 negotium
529 1276 676 1313 iustum
703 1276 865 1325 suscipit
891 1276 1104 1313 necessitas
1131 1277 1313 1314 caritatis.
1377 1276 1501 1322 Quam

159 1336 352 1372 sarcinam
390 1335 422 1372 si
464 1333 595 1372 nullus
627 1335 796 1384 inponit,
834 1334 1109 1384 percipiendae
1141 1340 1257 1385 atque
1289 1336 1500 1374 intuendae

158 1393 372 1431 vacandum
398 1398 458 1430 est
483 1394 653 1444 veritati3
688 1394 720 1430 si
753 1398 881 1431 autem
915 1394 1128 1444 inponitur,
1161 1394 1409 1445 suscipienda
1443 1401 1501 1434 est

158 1457 319 1502 propter
346 1452 519 1490 caritatis
546 1452 837 1502 necessitatem,
870 1451 938 1489 sed
965 1463 1037 1489 nec
1064 1453 1120 1489 sic
1153 1453 1258 1490 omni
1291 1453 1404 1491 modo
1439 1466 1499 1492 ve-

158 1512 284 1548 ritatis
316 1509 522 1548 delectatio
555 1509 771 1548 deserenda
804 1515 881 1561 est,
913 1521 961 1548 ne
995 1509 1247 1549 subtrahatur
1279 1511 1342 1549 illa
1375 1514 1499 1551 suavi-

159 1574 218 1608 tas
250 1574 289 1607 et
320 1570 515 1619 opprimat
546 1570 619 1607 ista
651 1570 876 1607 necessitas.

696 1693 848 1736 CAPUT
879 1695 970 1736 XX.

242 1770 357 1815 Quod
387 1770 492 1807 cives
523 1772 757 1807 sanctorum
790 1770 830 1806 in
864 1771 968 1807 vilae
999 1770 1118 1807 huius
1150 1774 1325 1818 tempore
1355 1783 1424 1820 spe

715 1828 824 1865 beate·
859 1829 947 1865 sint.

279 1896 403 1941 Quam
429 1896 478 1934 ob
506 1908 589 1934 rem
621 1908 817 1934 summum
851 1896 996 1935 honum
1030 1898 1195 1935 civitatis
1227 1897 1297 1936 Dei
1330 1910 1419 1937 cum
1451 1900 1502 1938 sit

159 1968 232 2006 pax
259 1960 417 1994 aeterna
443 1960 559 2005 atque
585 1955 771 2006 perfecta,
804 1967 881 1993 non
907 1967 979 2006 per
1011 1967 1127 2006 quam
1160 1956 1344 1995 mortales
1376 1962 1500 1996 trans-

255 2046 290 2087 ss)
319 2044 356 2079 c,
383 2049 414 2079 ss.
466 2046 501 2087 8)
531 2048 559 2077 1.
586 2043 678 2079 Tim.
707 2048 739 2087 3,
767 2048 797 2079 1.

258 2154 273 2182 1
303 2160 346 2183 ne
374 2149 481 2183 alteri
507 2149 692 2183 RAParr.
714 2150 849 2193 plerr.;
875 2150 1001 2184 teneat
1028 2151 1064 2184 et
1090 2150 1199 2185 alteri
1225 2161 1298 2185 non
1322 2162 1342 2185 v
1362 2152 1373 2195 ΙΙ
1395 2155 1436 2185 12
1463 2155 1503 2186 ut

161 2197 280 2230 editur
312 2195 440 2238 RAL;
480 2193 540 2230 ἐπὶ
575 2196 711 2240 quippe
747 2207 872 2240 super,
907 2194 1044 2236 σκοπὸς
1070 2208 1156 2231 vero
1181 2197 1340 2232 intentio
1367 2199 1422 2232 est
1445 2209 1466 2232 υ
1493 2199 1505 2242 ΙΙ

164 2248 205 2276 15
233 2253 254 2275 a
279 2254 298 2276 'v
