1611 2465
67 705 109 735 10

66 999 108 1029 15

66 1293 110 1324 20

65 1586 110 1617 25

67 1937 111 1968 30

132 68 216 109 23ss
672 76 698 101 s.
719 75 940 102 AUGUS'HN]

131 167 199 217 qui
224 172 363 217 putant
389 178 468 204 non
496 164 543 203 ab
570 177 616 202 eo
644 165 779 216 factos,
812 166 887 202 nisi
914 167 980 215 qui
1011 171 1312 216 praenotantur:
1346 167 1478 216 Ipsius

131 226 287 271 David;
325 226 393 275 qui
430 236 521 262 vero
560 223 705 261 habent
741 224 783 261 in
822 223 963 262 titulis:
1005 225 1090 274 Ipsi
1120 226 1271 272 David,
1314 224 1360 263 ab
1393 225 1477 263 aliis

131 284 255 322 factos
283 295 472 334 personae
500 283 624 333 ipsius
651 282 772 320 fuisse
806 288 1016 333 coaptatos.
1080 281 1185 328 Quae
1218 285 1350 334 opinio
1382 296 1477 322 voce

133 342 354 393 evangelica
396 341 606 379 Salvatoris
644 342 768 392 ipsius
801 341 1015 393 refutatur,
1054 341 1122 380 uhi
1153 344 1223 394 ait,
1256 343 1360 393 quod
1392 344 1478 393 ipse

134 401 253 439 David
292 403 332 439 in
371 402 513 451 spiritu
552 399 752 438 Christum
790 400 934 438 dixerit
971 412 1057 439 esse
1097 400 1302 440 Dominum
1346 413 1479 453 suum3

134 461 318 511 quoniam
338 459 511 510 psalmus
537 460 803 497 centensimus
825 471 953 497 nonus
980 461 1035 498 sic
1066 461 1220 511 incipit:
1253 461 1370 498 Biaeit
1400 461 1478 499 Do—

132 521 262 557 minus
301 519 470 557 Domino
508 529 612 557 meo:
651 518 754 556 Sede
786 530 811 556 a
844 520 1000 557 dextris
1032 521 1143 566 meis,
1177 520 1303 558 donec
1329 531 1479 568 ponam

134 579 315 616 &amicos
354 583 442 616 tuos
479 578 696 616 scabellum
727 579 878 626 pedum
917 583 1085 615 tuorum.
1148 577 1198 616 Et
1236 584 1342 616 certe
1375 577 1479 616 idem

132 636 306 687 psalmus
351 648 430 674 non
474 635 590 674 habet
633 637 674 674 in
720 635 853 673 titulo:
898 637 1030 684 Ipse'us
1071 637 1220 685 David,
1266 636 1352 675 sed:
1398 637 1483 686 Ipsi

137 696 291 743 David,
336 696 438 734 sicut
482 695 652 746 plurimi.
725 694 818 732 Mihi
860 701 990 733 autem
1031 694 1257 733 credibilius
1297 694 1480 734 videntur

134 756 377 805 existimare,
418 755 485 804 qui
517 765 653 791 omnes
685 752 772 791 illos
804 759 962 792 centum
996 759 1034 792 et
1067 755 1348 805 quinquaginta
1379 754 1479 805 psal-

135 825 220 852 mos
246 815 331 851 eius
358 814 469 863 operi
502 812 682 851 tribuunt
714 823 882 862 eumque
909 812 1059 862 aliquos
1086 819 1336 863 praenotasse
1365 814 1481 851 etiam

134 871 360 911 nominibus
400 871 565 909 aliorum
603 870 765 922 aliquid,
804 871 908 921 quod
942 871 987 909 ad
1021 884 1105 910 rem
1137 873 1352 924 pertineat,
1384 872 1479 922 figu—

135 930 332 982 rantibus,
370 936 524 969 ceteros
562 935 692 968 autem
731 929 876 968 nullius
908 929 1077 968 hominis
1109 942 1252 969 nomen
1284 932 1325 969 in
1355 930 1481 969 titulis

135 989 279 1028 habere
320 989 511 1041 voluisse,
555 990 656 1027 sicut
700 989 735 1026 ei
776 990 973 1027 varietatis
1013 989 1131 1028 huius
1172 989 1481 1041 dispositionem,

136 1050 311 1099 quamvis
342 1047 594 1098 latebrosam,
634 1059 712 1085 non
745 1052 875 1085 tamen
906 1049 1062 1086 inanem
1094 1047 1283 1086 Dominus
1314 1050 1479 1100 inspira-

135 1109 200 1145 vit.
262 1107 343 1145 Nec
387 1118 544 1144 movere
589 1105 705 1144 debet
749 1106 795 1143 ad
839 1106 913 1145 hoc
957 1118 1035 1144 non
1080 1107 1337 1159 credendum,
1376 1106 1479 1158 quod

137 1165 416 1204 nonnullorum
455 1166 612 1203 nomina
649 1164 951 1216 prophetarum,
990 1167 1056 1216 qui
1094 1165 1208 1216 longe
1240 1172 1329 1217 post
1361 1165 1480 1204 David

136 1226 240 1275 regis
286 1230 462 1275 tempora
507 1224 684 1274 fuerunt,
730 1223 961 1273 quibusdam
1006 1224 1165 1274 psalmis
1206 1226 1246 1262 in
1290 1237 1336 1262 eo
1380 1218 1515 1263 libro*

137 1283 322 1334 leguntur
357 1284 545 1333 inscripta
578 1288 617 1320 et
650 1294 748 1332 quae
788 1281 841 1320 ibi
881 1281 1066 1321 dicuntur
1099 1283 1204 1321 velut
1235 1282 1282 1321 ab
1315 1285 1371 1321 eis
1404 1283 1493 1321 dici'

136 1342 329 1380 videntur.
398 1341 534 1391 Neque
583 1342 687 1379 enim
730 1353 808 1378 non
849 1343 977 1391 potuit
1020 1341 1275 1392 propheticus
1317 1343 1480 1393 spiritus

136 1400 387 1451 prophetanti
428 1401 511 1450 regi
553 1399 671 1438 David
712 1398 807 1437 haec
849 1401 965 1438 etiam
1009 1401 1233 1439 futurorum
1271 1400 1479 1452 propheta-

137 1471 225 1497 rum
267 1460 423 1497 nomina
462 1458 655 1510 revelare,
698 1464 742 1496 ut
780 1458 945 1510 aliquid,
984 1459 1086 1509 quod
1120 1471 1257 1498 eorum
1288 1471 1479 1510 personae

137 1519 382 1568 conveniret,
422 1517 650 1568 prophetice
690 1523 935 1569 cantaretur3
974 1519 1076 1556 sicut
1113 1530 1183 1556 rex
1215 1518 1335 1556 losias
1367 1530 1479 1556 exor-

137 1583 251 1615 turus
290 1582 328 1614 et
365 1582 602 1626 regnaturus
640 1582 730 1627 post
767 1588 889 1614 annos
928 1576 1093 1627 amplius
1133 1589 1247 1627 quam
1280 1583 1480 1615 trecentos

137 1635 291 1674 cuidam
329 1635 562 1686 prophetae,
600 1637 667 1685 qui
705 1636 822 1672 etiam
863 1635 963 1673 facta
995 1637 1080 1674 eius
1113 1636 1245 1674 futura
1275 1635 1480 1687 praedixit,

137 1706 227 1733 cum
259 1705 330 1732 suo
364 1695 520 1732 nomine
552 1693 747 1732 revelatus
780 1699 850 1732 est.

671 1795 828 1837 CAPUT
854 1796 947 1837 XV.

137 1873 198 1908 An
232 1872 382 1916 omnia,
422 1880 526 1917 quae
566 1871 604 1906 2'71
641 1871 806 1917 psalmis
845 1870 894 1907 de
930 1870 1086 1907 Christo
1118 1874 1157 1908 et
1187 1871 1357 1908 ecclesia
1383 1880 1478 1918 pro-

163 1930 405 1977 phetantur,
439 1928 495 1965 ad
525 1932 754 1965 contextum
786 1928 905 1965 leuius
937 1929 1068 1976 operis
1100 1928 1329 1966 adhibenda
1361 1930 1449 1966 sint.

256 2010 369 2048 Nunc
410 2011 485 2047 iam
527 2009 727 2059 expectari
766 2020 785 2045 a
823 2020 883 2046 me
927 2008 1055 2060 video,
1095 2014 1136 2046 ut
1169 2009 1241 2046 hoc
1274 2009 1358 2047 loco
1391 2008 1480 2047 libri

137 2068 255 2107 huius
300 2069 470 2119 aperiam
513 2067 605 2118 quid
649 2068 689 2105 in
732 2066 891 2117 psalmis
938 2066 1055 2105 David
1097 2067 1145 2105 de
1186 2067 1349 2106 Domino
1391 2067 1480 2106 Iesu

234 2148 267 2189 5),
295 2146 357 2180 Mt.
386 2150 441 2189 22,
469 2150 524 2180 43.
576 2147 634 2188 20)
661 2145 717 2178 Ps.
749 2149 813 2179 145
841 2156 918 2188 sqq.
970 2147 1028 2189 27)
1057 2150 1086 2179 1.
1112 2145 1202 2189 Reg.
1231 2149 1284 2182 13.

233 2255 276 2285 30
304 2250 513 2285 adhibenda
539 2250 595 2292 F‚-
621 2250 830 2294 coaptanda
855 2261 875 2284 v
