1548 2562
414 149 465 174 DE
485 148 672 174 CIVITATE
692 149 761 173 DEI
780 148 813 173 L.
833 149 932 173 xxn.
953 148 980 174 c.
1001 150 1043 174 20.
1316 140 1395 181 601

69 244 293 276 nostrorum
344 243 563 288 temporum
620 237 786 275 infelicia
843 238 1106 288 experimenta
1165 237 1400 277 docuerunt:

69 308 162 334 num
196 297 400 346 quisquam
427 296 595 333 veridica
628 297 777 334 ratione
809 295 1018 334 contendet
1050 301 1174 334 toturn
1207 295 1400 347 digestum

69 354 188 392 fuisse
221 366 291 405 per
323 355 421 391 imos
453 359 621 401 meatus,
654 353 748 391 nihil
779 353 868 391 inde
901 355 939 391 in
974 356 1057 392 eius
1090 366 1245 392 carnem
1278 360 1399 393 muta-

68 417 150 450 tum
183 417 298 462 atque
325 424 568 463 conversum,
600 423 688 450 cum
720 413 801 462 ipsa
833 413 988 463 macies,
1021 424 1116 462 quae
1150 413 1222 451 suit
1254 419 1291 451 et
1322 425 1400 451 non

70 476 140 521 est,
172 472 264 508 satis
291 470 436 508 indicet
462 482 558 520 quae
586 469 660 508 illis
687 471 786 508 escis
819 470 1050 508 detrimenta
1083 471 1259 522 suppleta
1292 469 1399 509 siut?
1426 480 1444 510 5

68 528 147 566 Iam
191 530 320 579 itaque
367 528 490 578 aliqua
530 528 644 578 paulo
682 534 769 566 ante
807 530 1011 580 praemisi,
1056 541 1152 579 quae
1194 529 1239 567 ad
1281 531 1399 568 istum

69 598 223 637 quoque
275 586 418 624 nodum
471 586 696 624 solvendum
747 586 873 624 valere
925 586 1134 625 debebunt.
1204 587 1399 638 Quidquid

69 646 171 682 enim
199 645 373 682 carnium
402 643 580 682 exhausit
611 644 742 692 sameS,
776 646 909 694 utique
942 646 981 682 in
1014 657 1127 683 auras
1160 652 1219 684 est
1251 645 1399 684 exhala-

67 709 168 754 tum,
206 703 308 740 unde
348 702 515 740 diximus
555 704 859 753 omnipotentem
892 702 1014 741 Deum
1052 716 1166 754 posse
1206 716 1400 755 revocare,

68 760 169 811 quod
203 761 312 811 fugit.
372 760 572 799 Reddetur
604 773 696 811 ergo
729 773 818 799 earo
850 760 911 799 illa
943 761 1102 813 homini,
1134 763 1171 799 in
1206 774 1282 812 quo
1315 774 1400 800 esse
1428 772 1468 801 10

68 831 157 857 caro
190 818 355 857 humana
382 820 562 870 primitus
590 820 728 869 coepit.
789 818 845 856 Ab
878 819 942 857 illo
976 821 1118 870 quippe
1152 820 1273 858 altero
1307 826 1399 858 tam-

68 889 182 928 quam
220 883 356 915 mutuo
396 882 548 928 sumpta
582 876 800 927 deputanda
834 882 912 928 est;
951 890 1048 928 quae
1082 879 1183 916 sicut
1215 891 1279 916 aes
1312 878 1400 916 alie-

67 947 160 973 num
193 936 228 973 ei
261 935 498 973 redhibenda
532 941 607 986 est,
649 935 751 973 unde
785 940 936 986 sumpta
970 941 1041 974 est.
1104 935 1180 974 Sua
1213 949 1304 974 vero
1336 936 1401 988 illi,

68 1005 182 1044 quem
216 994 336 1031 fames
370 995 621 1045 exinanierat,
654 993 699 1030 ab
733 1005 789 1045 eo,
822 995 887 1044 qui
919 999 1048 1044 potest
1081 996 1195 1032 etiarn
1229 995 1400 1032 exhalata

66 1064 261 1102 revocare,
293 1051 490 1090 reddetur.
554 1051 735 1096 Quamvis
768 1053 841 1089 etsi
872 1052 1052 1089 omnibus
1078 1054 1246 1102 perisset
1278 1053 1401 1091 modis
1430 1063 1470 1092 15

67 1122 139 1148 nec
171 1109 247 1148 ulla
281 1111 365 1148 eius
398 1111 579 1148 materies
618 1111 657 1147 in
690 1109 776 1147 ullis
809 1115 969 1148 naturae
1002 1110 1161 1148 latebris
1194 1113 1400 1149 remansis-

68 1173 138 1219 set,
170 1168 272 1206 unde
301 1167 425 1218 vellet,
458 1180 541 1206 eam
574 1172 775 1218 repararet
801 1167 1069 1218 Omnipotens.
1133 1168 1206 1206 Sed
1240 1175 1402 1220 propter

68 1228 298 1264 sententiam
343 1225 548 1277 Veritatis,
593 1238 667 1276 qua
712 1226 857 1263 dictum
909 1232 985 1265 est:
1041 1227 1214 1275 Capillus
1259 1230 1403 1276 capitis

68 1286 191 1322 vestri
221 1295 298 1322 non
326 1285 486 1335 peribit,
519 1283 731 1321 absurdum
764 1289 834 1335 est,
865 1289 908 1322 ut
939 1290 1133 1335 putemus,
1166 1297 1253 1322 cum
1287 1285 1401 1336 capil-

66 1341 126 1380 lus
153 1341 320 1380 hominis
346 1343 475 1392 perire
503 1353 578 1379 non
605 1342 739 1393 possit,
770 1347 896 1379 tantas
923 1354 1059 1380 carnes
1092 1344 1190 1380 same
1224 1342 1402 1393 depastas
1428 1354 1471 1383 20

67 1405 182 1450 atque
216 1404 465 1450 consumptas
497 1401 625 1450 perire
658 1401 844 1450 potuisse.

185 1457 334 1502 Quibus
372 1457 552 1496 omnibus
592 1469 664 1508 pro
703 1463 837 1495 nostro
870 1458 1026 1496 modulo
1060 1459 1315 1497 consideratis
1347 1466 1401 1498 at-

68 1528 142 1566 que
183 1517 357 1554 tractatis
394 1515 489 1553 haec
523 1527 671 1553 summa
704 1516 925 1568 conficitur,
964 1522 1008 1555 ut
1038 1518 1075 1554 in
1110 1519 1401 1555 resurreetione

68 1575 196 1612 carnis
222 1575 262 1611 in
289 1579 490 1612 aeternum
518 1586 582 1611 eas
609 1586 812 1611 mensuras
844 1573 982 1612 habeat
1016 1587 1224 1625 corporum
1258 1577 1402 1625 magni-

67 1632 178 1684 tudo,
218 1644 312 1682 quas
353 1631 519 1670 habebat
558 1632 816 1683 perficiendae
856 1633 934 1670 sive
973 1634 1168 1683 perfectae
1211 1635 1399 1684 cuiusque
1427 1643 1470 1674 25

66 1690 188 1728 indita
215 1691 370 1741 corpori
397 1691 495 1728 ratio
522 1691 746 1741 iuventutis,
779 1691 817 1728 in
845 1690 1110 1729 membrorum
1138 1704 1293 1742 quoque
1321 1704 1399 1730 om-

67 1750 175 1786 nium
217 1747 383 1786 modulis
426 1760 598 1798 congruo
640 1748 780 1786 decore
823 1755 984 1787 servato
1048 1749 1157 1794 Quod
1201 1750 1320 1788 decus
1358 1756 1401 1788 ut

67 1812 263 1859 servetur,
296 1807 328 1843 si
360 1805 503 1856 aliquid
536 1805 734 1856 demptum
768 1807 885 1845 suerit
916 1807 1111 1846 indecenti
1144 1808 1257 1846 alicui
1289 1820 1400 1859 gran·

66 1864 175 1902 ditati
214 1866 253 1902 in
291 1870 400 1915 parte
439 1864 564 1914 aliqua
604 1866 855 1916 constitutae,
894 1865 995 1915 quod
1035 1878 1106 1916 per
1137 1871 1260 1904 totum
1295 1878 1399 1917 spar-

68 1927 192 1974 gatur,
223 1927 266 1960 ut
298 1934 424 1972 neque
457 1922 495 1960 id
535 1927 668 1973 pereat
700 1928 738 1960 et
770 1925 1021 1973 congruentia
1055 1925 1221 1974 partium
1255 1924 1399 1975 ubique
1427 1934 1470 1964 30

68 1986 265 2019 teneatur:
297 1992 374 2018 non
409 1985 467 2018 est.
499 1980 729 2032 absurdum,
761 1987 804 2019 ut
837 1981 977 2031 aliquid
1011 1982 1100 2019 inde
1134 1984 1247 2020 etiam
1282 1988 1400 2021 statu-

67 2050 131 2076 rae
166 2039 341 2089 corporis
367 2038 453 2076 addi
485 2050 599 2089 posse
633 2038 847 2091 credamus,
881 2052 967 2077 cum
1001 2040 1182 2078 omnibus
1213 2040 1401 2092 partibus,

66 2102 109 2134 ut
142 2097 322 2135 decorem
355 2097 592 2148 custodiant,
625 2097 661 2134 id
695 2097 955 2149 distribuitur,
989 2098 1089 2148 quod
1124 2100 1154 2136 si
1188 2100 1401 2137 enormiter

66 2155 105 2192 in
138 2166 213 2192 una
246 2160 366 2206 esset,
398 2156 533 2205 utique
566 2166 643 2192 non
677 2155 845 2193 deceret.
907 2157 982 2193 Aut
1015 2157 1045 2193 si
1080 2157 1328 2195 contenditur
1360 2159 1399 2195 in

161 2305 203 2336 10
228 2304 259 2335 et
287 2305 328 2335 15
354 2301 518 2336 redditur
543 2301 579 2336 R
