1611 2465
125 733 165 763 10

127 1950 145 1978 3
150 1950 169 1979 Ο

194 99 277 141 468
740 108 765 134 s.
786 107 1002 135 AUGUSTINI

193 211 349 250 quoque
382 198 545 250 apostoli
576 198 701 250 Petri,
739 197 805 236 ubi
843 209 941 249 aqua
979 198 1189 238 inundatus
1221 201 1289 251 qui
1320 206 1413 239 tunc
1447 207 1530 240 erat

192 259 341 309 perisse
375 257 500 296 dictus
534 262 591 295 est
618 255 798 304 mundus,
831 258 923 295 satis
956 256 1207 311 clarum-est,
1239 264 1277 296 et
1309 270 1406 309 quae
1439 270 1529 310 pars

192 316 327 355 mundi
360 328 380 354 a
411 321 492 354 toto
526 315 758 367 significata,
790 320 829 353 et
860 320 1052 366 quatenus
1084 317 1232 366 perisse
1265 318 1315 355 sit
1347 317 1459 370 dicta,
1491 324 1529 357 et

194 376 259 425 qui
293 374 388 412 caeli
420 374 583 425 repositi
620 375 700 424 igni
738 373 963 412 reservandi
999 375 1039 413 in
1072 374 1175 413 diem
1206 374 1340 414 iudicii
1372 381 1411 414 et
1441 388 1528 428 per·

194 432 350 471 ditionis
388 432 589 471 hominum
627 434 854 484 impi0rum3
898 438 937 471 et
983 434 1022 471 in
1062 444 1107 471 eo
1147 433 1249 484 quod
1288 433 1402 485 paulo
1440 440 1529 486 post

194 493 261 530 ait:
304 491 439 530 Veniet
470 493 553 530 dies
586 491 746 530 Domini
775 496 820 529 ut
846 490 936 539 fur,
968 493 1008 530 in
1041 503 1117 540 quo
1149 494 1255 531 caeli
1283 504 1427 541 maqno
1459 495 1527 532 im-

188 555 283 599 petu
316 554 616 596 transcurrent,
655 552 846 589 elementa
886 554 1016 589 autem
1049 551 1238 590 ardentia
1269 553 1529 604 resolventur,

193 614 231 648 et
255 613 369 648 terra
395 613 433 647 et
457 620 561 657 quae
587 610 627 648 in
655 611 741 657 ipsa
767 613 858 647 sum
884 620 1008 658 opera
1034 614 1260 648 exurentur
1267 623 1281 655 ;
1312 621 1357 648 ac
1389 609 1528 649 deinde

193 666 377 705 subiecit:
428 668 500 706 His
543 669 723 706 omnibus
762 668 1024 716 pereuntibus
1069 670 1206 716 quales
1250 673 1404 717 oportet
1447 681 1530 708 esse

193 727 286 764 vos?
317 731 483 777 possunt
507 725 563 763 illi
589 725 685 764 caeli
711 725 884 776 intellegi
915 727 1092 777 perituri,
1125 738 1221 776 quos
1254 726 1349 765 dixit
1381 729 1528 778 reposi—

192 790 253 823 tos
285 785 365 834 igni
396 785 671 836 reservandos,
712 790 750 822 et
783 796 827 822 ea
859 783 1050 823 elementa
1082 786 1205 835 accipi
1237 796 1390 837 arsura,
1429 797 1528 836 quae

192 844 231 881 in
276 842 346 881 hae
390 844 466 881 ima
509 842 645 882 mundi
687 848 797 894 parte
842 842 1061 881 subsistunt
1104 842 1321 894 procellosa
1365 848 1404 882 et
1447 850 1527 882 tur-

192 900 366 953 bulenta,
398 902 438 939 in
471 913 545 952 qua
578 901 735 940 eosdem
768 900 894 940 caelos
926 901 1021 940 dixit
1053 913 1138 940 esse
1170 903 1382 954 repositos,
1414 901 1528 941 salvis

191 959 267 997 illis
293 959 563 1011 superioribus
589 966 628 998 et
653 961 693 998 in
720 972 789 998 sua
815 961 1037 1010 integritate
1071 959 1329 1012 manentibus,
1361 962 1401 998 in
1434 973 1527 1011 quo-

194 1029 281 1056 rum
307 1019 550 1056 firmamento
577 1024 669 1057 sunt
695 1017 821 1057 sidera
849 1019 1069 1057 constituta.
1118 1018 1213 1056 Nam
1241 1024 1279 1057 et.
1303 1018 1398 1057 illud
1425 1018 1529 1069 quod

193 1078 383 1127 scriptum
416 1082 492 1128 est,
531 1076 661 1115 stellas
693 1077 739 1114 de
773 1076 878 1114 caelo
910 1088 995 1115 esse
1029 1088 1204 1129 casuras,
1236 1083 1392 1128 praeter
1426 1077 1529 1128 quod

193 1140 322 1185 potest
353 1134 474 1174 multo
500 1134 740 1186 probabilius
773 1141 812 1173 et
843 1134 954 1173 aliter
985 1135 1170 1186 intellegi,
1202 1137 1324 1186 magis
1356 1135 1527 1174 ostendit

193 1205 398 1232 mansuros
430 1205 516 1232 esse
558 1193 643 1231 illos
676 1193 819 1245 caelos,
857 1194 890 1231 si
921 1199 1050 1232 tamen
1082 1193 1212 1232 stellae
1245 1193 1334 1232 inde
1368 1205 1528 1232 casurae

194 1258 301 1303 sunt3
346 1263 435 1290 cum
474 1251 533 1290 vel
570 1253 719 1302 tropica
758 1253 807 1290 sit
844 1251 1006 1302 locutio,
1050 1252 1154 1302 quod
1192 1257 1251 1290 est
1292 1251 1528 1304 credibilius,

193 1309 252 1348 vel
282 1311 323 1348 in
348 1311 422 1348 isto
450 1312 526 1348 imo
553 1310 658 1348 caelo
692 1310 869 1348 futurum
901 1311 962 1361 sit,
995 1312 1129 1361 utique
1162 1309 1379 1349 mirabilius
1412 1323 1528 1362 quam

193 1380 297 1407 nune
328 1369 382 1406 fit.
444 1368 553 1406 Unde
585 1374 624 1407 et
655 1367 717 1406 illa
750 1368 859 1406 stella
891 1367 1106 1418 Vergiliana

309 1451 435 1489 facem
467 1451 610 1489 ducens
643 1452 768 1488 multa
800 1463 888 1489 eum
918 1451 1004 1489 luee
1036 1451 1224 1499 cucurrit,

193 1538 233 1571 et
269 1532 381 1570 idaea
419 1544 459 1570 se
498 1531 670 1570 condidit
708 1532 811 1571 silva.
873 1531 953 1570 Hoc
993 1537 1123 1570 autem
1165 1532 1268 1582 quod
1300 1532 1346 1571 de
1379 1533 1526 1584 psalmo

195 1592 511 1642 commemoravi,
549 1590 699 1629 nullum
737 1590 933 1629 caelorum
964 1589 1117 1628 videtur
1149 1590 1392 1643 relinquere,
1425 1592 1528 1643 quod

153 1658 163 1672 ⁷
195 1651 414 1699 periturum
456 1661 541 1687 esse
581 1661 659 1687 non
704 1649 856 1687 dixerit.
926 1648 999 1686 Ubi
1040 1649 1144 1687 enim
1187 1648 1346 1688 dicitur:
1397 1651 1528 1700 Opera

194 1719 382 1747 manuum
417 1713 578 1746 tuarum
610 1713 701 1746 sunt
733 1709 852 1755 caeli,
891 1709 967 1756 ipsi
991 1708 1199 1756 peribunt,
1234 1720 1347 1758 quam
1379 1708 1528 1748 nullum

196 1778 332 1804 eorum
363 1765 410 1804 ab
443 1778 561 1816 opere
594 1765 674 1818 Dei,
707 1771 783 1804 tam
816 1765 966 1804 nullum
999 1777 1135 1803 eorum
1167 1777 1187 1804 a
1218 1766 1436 1817 perditione
1469 1780 1526 1807 se-

196 1826 382 1863 cernitur.
444 1823 529 1862 Non
558 1825 672 1862 enim
710 1822 973 1874 dignabuntur
1011 1823 1057 1861 de
1090 1823 1196 1862 Petri
1229 1825 1390 1875 apostoli
1422 1825 1527 1865 locu·

196 1884 321 1934 tione,
360 1894 476 1933 quem
513 1882 764 1920 vehementer
796 1882 981 1933 oderunt,
1019 1880 1286 1921 Hebraeorum
1319 1882 1527 1923 defendere

195 1942 390 1993 pietatem,
423 1941 586 1979 deorum
618 1952 778 1979 suorum
812 1939 979 1978 oraculis
1012 1939 1274 1992 adprobatam,
1306 1947 1349 1980 ut
1381 1941 1527 1994 saltem,
1573 1962 1582 1966 -

196 2011 245 2037 ne
277 2005 384 2038 totus
415 1999 584 2038 mundus
610 2000 810 2050 periturus
843 2010 927 2036 esse
961 1997 1153 2045 credatur,
1186 2000 1241 2037 sie
1273 2010 1294 2036 a
1326 2005 1405 2039 toto
1438 2013 1527 2052 pars

291 2101 325 2142 2)
344 2104 382 2133 ,2.
410 2100 504 2133 Petr.
532 2103 571 2143 3,
605 2104 635 2134 6.
689 2100 745 2143 10)
777 2103 808 2133 2.
835 2098 931 2132 Petr.
958 2103 997 2140 3,
1031 2102 1072 2132 10
1099 2110 1151 2142 sq.
1204 2102 1259 2142 16)
1286 2099 1350 2135 Mt.
1378 2105 1439 2143 24,
1472 2105 1526 2137 29.

197 2149 254 2187 22)
281 2145 388 2190 Verg.
416 2147 504 2180 Aen.
532 2150 563 2190 2,
591 2149 668 2181 694.

290 2277 331 2308 21
361 2273 468 2308 stella
493 2284 593 2318 uerg.
620 2284 689 2309 mss
698 2286 712 2317 ‚·
737 2273 837 2319 Virg.
864 2273 971 2308 stella
996 2284 1015 2308 υ
1033 2274 1046 2318 Η
1065 2277 1107 2309 29
1135 2284 1245 2317 quam
1270 2274 1325 2316 A,-
1349 2286 1482 2318 quaem
1506 2285 1528 2320 9
