1548 2562
425 135 477 160 DE
497 135 686 161 CIVITATE
705 136 774 161 DEI
794 137 826 160 L.
846 136 910 161 XX.
931 136 958 161 C.
980 137 1021 161 27.
1042 137 1082 161 28.
1331 126 1415 167 477

84 235 215 272 yenae
258 228 296 263 et
336 226 533 271 universi,
577 226 647 272 qui
678 223 841 272 faciunt
877 226 1142 272 iniquitatem,
1179 226 1342 273 stipula,
1382 230 1419 263 et

86 283 303 321 succendet
333 294 398 321 eos
429 284 513 321 dies
544 284 713 329 veniens,
746 284 845 321 dicit
875 283 1066 323 Dominus
1097 284 1349 331 omnipotens,
1382 287 1419 321 et

87 352 164 380 non
203 343 450 388 relinquetur
488 342 529 379 iii
567 342 623 380 eis
661 342 944 389 radixueque
974 353 1122 380 ramus.
1184 341 1235 379 Et
1265 343 1419 380 orietur

87 400 212 445 vobis,
249 401 318 446 qui
356 401 498 437 timetis
529 410 669 438 nomen
700 409 844 446 meum,
881 401 941 438 sol
971 401 1165 447 iustitiae,
1198 404 1236 438 et
1265 401 1419 437 sanitas

87 459 128 495 in
160 459 296 506 pinnis
333 458 434 504 eius,
472 462 510 496 et
535 458 796 505 eyrediemim'
832 462 870 496 et
905 459 1054 496 salietis
1092 460 1197 496 sieut
1226 459 1340 495 vituli
1370 459 1419 495 de
1445 464 1463 494 5

87 517 255 554 vinculis
286 517 467 554 relaxati
471 529 486 561 ;
517 520 554 554 et
586 517 872 554 conculcabitis
904 518 1075 564 iniquo-3,
1106 521 1145 555 et
1169 520 1286 554 erunt
1318 517 1418 554 einis

86 574 158 612 sub
173 574 344 623 pedibus
363 576 513 620 vestris,
535 575 633 612 dicit
652 574 842 612 Dominus
861 576 1114 622 omnipotens.
1152 573 1255 612 Haec
1276 574 1417 612 distan-

87 633 139 669 tia
177 633 439 682 praemiorum
476 636 591 682 atque
629 643 844 682 poenarum
881 633 1004 670 iustos
1050 632 1236 670 dirimens
1275 631 1321 670 ab
1362 633 1417 670 in-

87 691 223 741 iustis,
267 701 364 739 quae
408 689 480 728 sub
524 691 598 728 isto
641 690 719 728 sole
760 692 799 728 in
843 689 960 728 huius
998 691 1096 728 vitae
1135 692 1301 728 vanitate
1341 702 1417 728 non

87 749 282 799 cernitur,
327 747 480 798 quando
526 747 597 786 sub
641 748 705 786 illo
750 748 829 786 sole
875 749 1044 787 iustitiae
1089 750 1128 786 in
1173 748 1274 786 illius
1319 749 1417 786 vitae
1446 756 1486 785 10

88 806 396 844 manifestatione
430 805 609 858 clarebit,
649 812 742 845 tune
774 807 949 858 profecto
983 808 1055 845 erit
1087 807 1273 845 iudicium
1307 806 1417 856 quale

88 876 298 915 numquam
330 864 413 903 fuit.

569 988 720 1031 CAPUT
748 990 943 1030 XXVIII.

93 1076 148 1113 De
173 1077 259 1122 leqe
284 1074 418 1123 Moysi
440 1076 678 1123 spiritaliter
710 1076 986 1121 intelleqenda,
1019 1086 1068 1112 ize
1099 1076 1140 1112 in
1173 1075 1419 1112 damnabilia

345 1144 552 1170 murmura
584 1134 763 1171 earnalis
793 1144 931 1171 sensus
964 1134 1160 1170 incurras.

207 1213 318 1259 Quod
345 1225 436 1252 vero
463 1212 663 1264 subiungit
688 1213 791 1251 idem
817 1213 1023 1264 propheta:
1057 1214 1293 1252 Mementote
1324 1215 1421 1260 leyis

89 1274 223 1322 Moysi
245 1274 354 1311 servi
375 1274 462 1319 mei,
494 1283 612 1319 quam
638 1273 828 1310 mandavi
859 1274 897 1310 ei
927 1274 968 1310 iu
999 1273 1152 1310 Choreb
1186 1273 1242 1309 ad
1271 1282 1421 1310 omnem

90 1332 236 1377 Israel,
274 1335 481 1381 praecepta
519 1335 556 1368 et
595 1329 737 1369 iudicia
776 1336 995 1381 opportuno
1027 1334 1303 1368 commemorat
1334 1334 1422 1379 post

90 1389 327 1427 declaratum
359 1388 536 1426 futurum
566 1393 644 1426 tam
676 1400 858 1439 magnum
890 1390 992 1426 inter
1024 1387 1294 1426 observatores
1326 1387 1421 1437 legis

90 1452 456 1497 contemptoresque
489 1446 715 1498 discrimen3
747 1446 861 1484 simul
893 1448 1009 1485 etiam
1042 1452 1084 1484 ut
1115 1446 1264 1484 discant
1296 1445 1420 1496 legem

91 1504 316 1556 spiritaliter
356 1504 579 1555 intellegere
619 1510 657 1543 et
694 1506 891 1543 inveniant
928 1506 967 1542 in
1006 1517 1049 1542 ea
1091 1504 1308 1555 Christum,
1351 1516 1422 1554 per

91 1575 207 1614 quem
232 1562 400 1601 iudicem
427 1562 600 1601 facienda
632 1568 691 1601 est
721 1564 824 1601 inter
855 1562 978 1601 bonos
1011 1569 1049 1600 et
1080 1562 1199 1601 malos
1231 1564 1315 1613 ipsa
1346 1561 1420 1600 dis-

91 1623 224 1660 cretio.
285 1620 370 1659 Non
409 1622 511 1659 enim
549 1621 694 1660 frustra
731 1621 832 1660 idem
864 1620 1052 1659 Dominus
1084 1622 1135 1659 ait
1167 1620 1336 1659 Indaeis:
1378 1620 1425 1658 Si

91 1681 311 1719 crederetis
354 1679 501 1728 Moysi,
546 1681 765 1718 crederetis
803 1685 841 1718 et
878 1681 996 1725 milii;
1035 1681 1084 1718 de
1120 1690 1180 1718 me
1218 1681 1320 1717 euim
1359 1681 1423 1717 ille

1452 1139 1489 1168 [5

1448 1453 1490 1483 ²30

90 1740 262 1787 scripsit.
324 1736 538 1775 Carnaliter
564 1739 707 1788 quippe
734 1738 958 1789 accipiendo
991 1738 1115 1788 legem
1148 1743 1186 1775 et
1218 1739 1301 1775 eius
1333 1748 1421 1788 pro·
1449 1745 1491 1775 ‘25

91 1798 208 1834 missa
234 1803 391 1834 terrena
416 1807 549 1833 rerum
582 1795 807 1834 caelestium
839 1797 982 1846 figuras
1013 1808 1099 1834 esse
1131 1797 1351 1834 nescientes
1383 1796 1423 1833 in

92 1854 155 1892 illa
187 1865 387 1892 murmura
419 1861 678 1905 conruerunt,
718 1859 761 1892 ut
793 1854 922 1892 dicere
955 1854 1161 1893 auderent:
1204 1854 1335 1892 Vanus
1367 1858 1423 1892 est

91 1915 162 1960 qui
190 1914 312 1951 servit
343 1913 437 1959 Deo,
470 1916 507 1951 et
537 1914 636 1960 quid
665 1915 843 1961 amplius,
874 1915 969 1961 quia
1002 1914 1282 1951 custodivimus
1313 1923 1421 1950 man-

93 1972 189 2009 data
233 1973 318 2010 eius
360 1976 397 2009 el
442 1973 537 2018 quia
578 1972 863 2009 ambulavimus
905 1973 1101 2020 supplices
1145 1975 1237 2009 ante
1273 1969 1422 2018 faciem

93 2029 254 2067 Domini
277 2030 577 2077 omnipotentis?
639 2029 691 2066 Et
721 2041 827 2068 nune
858 2042 928 2068 nos
961 2031 1094 2068 beatos
1127 2030 1295 2066 dicimus
1328 2031 1420 2066 alie-
1448 2038 1491 2066 30

93 2098 174 2134 nos,
207 2092 244 2125 et
275 2088 544 2133 aedificantur
576 2098 707 2125 omnes
738 2090 808 2135 qui
833 2087 995 2135 faciunt
1027 2089 1283 2134 iniquitatem.
1331 2086 1421 2131 Qui-

92 2143 165 2183 bus
198 2156 332 2183 eorum
368 2143 496 2182 verbis
532 2144 697 2194 quodam
732 2145 844 2183 modo
879 2145 1068 2196 propheta
1104 2144 1326 2195 compulsus
1364 2150 1424 2183 est

188 2246 221 2288 7)
246 2244 332 2278 Mal.
358 2249 391 2288 3,
420 2249 460 2279 17
482 2256 553 2288 sq.;
579 2249 612 2288 4,
641 2249 657 2279 1
681 2257 757 2289 sqq.
810 2248 865 2289 18)
891 2246 942 2280 Ilo.
965 2251 995 2280 4.
1047 2247 1105 2289 25)
1133 2247 1181 2280 Io.
1204 2248 1234 2288 5,
1256 2249 1311 2280 46.
1363 2248 1421 2288 31)

93 2290 178 2325 Mal.
205 2295 237 2334 3,
264 2295 307 2324 14
333 2302 384 2335 sq.
