1611 2465
78 738 120 769 10

79 1030 120 1060 15

79 1323 121 1353 20

79 1932 122 1961 30

147 106 232 146 550
681 114 707 138 3.
727 113 946 139 AUGUSTm

264 203 322 242 llli
361 208 508 253 autem,
547 203 613 252 qui
650 203 896 252 recipiuntur
934 214 954 240 a
993 201 1133 241 talibus
1165 203 1205 240 in
1237 201 1486 242 tabernacula

147 268 322 314 aeterna,
362 260 560 299 fatendum
599 265 659 298 est
700 260 802 310 quod
842 272 920 298 11011
958 261 1037 299 31111
1076 260 1135 299 1113
1168 260 1343 300 moribus
1374 273 1484 313 prae-

146 321 236 373 diti,
268 325 311 358 ut
344 321 399 357 cis
430 318 640 357 liberandis
673 320 757 356 sine
790 319 973 369 suffragio
1006 325 1231 358 sanctorum
1262 331 1332 358 sua
1362 321 1487 371 possit

146 381 220 418 vita
250 379 443 429 sufficere,
476 389 518 415 ac
544 389 615 428 per
640 376 714 415 hoc
747 376 868 416 multo
901 376 1065 428 amplius
1096 379 1136 415 in
1169 379 1225 416 eis
1258 378 1484 429 superexul-

146 443 201 477 tat
243 435 509 475 misericordia
552 435 707 474 iudicio
769 435 848 474 Nec
893 441 1023 474 tamen
1064 435 1151 474 ideo
1189 436 1384 487 putandus
1427 442 1486 475 est

147 498 351 547 quisquam
397 494 743 545 sceleratissimus,
781 506 1026 545 nequaquam
1067 496 1143 533 vita
1187 494 1246 533 vel
1285 494 1386 533 bona
1426 494 1487 533 vel

146 553 408 593 tolerabiliore
442 558 630 604 mutatus,
669 554 791 603 recipi
822 554 861 591 in
894 552 1144 591 tabernacula
1175 558 1351 605 aeterna,
1390 565 1484 604 quo-

146 615 249 651 niam
287 611 500 650 obsecutus
542 616 602 649 est
643 613 787 649 sanctis
826 611 872 649 de
911 623 1129 650 mammona
1169 612 1404 664 iniquitatis,
1448 611 1486 650 id

146 677 206 710 est
238 670 284 709 de
317 671 483 721 pecunia
515 669 575 707 vel
607 669 769 721 divitiis,
811 681 907 720 quae
941 669 1038 708 male
1071 670 1227 708 fuerant
1259 669 1486 723 adquisitae,

146 735 212 768 aut
252 730 402 767 etiamsi
442 728 542 766 110110
555 759 565 780 ,
610 739 687 766 non
729 734 858 766 tamen
896 729 1015 780 veris,
1060 727 1128 767 sed
1167 740 1262 779 quas
1301 730 1486 779 iniquitas

146 794 255 839 putat
285 799 371 826 esse
398 787 561 838 divitias,
588 787 770 837 quoniam
797 787 922 825 nescit
949 798 1046 837 quae
1073 788 1152 825 sint
1177 799 1290 826 verae
1318 786 1485 839 divitiae,

147 846 289 897 quibus
321 845 376 884 illi
408 844 672 897 abundabant,
711 846 776 895 qui
810 850 847 883 et
879 844 974 883 alios
1006 846 1201 896 recipiunt
1236 846 1276 883 in
1308 845 1485 884 taberna-

147 905 232 944 cula
274 909 442 943 aeterna.
503 903 573 942 Est
615 905 745 954 itaque
788 903 943 954 quidam
980 905 1079 942 vitae
1118 903 1257 942 modus
1294 915 1367 943 nec
1407 909 1485 943 tam

148 963 280 1015 malae,
312 962 441 1001 uthis
468 963 535 1012 qui
560 974 644 1000 eam
676 963 809 1000 vivunt
842 962 936 1000 1111111
967 963 1092 1013 prosit
1124 962 1170 1001 ad
1203 961 1487 1013 capessendum

147 1033 313 1072 regnum
339 1020 534 1059 caelorum
562 1020 718 1071 largitas
751 1020 1072 1072 elemosynarum,
1106 1020 1248 1072 quibus
1282 1022 1398 1059 etiam
1429 1023 1485 1059 iu·

148 1086 299 1119 storum
332 1084 574 1118 sustentatur
612 1080 741 1129 inopia
780 1084 817 1116 et
854 1079 953 1117 fiunt
991 1080 1104 1117 amici
1136 1081 1203 1130 qui
1235 1081 1274 1117 in
1308 1078 1485 1118 taberna-

149 1138 234 1177 cula
278 1143 435 1176 aeterna
479 1138 710 1188 suscipiant,
752 1149 823 1175 nec
868 1143 945 1175 tam
983 1136 1127 1189 bonae,
1172 1143 1214 1176 ut
1252 1136 1298 1175 ad
1339 1143 1485 1176 tantam

148 1196 429 1235 beatitudinem
470 1195 756 1246 adipiscendam
799 1196 854 1233 eis
895 1196 977 1246 ipsa
1020 1196 1203 1243 sufficiat,
1241 1196 1317 1234 nisi
1350 1207 1486 1234 eorum

150 1256 311 1306 meritis,
345 1266 442 1304 quos
468 1255 612 1292 amicos
639 1254 815 1305 fecerint,
848 1253 1155 1292 misericordiam
1183 1260 1484 1305 consequantur.

149 1310 300 1365 (Mirari
333 1318 461 1351 autem
500 1312 605 1350 soleo
645 1313 760 1351 etiam
799 1311 898 1362 apud
932 1311 1143 1362 Vergilium
1175 1314 1341 1363 reperiri
1373 1314 1486 1351 istam

148 1372 302 1410 Domini
328 1372 572 1422 sententiam,
604 1370 671 1409 ubi
697 1372 765 1409 ait:
798 1372 937 1409 Facite
965 1372 1073 1410 vobis
1106 1373 1254 1410 amicos
1285 1372 1334 1410 de
1365 1382 1484 1410 mam-

149 1442 265 1469 mona
298 1431 532 1478 iniquitatis,
564 1434 608 1468 ut
639 1434 677 1468 et
708 1431 785 1478 ipsi
814 1431 1015 1478 recipiant
1047 1440 1111 1468 vos
1144 1431 1184 1468 in
1218 1430 1485 1468 tabernacula

149 1494 339 1533 aelerncoe
371 1489 435 1526 cui
467 1493 527 1526 est
558 1493 596 1526 et
627 1487 690 1525 illa
722 1487 932 1525 simillima:
972 1488 1048 1533 Oui
1077 1489 1223 1536 recipit
1248 1489 1486 1537 prophetam

150 1550 190 1586 2'72
230 1548 387 1586 nomine
419 1548 658 1595 prophetae,
703 1547 925 1585 mercedem
958 1547 1180 1594 prophetae
1217 1548 1411 1595 accepiet,-
1449 1550 1487 1584 et

80 1616 91 1629 ³
149 1608 219 1655 qui
255 1607 402 1654 recipit
439 1607 582 1643 iustum
622 1607 661 1643 in
702 1606 858 1643 nomine
891 1605 1000 1651 iusti,
1039 1606 1260 1643 mercedem
1293 1606 1389 1643 iusti
1418 1616 1484 1643 ac·-

150 1666 280 1714 cipiet.
343 1662 438 1701 Nam
483 1674 571 1701 011111
603 1662 752 1713 Elysios
791 1674 946 1713 campos
984 1668 1097 1714 poeta
1128 1662 1192 1700 ille
1233 1662 1486 1714 describeret,

149 1722 216 1761 ubi
248 1727 386 1773 putant
423 1720 597 1760 habitare
631 1722 776 1759 animas
809 1720 1033 1772 beatorum,
1064 1733 1142 1759 non
1175 1720 1302 1759 solum
1332 1719 1388 1759 ibi
1418 1733 1484 1772 po-

150 1782 228 1820 suit
272 1792 357 1832 eos,
401 1780 467 1830 qui
510 1780 679 1830 propriis
721 1780 870 1817 meritis
915 1778 961 1816 ad
1002 1778 1085 1817 illas
1124 1778 1237 1817 sedes
1278 1780 1484 1830 pervenire

149 1844 375 1890 potuerunt,
406 1837 474 1876 sed
507 1836 648 1876 adiecit
678 1842 793 1888 atque
826 1839 894 1876 ait:

266 1921 418 1970 Quique
450 1920 511 1958 sui
542 1932 734 1958 memores
766 1920 863 1957 alios
895 1920 1023 1957 fecere
1054 1919 1256 1966 merendo,

149 2002 186 2040 id
220 2007 296 2054 est,
337 2003 404 2052 qui
434 2006 739 2052 promeruerunt
771 2000 865 2038 alios
897 2012 1043 2050 eosque
1077 2001 1137 2037 sui
1170 2011 1364 2038 memores
1395 2011 1485 2050 pro—

149 2060 334 2098 merendo
374 2060 570 2111 fecerunt,
609 2071 771 2110 prorsus
809 2065 1003 2108 tamquam
1043 2059 1098 2095 eis
1144 2057 1336 2108 dicerent,
1381 2056 1485 2108 quod

244 2165 300 2203 ⁵23)
328 2159 389 2195 Le.
419 2164 472 2202 16,
500 2163 530 2194 9.
582 2162 638 2202 26)
666 2159 728 2192 Mt.
759 2163 813 2202 10,
840 2162 896 2192 41.
946 2159 1004 2200 30)
1031 2159 1118 2191 Aen.
1148 2162 1175 2201 c,
1207 2161 1283 2192 664.

246 2281 261 2310 1
289 2275 353 2310 alii
378 2275 413 2309 A
432 2276 443 2319 ΙΙ
466 2279 506 2308 12
534 2275 772 2310 abundabant
797 2274 851 2316 Ε,-
877 2274 1067 2309 abundant
1091 2284 1110 2308 υ
1130 2275 1141 2318 ΙΙ
1161 2277 1203 2307 23
1232 2273 1333 2307 0111113
1361 2284 1379 2307 υ
