1548 2562
388 155 441 180 DE
460 155 643 180 CIVITA'PE
661 155 729 180 DEI
749 156 780 180 L.
800 156 879 181 XVI,
899 156 927 182 C.
947 157 970 182 3.
1248 147 1326 187 127

140 242 272 280 Restat
303 254 603 281 commemorare
629 243 725 281 filios
752 243 852 295 Sem,
882 246 1033 282 maximi
1064 244 1130 282 filii
1155 244 1252 295 Noe3
1283 244 1328 282 ad

26 311 112 338 eum
159 301 299 350 quippe
343 299 527 349 gradatim
571 302 860 350 generationum
900 303 1060 339 istarum
1099 303 1273 352 pervenit
1309 314 1329 339 a

25 358 182 394 minimo
221 363 352 395 exorta
389 359 567 395 narratio.
630 357 702 394 Sed
741 358 853 396 unde*
878 359 1066 408 incipiunt
1102 371 1329 397 commemo-

24 416 102 452 rari
140 414 207 452 filii
245 414 350 465 Sem,
386 414 500 452 habet
537 415 713 464 quiddam
746 416 1006 466 obscuritatis,
1051 416 1150 466 quod
1183 418 1328 466 exposi-

26 473 129 509 tione
162 471 441 509 inlustrandum
474 477 548 522 est,
587 473 673 521 quia
705 478 741 510 et
772 473 934 510 multum
965 473 1008 510 ad
1041 485 1122 511 rem
1154 475 1331 524 pertinet,
1356 482 1375 511 5

27 540 139 578 quam
179 530 424 578 requirimus.
487 528 549 566 Sic
588 531 688 566 enim
728 529 881 579 legitur:
919 531 969 568 Et
1000 532 1087 568 Sem
1117 536 1233 569 nasus
1264 536 1330 578 est,

26 592 63 625 et
96 588 171 634 ipsi
196 589 308 634 patri
337 589 505 624 omnium
526 589 710 636 filiorum,
741 588 882 633 Heber,
910 587 1038 634 fratri
1057 589 1220 636 Iaplzeth
1252 600 1330 626 ma·

27 645 114 681 iori.
165 643 268 680 Ordo
294 643 498 681 verborum
524 649 598 682 est:
629 643 677 681 Et
703 643 792 681 Sem
823 650 934 682 natus
966 651 1024 682 est
1048 645 1187 696 Heber,
1218 647 1332 683 etiam

27 702 112 751 ipsi,
142 701 179 738 id
211 706 270 738 est
299 702 372 750 ipsi
399 700 498 751 Sem,
528 706 640 739 natus
672 707 730 738 est
755 701 893 752 Heber,
925 703 989 751 qui
1017 702 1104 739 Sem
1135 708 1243 752 pater
1275 708 1332 740 est

27 759 197 796 omnium
234 758 410 796 filiorum.
473 757 561 796 Sem
599 770 690 808 ergo
726 758 979 808 patriarcham
1016 760 1184 809 intellegi
1216 760 1330 798 voluit
1358 768 1401 797 10

26 816 215 866 omnium,
247 817 311 865 qui
344 815 389 853 de
423 817 540 866 stirpe
574 817 655 853 eius
687 817 809 853 exorti
841 822 945 866 sunt,
978 828 1073 866 quos
1105 829 1332 854 commemo—

27 878 182 910 raturus
215 878 291 923 est,
332 874 409 910 sive
442 874 517 911 sint
548 873 630 924 filii,
667 874 744 910 sive
777 879 934 923 nepotes
966 880 1004 911 et
1034 880 1265 923 pronepotes
1297 879 1334 912 et

27 930 208 980 deinceps
247 930 414 968 indidem
450 932 584 968 exorti.
644 930 727 967 Non
766 943 855 968 sane
892 933 1008 968 istum
1039 930 1166 968 Heber
1204 933 1335 980 genuit

29 987 129 1038 Sem,
161 987 227 1025 sed
259 987 305 1025 ab
336 988 398 1025 illo
426 989 581 1037 quintus
612 989 649 1025 in
681 989 968 1037 progenitorum
1001 990 1099 1026 serie
1132 990 1334 1038 reperitur.

30 1044 119 1082 Sem
160 1047 298 1095 quippe
338 1047 439 1083 inter
476 1045 567 1082 alios
604 1045 700 1082 filios
732 1046 863 1094 genuit
893 1045 1103 1095 Arphaxat,
1143 1046 1333 1095 Arphaxat
1362 1055 1402 1085 15

28 1103 160 1151 genuit
197 1102 357 1152 Cainan,
400 1102 538 1140 Cainan
579 1104 711 1151 genuit
753 1102 856 1153 Sala,
900 1102 983 1140 Sala
1026 1104 1158 1153 genuit
1196 1102 1334 1141 Heber.

25 1160 110 1199 Non
142 1163 272 1211 itaque
305 1161 448 1198 frustra
478 1161 560 1210 ipse
586 1161 735 1210 primus
762 1165 820 1197 est
846 1161 1065 1196 nominatus
1092 1160 1130 1196 in
1157 1159 1340 1207 progenie

27 1220 205 1256 veniente
243 1218 290 1256 de
322 1218 410 1256 Sem
449 1223 487 1256 et
517 1217 712 1268 praelatus
738 1218 853 1254 etiam
885 1216 990 1263 filiis,
1029 1228 1116 1254 cum
1149 1217 1199 1253 sit
1230 1216 1340 1265 quin-

27 1281 90 1314 tus
128 1287 265 1326 nepos,
302 1277 378 1313 nisi
415 1277 504 1325 quia
541 1287 674 1312 verum
712 1281 787 1325 est,
826 1274 926 1324 quod
965 1274 1148 1323 traditur,
1193 1285 1238 1310 ex
1277 1272 1340 1309 illo

26 1333 222 1371 Hebraeos
265 1345 350 1371 esse
391 1334 696 1384 cognominatos,
740 1338 934 1381 tamquam
972 1331 1208 1381 Heberaeos3
1252 1342 1339 1368 cum
1367 1335 1409 1365 20

27 1396 65 1429 et
96 1391 167 1429 alia
193 1393 315 1440 possit
347 1403 431 1428 esse
464 1391 605 1440 opinio,
636 1395 679 1428 ut
711 1402 755 1427 ex
782 1389 973 1428 Abraham
1005 1394 1196 1439 tamquam
1224 1388 1341 1426 Abra—

27 1449 112 1487 haei
149 1449 243 1486 dieti
280 1460 365 1486 esse
404 1449 621 1498 videantur3
666 1447 732 1485 sed
770 1449 953 1484 nimirum
991 1446 1063 1484 hoo
1102 1458 1235 1484 verum
1273 1453 1343 1496 est,

30 1504 132 1554 quod
171 1517 217 1543 ex
255 1505 381 1543 Heber
418 1505 605 1543 Heberaei
645 1505 821 1555 appellati
858 1511 967 1556 sunt,
1010 1517 1053 1542 ac
1091 1504 1227 1542 deinde
1266 1515 1340 1541 una

28 1562 168 1600 detrita
194 1562 320 1600 littera
346 1563 521 1614 Hebraei,
553 1575 664 1612 quam
696 1563 862 1613 linguam
895 1563 999 1600 solus
1030 1561 1146 1599 lsrael
1176 1561 1340 1611 populus

28 1621 155 1670 potuit
185 1620 377 1671 obtinere,
414 1622 452 1658 in
491 1632 565 1670 quo
598 1620 665 1658 Dei
697 1622 828 1657 civitas
861 1626 898 1657 et
929 1621 967 1657 in
1000 1621 1140 1656 sanctis
1171 1619 1339 1668 peregri·
1366 1624 1409 1654 25

29 1683 115 1715 nata
159 1684 218 1715 est
259 1683 297 1715 et
339 1679 378 1715 in
422 1677 599 1715 omnibus
647 1682 884 1714 sacramento
929 1676 1161 1714 adumbrata.
1222 1675 1342 1724 Igitur

28 1734 95 1771 filii
123 1734 210 1772 Sem
236 1736 345 1784 prius
371 1747 436 1772 sex
464 1736 719 1785 nominantur,
750 1734 887 1772 deinde
913 1746 959 1771 ex
990 1746 1066 1771 uno
1098 1744 1232 1770 eorum
1264 1734 1343 1769 nati

29 1797 120 1829 sunt
157 1797 339 1842 quattuor
377 1798 536 1842 nepotes
577 1794 680 1842 eius,
723 1793 891 1841 itemque
929 1791 1024 1829 alter
1056 1790 1221 1828 filiorum
1254 1789 1343 1826 Sem

28 1850 160 1899 genuit
192 1851 274 1887 eius
306 1855 496 1900 nepotem,
529 1855 641 1899 atque
673 1861 718 1887 ex
750 1848 812 1886 illo
846 1849 977 1886 itidem
1008 1860 1200 1898 pronepos
1232 1852 1343 1884 natus

30 1912 89 1944 est
132 1912 245 1956 atque
288 1907 376 1945 inde
414 1907 601 1957 abnepos,
645 1908 711 1956 qui
748 1912 806 1944 est
837 1906 975 1944 Heber.
1037 1905 1177 1943 Genuit
1216 1910 1343 1942 autem
1368 1911 1412 1942 30

28 1963 157 2002 Heber
188 1964 284 2002 duos
315 1964 424 2014 filios,
456 1976 620 2013 quorum
652 1975 771 2001 unum
804 1964 1003 2014 appellavit
1034 1962 1211 2013 Phaleoh,
1242 1961 1343 2011 quod

28 2022 307 2072 interpretatur
339 2021 523 2059 dividens.
574 2021 717 2059 Deinde
752 2023 942 2071 scriptura
970 2020 1206 2070 subiungens
1231 2020 1343 2056 ratio-

122 2192 142 2223 8
169 2189 277 2224 etiam
304 2190 374 2234 ipsi
392 2201 412 2224 v
431 2192 442 2233 ΙΙ
463 2194 505 2224 10
530 2190 687 2224 filiorum
712 2201 858 2223 suorum
878 2201 895 2223 v
915 2191 926 2232 Η
948 2193 988 2223 12
1015 2188 1089 2223 sive
1114 2199 1262 2231 pronep.
1287 2198 1306 2221 v
1333 2187 1345 2232 ll

31 2239 72 2269 17
99 2235 222 2278 itaque
253 2246 342 2277 mss;
372 2236 496 2279 utique
521 2246 541 2270 v
577 2238 589 2280 fl
627 2240 668 2269 18
699 2236 884 2280 praelatus
910 2237 963 2269 est
988 2235 1063 2268 RF
1096 2236 1108 2278 ΙΙ
1144 2238 1187 2267 24
1213 2233 1346 2268 detrita.

36 2281 216 2323 V¹RAF,-
240 2282 405 2316 detracta
436 2282 505 2316 V²v
524 2282 535 2325 ΙΙ
553 2282 716 2326 linguam
741 2293 828 2323 mss,·
854 2282 876 2317 1.
903 2280 1120 2315 Hebraieam
1145 2292 1164 2313 v
