1495 2489
27 388 47 418 εἰ

5 762 46 792 10

6 1076 56 1108 15.

5 1368 48 1399 20

5 1659 48 1690 25

6 1951 50 1981 30

72 48 128 87 42
603 55 630 80 s.
650 54 867 81 Auocsrm

73 148 106 184 si
138 147 204 196 qui
237 145 326 183 inde
358 147 432 183 iam
466 146 545 183 nati
577 150 685 196 sunt,
718 149 838 182 testes
870 144 954 182 fieri
986 145 1276 195 permittuntur.
1339 143 1402 182 Sic

74 206 177 242 enim
202 203 275 242 hoe
302 210 407 242 recte
435 204 578 241 sactum
610 202 655 241 ad
689 204 749 240 sui
781 203 955 240 notitiam
988 202 1114 241 lucem
1146 203 1291 254 appetit
1323 204 1401 240 ani-

73 274 249 314 morum,
294 269 337 301 ut
381 268 509 300 tamen
554 262 722 311 refugiat
765 260 977 299 oculorum.
1039 260 1148 300 Unde
1192 261 1286 313 hoc,
1328 262 1401 299 nisi

74 323 162 371 quia
201 323 255 359 sie
293 322 442 371 geritur
481 319 583 370 quod
623 319 758 358 deceat
795 330 843 357 ex
880 324 1035 371 natura,
1078 325 1122 358 ut
1153 321 1268 358 etiam
1299 319 1401 370 quod

74 379 217 430 pudeat
249 381 457 417 comitetur
489 390 535 416 ex
567 375 721 429 poena?

587 502 742 545 CAPUT
775 503 888 545 XIX.

53 624 58 628 .
78 579 193 625 Quod
230 581 369 626 partes
401 578 490 615 irae
521 581 639 624 atque
679 577 875 628 libidinis,
916 589 1019 624 quae
1050 579 1091 615 in
1130 578 1284 616 homine
1322 582 1401 615 tam

120 639 255 674 vitiose
286 640 502 681 moventur,
535 640 579 673 ut
611 647 678 673 eas
710 647 870 674 necesse
900 638 950 673 sit
978 635 1109 683 frenis
1139 638 1362 685 sapientiae

173 695 362 742 cohiberi,
396 696 436 732 in
469 696 537 732 illa
569 699 662 732 cmte
689 699 900 743 peccatum
932 699 1106 732 naturae
1136 697 1308 733 sanitate

597 764 675 790 non
703 751 883 800 fuerunt.

189 834 287 873 Hinc
320 840 379 873 est
410 834 511 884 quod
546 840 583 872 et
614 833 667 871 illi
699 833 929 885 philosophi,
962 835 1028 884 qui
1060 835 1212 872 veritati
1242 835 1403 885 propius

74 898 342 943 accesserunt,
380 894 477 931 iram
519 898 634 942 atque
676 891 876 930 libidinem
916 894 1073 931 vitiosas
1115 894 1232 931 animi
1271 898 1403 943 partes

74 964 159 991 esse
193 952 362 990 confessi
394 956 495 1002 sunt,
528 963 579 1005 eq
606 950 708 1001 quod
740 950 895 988 turbide
928 956 1042 1001 atque
1074 951 1291 990 inordinate
1323 963 1402 989 mo·

72 1016 258 1049 verentur
291 1009 336 1048 ad
369 1022 413 1048 ea
446 1011 577 1056 etiam,
610 1020 707 1059 quae
740 1010 927 1059 sapientia
959 1011 1178 1060 perpetrari
1209 1014 1328 1061 vetat,
1360 1021 1404 1047 ac

74 1081 144 1120 per
187 1068 259 1106 hoc
305 1080 401 1118 opus
439 1067 581 1105 habere
614 1067 870 1105 moderatrice
913 1073 1040 1105 mente
1086 1074 1200 1118 atque
1242 1069 1403 1106 ratione.

74 1127 197 1172 Quam
224 1132 375 1177 partem
401 1127 517 1164 animi
538 1127 691 1164 tertiam
717 1125 822 1163 velut
846 1127 885 1164 in
918 1138 1005 1163 arce
1038 1126 1202 1176 quadam
1233 1126 1279 1164 ad
1310 1128 1404 1164 istas

73 1185 263 1236 regendas
303 1184 511 1235 perhibent
551 1183 807 1235 conlocatam,
850 1189 893 1222 ut
936 1184 998 1222 illa
1041 1186 1274 1235 imperante,
1318 1186 1403 1223 istis

74 1242 334 1282 servientibus
360 1244 482 1293 possit
507 1244 547 1280 in
572 1242 726 1280 homine
754 1243 900 1281 iustitia
933 1255 979 1280 ex
1011 1244 1116 1280 omni
1147 1244 1263 1281 animi
1294 1249 1403 1294 parte

74 1304 231 1340 servari.
293 1301 371 1339 Hae
399 1303 518 1351 igitur
543 1306 685 1352 partes,
717 1312 812 1350 quas
839 1306 878 1338 et
902 1302 941 1338 in
966 1300 1121 1339 homine
1154 1303 1327 1352 sapiente
1360 1313 1403 1340 ac

74 1366 314 1411 temperante
354 1360 524 1398 fatentur
562 1371 647 1397 esse
691 1360 865 1409 vitiosas,
909 1365 951 1397 ut
989 1371 1053 1397 eas
1091 1359 1137 1397 ab
1176 1360 1236 1398 his
1273 1359 1403 1411 rebus,

73 1419 120 1457 ad
153 1430 247 1469 quas
274 1419 416 1457 iniuste
442 1424 659 1469 moventur,
693 1429 801 1455 mens
827 1417 1097 1468 conpescendo
1123 1424 1162 1456 et
1188 1418 1403 1456 cohibendo

73 1477 247 1515 refrenet
284 1488 327 1514 ac
365 1481 523 1514 revocet
560 1482 674 1525 atque
713 1475 758 1513 ad
797 1488 840 1513 ea
872 1478 1090 1528 permittat,
1123 1488 1221 1526 quae
1253 1478 1402 1527 sapien·
1447 1502 1454 1510 -

73 1537 147 1574 tiae
181 1535 263 1585 lege
297 1546 480 1573 concessa
512 1540 603 1572 sunt
641 1531 762 1585 (sicut
793 1535 888 1571 iram
921 1534 966 1572 ad
999 1535 1230 1573 exerendam
1262 1536 1402 1573 iustam

75 1593 400 1644 cohercitionem,
433 1594 533 1630 sieut
563 1591 762 1630 libidinem
794 1592 839 1630 ad
871 1593 1138 1643 propagandae
1170 1592 1290 1644 prolis
1321 1593 1402 1631 offi-

75 1648 198 1704 cium)
229 1673 278 1678 —
306 1651 398 1702 hae,
429 1652 607 1701 inquam,
638 1656 769 1701 partes
800 1652 839 1688 in
871 1651 1048 1701 paradiso
1081 1658 1168 1689 ante
1200 1657 1404 1702 peccatum

76 1712 234 1749 vitiosae
273 1722 350 1747 non
389 1715 510 1748 erant.
571 1708 655 1746 Non
688 1710 790 1746 enim
824 1715 958 1747 eontra
989 1714 1136 1748 rectam
1167 1709 1404 1748 voluntatem

75 1769 120 1806 ad
160 1768 304 1818 aliquid
342 1767 613 1818 movebantur,
652 1766 754 1805 unde
797 1779 956 1805 necesse
1000 1774 1103 1806 esset
1141 1779 1205 1806 eas
1243 1769 1403 1807 rationis

75 1832 270 1877 tamquam
310 1826 431 1864 frenis
476 1825 702 1875 regentibus
747 1824 952 1863 abstinere.
1013 1825 1108 1863 Nam
1153 1826 1255 1876 quod
1299 1838 1403 1865 nunc

75 1886 127 1922 ita
165 1889 369 1922 moventur
407 1890 445 1922 et
482 1883 528 1921 ab
568 1885 640 1935 eis,
678 1885 744 1933 qui
777 1889 1038 1934 temperanter
1070 1889 1109 1922 et
1139 1885 1239 1922 iuste
1272 1890 1310 1922 et
1340 1886 1402 1935 pie

76 1944 228 1993 vivunt,
266 1942 357 1980 alias
396 1941 564 1993 facilius,
596 1941 687 1979 alias
719 1941 926 1993 difficilius,
958 1948 1084 1980 tamen
1117 1941 1333 1980 cohibendo
1366 1948 1404 1980 et

170 2081 188 2110 7
209 2088 257 2120 sq.
279 2080 319 2111 ut
344 2078 462 2111 editur
484 2077 518 2110 V
533 2077 623 2118 (m'si
645 2078 739 2121 quod
757 2078 863 2121 pater
878 2088 947 2121 pro
966 2078 1088 2121 partes
1113 2078 1284 2121 exhibet);
1309 2089 1403 2122 quae

75 2124 112 2158 in
123 2123 269 2158 homine
285 2134 349 2158 om.
365 2135 404 2165 v‚·
426 2127 551 2157 contra
570 2135 602 2157 t.
617 2128 648 2159 9.
665 2125 770 2167 tulyo
795 2124 1033 2158 scribebatur:
1064 2135 1158 2168 quae
1183 2125 1221 2158 in
1245 2125 1311 2159 illa,
1328 2127 1340 2169 ΙΙ
1361 2129 1403 2159 14

74 2172 177 2204 uetat
190 2181 278 2211 mss
297 2181 369 2204 non
390 2172 524 2204 vetatv
544 2172 555 2214 ΙΙ
574 2174 617 2205 23
640 2170 858 2205 exerendam
885 2170 951 2205 VA
969 2171 1049 2213 (vol.
1072 2171 1108 2215 I,
1127 2173 1214 2215 237,
1234 2174 1279 2206 14
1297 2175 1404 2216 sqq.);

75 2216 262 2252 exercend.
289 2227 308 2251 υ
328 2219 339 2260 Η
359 2220 401 2251 27
429 2218 485 2251 est,
509 2217 585 2250 AF
