1611 2465
51 756 93 786 10

51 1050 92 1080 15

50 1342 93 1373 20

50 1635 92 1666 25

120 119 204 160 598
658 128 686 154 s.
705 127 925 155 AUGUSTINI

120 218 210 257 alibi
249 218 359 257 dicit:
409 220 554 267 Capilli
590 220 735 267 capitis
775 220 900 256 vestri
942 219 1145 257 numerati
1183 221 1277 256 sunt
1318 228 1461 256 omnes.

119 277 255 328 Neque
288 277 362 315 hoc
393 277 480 315 ideo
515 277 697 328 dixerim,
739 276 843 327 quod
875 276 1020 327 aliquid
1053 277 1274 315 existimem
1307 277 1464 327 corpori

121 338 262 386 cuique
284 337 516 387 periturum,
550 335 654 387 quod
682 335 910 374 naturaliter
936 337 1082 387 inerat3
1115 335 1181 374 sed
1204 334 1307 386 quod
1335 334 1463 374 defor-

121 407 181 433 me
209 400 343 433 natum
370 395 498 433 fuerat
529 390 629 447 (non
661 396 796 445 utique
831 393 879 432 ob
913 393 1029 445 aliud,
1062 395 1137 432 nisi
1168 398 1213 432 ut
1244 393 1335 432 hinc
1368 405 1462 444 quo-

121 466 196 504 que
230 453 525 505 ostenderetur,
568 465 684 504 quam
717 454 767 492 sit
797 452 972 504 poenalis
1006 452 1183 491 condicio
1215 454 1289 490 ista
1321 457 1462 491 morta-

121 508 248 564 lium),
275 513 330 551 sic
357 524 443 551 esse
468 512 700 563 rediturum,
726 518 770 551 ut
795 517 946 550 servata
972 513 1196 563 integritate
1224 510 1463 550 substantiae

121 570 348 609 deformitas
379 577 526 623 pereat.
590 570 631 609 Si
668 572 771 609 enim
805 576 970 609 statuam
1003 576 1133 621 potest
1165 570 1303 608 artifex
1335 569 1463 622 homo,

120 642 236 680 quam
267 636 430 681 propter
463 629 632 680 aliquam
664 641 820 668 causam
852 629 1068 667 deformem
1101 629 1262 679 fecerat,
1295 628 1463 666 conflare

120 693 159 726 et
200 688 505 739 pulcherrimam
543 688 731 740 reddere,
774 689 826 726 ita
863 693 908 726 ut
946 687 1041 725 nihil
1080 688 1169 726 inde
1212 686 1464 738 substantiae,

120 747 187 785 sed
222 747 302 785 sola
335 747 562 786 deformitas
593 751 740 798 pereat,
774 758 816 784 ac
850 747 883 784 si
915 745 1007 797 quid
1039 747 1079 784 in
1112 746 1175 784 illa
1205 746 1329 797 figura
1360 747 1463 796 prio-

120 818 162 844 re
201 805 431 845 indecenter
470 805 625 844 extabat
663 817 735 844 nec
773 804 966 856 parilitate
1009 806 1180 856 partium
1213 803 1464 855 congruebat,

120 876 198 902 non
231 864 278 902 de
311 870 412 916 toto,
445 864 548 903 unde
582 865 747 915 fecerat,
779 869 980 915 amputare
1015 869 1130 915 atque
1165 874 1365 915 separare,
1397 862 1465 901 sed

119 925 172 961 ita
199 935 461 975 conspergere
489 925 672 962 universo
701 928 817 973 atque¹
848 925 1027 975 miscere,
1060 928 1104 961 ut
1136 934 1207 960 nec
1240 921 1465 960 foeditatem

120 982 235 1020 faciat
266 994 339 1021 nec
372 983 519 1021 minuat
554 983 828 1032 quantitatem:
879 981 972 1032 quid
1005 980 1051 1020 de
1084 981 1343 1032 omnipotenti
1375 981 1464 1018 arti-

119 1041 190 1079 fiee
224 1041 474 1079 sentiendum
507 1038 594 1079 est‘?
655 1039 809 1091 Ergone
842 1052 921 1078 non
954 1041 1099 1091 poterit
1131 1051 1305 1090 quasque
1338 1038 1465 1077 defor-

118 1101 274 1137 mitates
307 1099 569 1138 humanorum
602 1110 833 1150 corporum,
865 1110 944 1137 non
977 1098 1091 1137 modo
1124 1099 1297 1149 usitatas,
1330 1109 1465 1136 verum

120 1159 237 1196 etiam
278 1170 385 1196 raras
427 1163 543 1209 atque
586 1163 848 1209 monstrosas,
890 1168 988 1207 quae
1027 1156 1118 1195 huic
1158 1158 1323 1194 miserae
1365 1157 1464 1194 vitae

120 1222 360 1268 congruunt,
399 1216 612 1255 abhorrent
651 1221 781 1254 autem
822 1215 868 1254 ab
900 1215 964 1253 illa
997 1216 1129 1253 futura
1161 1215 1345 1253 felicitate
1379 1226 1464 1252 san—

120 1280 297 1326 ctorum,
336 1276 392 1313 sic
431 1275 587 1313 auferre
626 1286 668 1312 ac
709 1273 894 1325 perdere,
931 1278 992 1325 ut,
1031 1285 1297 1324 quascumque
1332 1284 1466 1311 earum

120 1334 269 1372 faciunt
295 1335 369 1372 etsi
396 1332 597 1385 naturalia,
629 1338 759 1371 tamen
789 1332 973 1371 indecora
1006 1337 1256 1371 excrementa
1287 1330 1465 1370 substan-

119 1394 195 1431 tiae
228 1391 455 1444 corporalis,
488 1391 593 1431 nulla
626 1392 710 1430 eius
743 1391 1011 1430 deminutione
1043 1387 1264 1429 tolluntur?

237 1451 291 1489 Ac
329 1463 401 1502 per
438 1450 513 1489 hoc
552 1462 631 1489 non
674 1455 733 1489 est
777 1451 918 1488 macris
959 1449 1249 1500 pinguibusque
1288 1454 1465 1487 metuen-

120 1510 234 1562 dum,
275 1522 325 1548 ne
362 1509 417 1548 ibi
458 1511 575 1548 etiam
607 1508 703 1548 tales
736 1510 836 1560 sint,
875 1508 1008 1559 quales
1041 1509 1075 1546 si
1105 1512 1268 1559 possent
1298 1519 1370 1546 nec
1402 1506 1465 1545 hic

120 1581 206 1607 esse
257 1568 484 1607 voluissent.
547 1567 683 1606 Omnis
734 1568 836 1606 enim
889 1568 1066 1617 corporis
1110 1565 1361 1617 pulchritudo
1406 1570 1466 1604 est

119 1629 291 1678 partium
329 1628 586 1678 congruentia
625 1638 714 1665 cum
753 1625 920 1676 quadam
953 1625 1094 1664 coloris
1129 1625 1330 1663 suavitate.
1392 1623 1467 1663 Ubi

120 1691 251 1724 autem
283 1698 362 1724 non
401 1691 460 1724 est
491 1686 662 1737 partium
696 1685 969 1736 congruentia,
1002 1689 1068 1722 aut
1099 1683 1186 1722 ideo
1219 1682 1312 1734 quid
1346 1683 1465 1722 offen-

120 1744 177 1783 (lit
208 1746 298 1795 quia
329 1756 492 1796 pravum
525 1749 604 1795 est,
636 1749 703 1782 aut
734 1742 821 1781 ideo
855 1744 944 1793 quia
975 1754 1126 1793 parum,
1159 1746 1225 1780 aut
1256 1741 1343 1780 ideo
1377 1742 1466 1792 quia

120 1805 296 1842 nimium.
358 1802 528 1841 Proinde
556 1801 661 1841 nulla
688 1802 762 1840 erit
788 1801 1028 1853 deformitas,
1061 1812 1176 1852 quam
1208 1800 1301 1839 facit
1332 1801 1465 1838 incon-

120 1863 300 1912 gruentia
331 1863 519 1913 partium,
552 1860 620 1899 ubi
652 1866 691 1899 et
724 1872 822 1910 quae
854 1871 972 1911 prava
1005 1865 1097 1898 sunt
1129 1860 1396 1910 corrigentur,
1427 1863 1466 1897 et

217 1975 250 2019 1)
275 1973 336 2009 Le.
366 1977 419 2016 12,
448 1977 476 2008 7.

216 2118 232 2148 1
264 2125 389 2149 omnes
415 2113 472 2148 Rv
492 2125 556 2149 see.
579 2113 726 2155 Graee.;
752 2123 816 2147 om.
845 2113 879 2146 A
909 2112 1015 2146 Ρανν.
1038 2113 1089 2156 113
1117 2112 1247 2155 cuique
1272 2122 1342 2147 mss
1366 2113 1467 2154 (579,

119 2162 180 2204 13)
192 2174 203 2203 ‚·
231 2162 403 2205 cuiquam
429 2172 449 2196 υ
474 2162 486 2205 ΙΙ
515 2165 557 2195 14
582 2161 836 2204 omnipotente
863 2170 882 2194 v
908 2160 920 2203 ΙΙ
942 2162 982 2193 17
1012 2159 1120 2193 huius
1146 2159 1182 2193 R
1208 2158 1331 2201 (huius
1358 2159 1466 2193 mise-

120 2208 195 2242 riae
215 2207 339 2243 uitae?
366 2211 451 2250 607,
472 2210 536 2250 32)
555 2208 567 2252 ΙΙ
586 2211 629 2241 21
652 2206 895 2241 diminutione
915 2217 935 2240 v
956 2206 1034 2250 (vol.
1052 2206 1087 2248 I,
1108 2209 1192 2249 121,
1207 2209 1273 2246 17,·
1293 2208 1376 2247 139,
1396 2206 1432 2249 4)
1458 2207 1467 2250 [Q

119 2255 302 2289 tolluntur
328 2254 398 2289 RA
426 2255 507 2290 (vol.
538 2255 573 2297 I,
598 2256 656 2295 15,
683 2257 724 2296 5;
751 2256 835 2294 198,
860 2255 942 2295 16);
974 2252 1155 2286 tollantur
1181 2253 1296 2296 υ1122
1323 2251 1467 2297 pingui-

119 2302 234 2336 busve
259 2312 279 2335 v

1526 1933 1548 2316 ξ

1524 2311 1555 2465 l

1600 2055 1609 2073 ἶ·
