<?xml version="1.0" encoding="UTF-8"?>
<!DOCTYPE html PUBLIC "-//W3C//DTD XHTML 1.0 Transitional//EN"
    "http://www.w3.org/TR/xhtml1/DTD/xhtml1-transitional.dtd">
<html xmlns="http://www.w3.org/1999/xhtml" xml:lang="en" lang="en">
 <head>
  <title>
</title>
<meta http-equiv="Content-Type" content="text/html;charset=utf-8" />
  <meta name='ocr-system' content='tesseract 3.04.00' />
  <meta name='ocr-capabilities' content='ocr_page ocr_carea ocr_par ocr_line ocrx_word'/>
</head>
<body>
  <div class='ocr_page' id='page_1' title='image "./sanctiaureliiaug02auguuoft_0559.png"; bbox 0 0 1548 2562; ppageno 0'>
   <div class='ocr_carea' id='block_1_1' title="bbox 420 179 1394 220">
    <p class='ocr_par' dir='ltr' id='par_1_1' title="bbox 420 179 1394 220">
     <span class='ocr_line' id='line_1_1' title="bbox 420 179 1394 220; baseline 0.001 -8"><span class='ocrx_word' id='word_1_1' title='bbox 420 188 472 213; x_wconf 83' lang='lat' dir='ltr'>DE</span> <span class='ocrx_word' id='word_1_2' title='bbox 491 187 680 213; x_wconf 76' lang='lat' dir='ltr'>cwrrA&#39;rE</span> <span class='ocrx_word' id='word_1_3' title='bbox 699 188 769 213; x_wconf 82' lang='lat' dir='ltr'>DEI</span> <span class='ocrx_word' id='word_1_4' title='bbox 786 188 819 213; x_wconf 86' lang='lat' dir='ltr'>L.</span> <span class='ocrx_word' id='word_1_5' title='bbox 839 188 937 213; x_wconf 77' lang='lat' dir='ltr'>xxu.</span> <span class='ocrx_word' id='word_1_6' title='bbox 957 188 986 213; x_wconf 85' lang='lat' dir='ltr'>c.</span> <span class='ocrx_word' id='word_1_7' title='bbox 1007 189 1030 212; x_wconf 91' lang='lat'>1.</span> <span class='ocrx_word' id='word_1_8' title='bbox 1311 179 1394 220; x_wconf 74' lang='lat'>553</span> 
     </span>
    </p>
   </div>
   <div class='ocr_carea' id='block_1_2' title="bbox 64 275 1399 2067">
    <p class='ocr_par' dir='ltr' id='par_1_2' title="bbox 64 275 1398 722">
     <span class='ocr_line' id='line_1_2' title="bbox 66 275 1396 328; baseline -0.001 -12"><span class='ocrx_word' id='word_1_9' title='bbox 66 283 124 316; x_wconf 88' lang='lat' dir='ltr'>tas</span> <span class='ocrx_word' id='word_1_10' title='bbox 161 288 410 328; x_wconf 87' lang='lat' dir='ltr'>permanere,</span> <span class='ocrx_word' id='word_1_11' title='bbox 449 276 539 314; x_wconf 89' lang='lat' dir='ltr'>dum</span> <span class='ocrx_word' id='word_1_12' title='bbox 578 276 797 314; x_wconf 90' lang='lat' dir='ltr'>labentibus</span> <span class='ocrx_word' id='word_1_13' title='bbox 837 282 886 314; x_wconf 25' lang='lat' dir='ltr'>etr</span> <span class='ocrx_word' id='word_1_14' title='bbox 913 275 1140 314; x_wconf 78' lang='lat' dir='ltr'>cadentibus</span> <span class='ocrx_word' id='word_1_15' title='bbox 1173 276 1274 314; x_wconf 88' lang='lat' dir='ltr'>foliis</span> <span class='ocrx_word' id='word_1_16' title='bbox 1308 277 1396 315; x_wconf 89' lang='lat' dir='ltr'>sub-</span> 
     </span>
     <span class='ocr_line' id='line_1_3' title="bbox 66 334 1396 387; baseline 0 -14"><span class='ocrx_word' id='word_1_17' title='bbox 66 335 155 373; x_wconf 85' lang='lat' dir='ltr'>inde</span> <span class='ocrx_word' id='word_1_18' title='bbox 199 334 287 387; x_wconf 88' lang='lat' dir='ltr'>alia,</span> <span class='ocrx_word' id='word_1_19' title='bbox 326 346 423 385; x_wconf 90' lang='lat' dir='ltr'>quae</span> <span class='ocrx_word' id='word_1_20' title='bbox 462 339 693 385; x_wconf 90' lang='lat' dir='ltr'>nascuntur,</span> <span class='ocrx_word' id='word_1_21' title='bbox 731 335 868 372; x_wconf 85' lang='lat' dir='ltr'>faciem</span> <span class='ocrx_word' id='word_1_22' title='bbox 908 340 1138 372; x_wconf 89' lang='lat' dir='ltr'>conservant</span> <span class='ocrx_word' id='word_1_23' title='bbox 1176 336 1396 386; x_wconf 84' lang='lat' dir='ltr'>opacitatis3</span> 
     </span>
     <span class='ocr_line' id='line_1_4' title="bbox 67 392 1396 444; baseline -0.002 -12"><span class='ocrx_word' id='word_1_24' title='bbox 67 393 134 432; x_wconf 92' lang='lat' dir='ltr'>sed</span> <span class='ocrx_word' id='word_1_25' title='bbox 172 404 306 431; x_wconf 89' lang='lat' dir='ltr'>omnes</span> <span class='ocrx_word' id='word_1_26' title='bbox 343 394 382 430; x_wconf 87' lang='lat' dir='ltr'>in</span> <span class='ocrx_word' id='word_1_27' title='bbox 422 404 464 431; x_wconf 82' lang='lat' dir='ltr'>ea</span> <span class='ocrx_word' id='word_1_28' title='bbox 508 394 610 430; x_wconf 86' lang='lat' dir='ltr'>cives</span> <span class='ocrx_word' id='word_1_29' title='bbox 654 392 878 430; x_wconf 84' lang='lat' dir='ltr'>inmortales</span> <span class='ocrx_word' id='word_1_30' title='bbox 917 398 1052 444; x_wconf 83' lang='lat' dir='ltr'>erunt,</span> <span class='ocrx_word' id='word_1_31' title='bbox 1093 392 1396 443; x_wconf 78' lang='lat' dir='ltr'>adipiscentibus</span> 
     </span>
     <span class='ocr_line' id='line_1_5' title="bbox 67 450 1396 502; baseline -0.001 -12"><span class='ocrx_word' id='word_1_32' title='bbox 67 457 105 490; x_wconf 89' lang='lat' dir='ltr'>et</span> <span class='ocrx_word' id='word_1_33' title='bbox 142 450 382 502; x_wconf 88' lang='lat' dir='ltr'>hominibus,</span> <span class='ocrx_word' id='word_1_34' title='bbox 421 450 522 501; x_wconf 93' lang='lat' dir='ltr'>quod</span> <span class='ocrx_word' id='word_1_35' title='bbox 564 462 776 500; x_wconf 79' lang='lat' dir='ltr'><strong>numquam</strong></span> <span class='ocrx_word' id='word_1_36' title='bbox 814 452 936 489; x_wconf 84' lang='lat' dir='ltr'>sancti</span> <span class='ocrx_word' id='word_1_37' title='bbox 974 450 1099 501; x_wconf 84' lang='lat' dir='ltr'>angeli</span> <span class='ocrx_word' id='word_1_38' title='bbox 1130 450 1396 501; x_wconf 85' lang='lat' dir='ltr'>perdiderunt.</span> 
     </span>
     <span class='ocr_line' id='line_1_6' title="bbox 65 508 1396 559; baseline 0 -12"><span class='ocrx_word' id='word_1_39' title='bbox 65 509 196 547; x_wconf 82' lang='lat' dir='ltr'>Faciet</span> <span class='ocrx_word' id='word_1_40' title='bbox 233 509 306 546; x_wconf 89' lang='lat' dir='ltr'>hoc</span> <span class='ocrx_word' id='word_1_41' title='bbox 346 508 449 547; x_wconf 90' lang='lat' dir='ltr'>Deus</span> <span class='ocrx_word' id='word_1_42' title='bbox 489 509 890 559; x_wconf 78' lang='lat' dir='ltr'>omnipotentissimus</span> <span class='ocrx_word' id='word_1_43' title='bbox 929 510 1012 547; x_wconf 89' lang='lat' dir='ltr'>eius</span> <span class='ocrx_word' id='word_1_44' title='bbox 1054 509 1231 547; x_wconf 87' lang='lat' dir='ltr'>conditor</span> <span class='ocrx_word' id='word_1_45' title='bbox 1304 508 1396 547; x_wconf 86' lang='lat' dir='ltr'>Pro-</span> 
     </span>
     <span class='ocr_line' id='line_1_7' title="bbox 66 566 1398 618; baseline -0.001 -13"><span class='ocrx_word' id='word_1_46' title='bbox 66 569 172 605; x_wconf 81' lang='lat' dir='ltr'>misit</span> <span class='ocrx_word' id='word_1_47' title='bbox 216 568 319 605; x_wconf 89' lang='lat' dir='ltr'>enim</span> <span class='ocrx_word' id='word_1_48' title='bbox 368 578 440 604; x_wconf 88' lang='lat' dir='ltr'>nec</span> <span class='ocrx_word' id='word_1_49' title='bbox 493 567 649 604; x_wconf 82' lang='lat' dir='ltr'>mentiri</span> <span class='ocrx_word' id='word_1_50' title='bbox 692 572 838 618; x_wconf 90' lang='lat' dir='ltr'>potest,</span> <span class='ocrx_word' id='word_1_51' title='bbox 884 572 921 605; x_wconf 90' lang='lat' dir='ltr'>et</span> <span class='ocrx_word' id='word_1_52' title='bbox 965 566 1106 617; x_wconf 89' lang='lat' dir='ltr'>quibus</span> <span class='ocrx_word' id='word_1_53' title='bbox 1150 567 1264 605; x_wconf 84' lang='lat' dir='ltr'>fidem</span> <span class='ocrx_word' id='word_1_54' title='bbox 1308 567 1398 605; x_wconf 91' lang='lat' dir='ltr'>hinc</span> 
     </span>
     <span class='ocr_line' id='line_1_8' title="bbox 67 624 1398 676; baseline -0.001 -13"><span class='ocrx_word' id='word_1_55' title='bbox 67 637 221 676; x_wconf 88' lang='lat' dir='ltr'>quoque</span> <span class='ocrx_word' id='word_1_56' title='bbox 260 625 422 676; x_wconf 87' lang='lat' dir='ltr'>faceret,</span> <span class='ocrx_word' id='word_1_57' title='bbox 459 624 579 663; x_wconf 88' lang='lat' dir='ltr'>multa</span> <span class='ocrx_word' id='word_1_58' title='bbox 617 635 685 662; x_wconf 86' lang='lat' dir='ltr'>sua</span> <span class='ocrx_word' id='word_1_59' title='bbox 727 629 765 663; x_wconf 86' lang='lat' dir='ltr'>et</span> <span class='ocrx_word' id='word_1_60' title='bbox 802 637 879 663; x_wconf 90' lang='lat' dir='ltr'>non</span> <span class='ocrx_word' id='word_1_61' title='bbox 917 627 1107 675; x_wconf 85' lang='lat' dir='ltr'>promissa</span> <span class='ocrx_word' id='word_1_62' title='bbox 1140 631 1178 663; x_wconf 88' lang='lat' dir='ltr'>et</span> <span class='ocrx_word' id='word_1_63' title='bbox 1208 626 1398 675; x_wconf 88' lang='lat' dir='ltr'>promissa</span> 
     </span>
     <span class='ocr_line' id='line_1_9' title="bbox 64 683 274 722; baseline 0 -1"><span class='ocrx_word' id='word_1_64' title='bbox 64 685 140 722; x_wconf 89' lang='lat' dir='ltr'>iam</span> <span class='ocrx_word' id='word_1_65' title='bbox 172 683 274 721; x_wconf 87' lang='lat' dir='ltr'>fecit.</span> 
     </span>
    </p>

    <p class='ocr_par' dir='ltr' id='par_1_3' title="bbox 64 740 1399 2067">
     <span class='ocr_line' id='line_1_10' title="bbox 182 740 1398 793; baseline 0.001 -15"><span class='ocrx_word' id='word_1_66' title='bbox 182 740 268 791; x_wconf 85' lang='lat' dir='ltr'>Ipse</span> <span class='ocrx_word' id='word_1_67' title='bbox 307 746 365 779; x_wconf 89' lang='lat' dir='ltr'>est</span> <span class='ocrx_word' id='word_1_68' title='bbox 401 741 525 791; x_wconf 88' lang='lat' dir='ltr'>enim,</span> <span class='ocrx_word' id='word_1_69' title='bbox 570 742 636 791; x_wconf 90' lang='lat' dir='ltr'>qui</span> <span class='ocrx_word' id='word_1_70' title='bbox 676 742 714 778; x_wconf 90' lang='lat' dir='ltr'>in</span> <span class='ocrx_word' id='word_1_71' title='bbox 758 742 949 791; x_wconf 84' lang='lat' dir='ltr'>principio</span> <span class='ocrx_word' id='word_1_72' title='bbox 990 741 1162 779; x_wconf 81' lang='lat' dir='ltr'>condidit</span> <span class='ocrx_word' id='word_1_73' title='bbox 1198 741 1398 793; x_wconf 89' lang='lat' dir='ltr'>mundum,</span> 
     </span>
     <span class='ocr_line' id='line_1_11' title="bbox 64 798 1396 850; baseline -0.001 -12"><span class='ocrx_word' id='word_1_74' title='bbox 64 799 223 850; x_wconf 88' lang='lat' dir='ltr'>plenum</span> <span class='ocrx_word' id='word_1_75' title='bbox 248 798 361 837; x_wconf 90' lang='lat' dir='ltr'>bonis</span> <span class='ocrx_word' id='word_1_76' title='bbox 388 798 568 836; x_wconf 89' lang='lat' dir='ltr'>omnibus</span> <span class='ocrx_word' id='word_1_77' title='bbox 594 798 809 836; x_wconf 84' lang='lat' dir='ltr'>visibilibus</span> <span class='ocrx_word' id='word_1_78' title='bbox 843 804 957 849; x_wconf 89' lang='lat' dir='ltr'>atque</span> <span class='ocrx_word' id='word_1_79' title='bbox 989 799 1306 849; x_wconf 85' lang='lat' dir='ltr'>intellegibilibus</span> <span class='ocrx_word' id='word_1_80' title='bbox 1339 811 1396 837; x_wconf 84' lang='lat' dir='ltr'>re-</span> 
     </span>
     <span class='ocr_line' id='line_1_12' title="bbox 64 853 1399 908; baseline -0.001 -12"><span class='ocrx_word' id='word_1_81' title='bbox 64 857 158 908; x_wconf 89' lang='lat' dir='ltr'>bus,</span> <span class='ocrx_word' id='word_1_82' title='bbox 195 858 234 895; x_wconf 91' lang='lat' dir='ltr'>in</span> <span class='ocrx_word' id='word_1_83' title='bbox 268 869 344 907; x_wconf 87' lang='lat' dir='ltr'>quo</span> <span class='ocrx_word' id='word_1_84' title='bbox 383 856 478 894; x_wconf 89' lang='lat' dir='ltr'>nibil</span> <span class='ocrx_word' id='word_1_85' title='bbox 509 856 647 895; x_wconf 90' lang='lat' dir='ltr'>melius</span> <span class='ocrx_word' id='word_1_86' title='bbox 687 853 855 895; x_wconf 83' lang='lat' dir='ltr'>instituit</span> <span class='ocrx_word' id='word_1_87' title='bbox 888 869 1001 907; x_wconf 86' lang='lat' dir='ltr'>quam</span> <span class='ocrx_word' id='word_1_88' title='bbox 1036 858 1215 908; x_wconf 89' lang='lat' dir='ltr'>spiritus,</span> <span class='ocrx_word' id='word_1_89' title='bbox 1258 857 1399 907; x_wconf 90' lang='lat' dir='ltr'>quibus</span> 
     </span>
     <span class='ocr_line' id='line_1_13' title="bbox 64 915 1399 965; baseline -0.001 -12"><span class='ocrx_word' id='word_1_90' title='bbox 64 915 368 965; x_wconf 81' lang='lat' dir='ltr'>intellegentiam</span> <span class='ocrx_word' id='word_1_91' title='bbox 407 915 512 953; x_wconf 89' lang='lat' dir='ltr'>dedit</span> <span class='ocrx_word' id='word_1_92' title='bbox 544 920 582 952; x_wconf 87' lang='lat' dir='ltr'>et</span> <span class='ocrx_word' id='word_1_93' title='bbox 613 926 705 953; x_wconf 88' lang='lat' dir='ltr'>suae</span> <span class='ocrx_word' id='word_1_94' title='bbox 739 915 1075 964; x_wconf 80' lang='lat' dir='ltr'>contemplationis</span> <span class='ocrx_word' id='word_1_95' title='bbox 1108 915 1255 953; x_wconf 88' lang='lat' dir='ltr'>habiles</span> <span class='ocrx_word' id='word_1_96' title='bbox 1289 927 1399 965; x_wconf 91' lang='lat' dir='ltr'>capa-</span> 
     </span>
     <span class='ocr_line' id='line_1_14' title="bbox 66 973 1397 1024; baseline -0.001 -12"><span class='ocrx_word' id='word_1_97' title='bbox 66 985 208 1023; x_wconf 88' lang='lat' dir='ltr'>cesque</span> <span class='ocrx_word' id='word_1_98' title='bbox 249 974 308 1011; x_wconf 90' lang='lat' dir='ltr'>sui</span> <span class='ocrx_word' id='word_1_99' title='bbox 346 974 540 1023; x_wconf 77' lang='lat' dir='ltr'>praestitit</span> <span class='ocrx_word' id='word_1_100' title='bbox 578 979 692 1022; x_wconf 88' lang='lat' dir='ltr'>atque</span> <span class='ocrx_word' id='word_1_101' title='bbox 726 985 802 1010; x_wconf 89' lang='lat' dir='ltr'>una</span> <span class='ocrx_word' id='word_1_102' title='bbox 835 974 1018 1011; x_wconf 86' lang='lat' dir='ltr'>societate</span> <span class='ocrx_word' id='word_1_103' title='bbox 1053 973 1241 1024; x_wconf 73' lang='lat' dir='ltr'>devinxit,</span> <span class='ocrx_word' id='word_1_104' title='bbox 1283 985 1397 1023; x_wconf 87' lang='lat' dir='ltr'>quam</span> 
     </span>
     <span class='ocr_line' id='line_1_15' title="bbox 67 1030 1397 1081; baseline 0 -12"><span class='ocrx_word' id='word_1_105' title='bbox 67 1036 239 1069; x_wconf 83' lang='lat' dir='ltr'>sanctam</span> <span class='ocrx_word' id='word_1_106' title='bbox 278 1036 316 1068; x_wconf 89' lang='lat' dir='ltr'>et</span> <span class='ocrx_word' id='word_1_107' title='bbox 353 1042 560 1081; x_wconf 77' lang='lat' dir='ltr'>supernam</span> <span class='ocrx_word' id='word_1_108' title='bbox 593 1030 757 1068; x_wconf 88' lang='lat' dir='ltr'>dicimus</span> <span class='ocrx_word' id='word_1_109' title='bbox 791 1032 1004 1081; x_wconf 89' lang='lat' dir='ltr'>civitatem,</span> <span class='ocrx_word' id='word_1_110' title='bbox 1037 1032 1076 1068; x_wconf 93' lang='lat' dir='ltr'>in</span> <span class='ocrx_word' id='word_1_111' title='bbox 1110 1043 1184 1081; x_wconf 91' lang='lat' dir='ltr'>qua</span> <span class='ocrx_word' id='word_1_112' title='bbox 1216 1043 1291 1078; x_wconf 79' lang='lat' dir='ltr'>res,</span> <span class='ocrx_word' id='word_1_113' title='bbox 1324 1043 1397 1081; x_wconf 88' lang='lat' dir='ltr'>qua</span> 
     </span>
     <span class='ocr_line' id='line_1_16' title="bbox 66 1088 1398 1140; baseline -0.001 -13"><span class='ocrx_word' id='word_1_114' title='bbox 66 1093 336 1127; x_wconf 85' lang='lat' dir='ltr'>sustententur</span> <span class='ocrx_word' id='word_1_115' title='bbox 373 1088 553 1139; x_wconf 87' lang='lat' dir='ltr'>beatique</span> <span class='ocrx_word' id='word_1_116' title='bbox 593 1090 686 1140; x_wconf 89' lang='lat' dir='ltr'>sint,</span> <span class='ocrx_word' id='word_1_117' title='bbox 724 1088 827 1126; x_wconf 90' lang='lat' dir='ltr'>Deus</span> <span class='ocrx_word' id='word_1_118' title='bbox 866 1090 949 1138; x_wconf 89' lang='lat' dir='ltr'>ipse</span> <span class='ocrx_word' id='word_1_119' title='bbox 981 1088 1056 1126; x_wconf 88' lang='lat' dir='ltr'>illis</span> <span class='ocrx_word' id='word_1_120' title='bbox 1089 1094 1164 1140; x_wconf 90' lang='lat' dir='ltr'>est,</span> <span class='ocrx_word' id='word_1_121' title='bbox 1203 1094 1398 1139; x_wconf 85' lang='lat' dir='ltr'>tamquam</span> 
     </span>
     <span class='ocr_line' id='line_1_17' title="bbox 64 1146 1397 1197; baseline -0.001 -12"><span class='ocrx_word' id='word_1_122' title='bbox 64 1148 142 1185; x_wconf 89' lang='lat' dir='ltr'>vita</span> <span class='ocrx_word' id='word_1_123' title='bbox 168 1148 371 1196; x_wconf 87' lang='lat' dir='ltr'>victusque</span> <span class='ocrx_word' id='word_1_124' title='bbox 399 1147 633 1197; x_wconf 82' lang='lat' dir='ltr'>communis3</span> <span class='ocrx_word' id='word_1_125' title='bbox 667 1147 732 1196; x_wconf 89' lang='lat' dir='ltr'>qui</span> <span class='ocrx_word' id='word_1_126' title='bbox 758 1146 924 1185; x_wconf 86' lang='lat' dir='ltr'>liberum</span> <span class='ocrx_word' id='word_1_127' title='bbox 951 1146 1156 1185; x_wconf 81' lang='lat' dir='ltr'>arbitrium</span> <span class='ocrx_word' id='word_1_128' title='bbox 1184 1147 1309 1184; x_wconf 90' lang='lat' dir='ltr'>eidem</span> <span class='ocrx_word' id='word_1_129' title='bbox 1342 1149 1397 1185; x_wconf 80' lang='lat' dir='ltr'>iu—</span> 
     </span>
     <span class='ocr_line' id='line_1_18' title="bbox 64 1203 1399 1256; baseline -0.001 -13"><span class='ocrx_word' id='word_1_130' title='bbox 64 1204 275 1244; x_wconf 88' lang='lat' dir='ltr'>tellectuali</span> <span class='ocrx_word' id='word_1_131' title='bbox 319 1210 478 1243; x_wconf 88' lang='lat' dir='ltr'>naturae</span> <span class='ocrx_word' id='word_1_132' title='bbox 524 1203 660 1242; x_wconf 83' lang='lat' dir='ltr'>tribuit</span> <span class='ocrx_word' id='word_1_133' title='bbox 705 1204 798 1255; x_wconf 86' lang='lat' dir='ltr'>tale,</span> <span class='ocrx_word' id='word_1_134' title='bbox 843 1210 902 1250; x_wconf 92' lang='lat' dir='ltr'>ut,</span> <span class='ocrx_word' id='word_1_135' title='bbox 947 1206 979 1242; x_wconf 86' lang='lat' dir='ltr'>si</span> <span class='ocrx_word' id='word_1_136' title='bbox 1024 1204 1153 1256; x_wconf 82' lang='lat' dir='ltr'>vellet,</span> <span class='ocrx_word' id='word_1_137' title='bbox 1199 1205 1399 1243; x_wconf 82' lang='lat' dir='ltr'>desereret</span> 
     </span>
     <span class='ocr_line' id='line_1_19' title="bbox 64 1261 1397 1314; baseline 0 -13"><span class='ocrx_word' id='word_1_138' title='bbox 64 1262 200 1314; x_wconf 90' lang='lat' dir='ltr'>Deum,</span> <span class='ocrx_word' id='word_1_139' title='bbox 231 1261 511 1301; x_wconf 86' lang='lat' dir='ltr'>beatitudinem</span> <span class='ocrx_word' id='word_1_140' title='bbox 544 1262 693 1300; x_wconf 89' lang='lat' dir='ltr'>scilicet</span> <span class='ocrx_word' id='word_1_141' title='bbox 726 1274 851 1314; x_wconf 63' lang='lat' dir='ltr'>suam,</span> <span class='ocrx_word' id='word_1_142' title='bbox 883 1263 1037 1300; x_wconf 85' lang='lat' dir='ltr'>miseria</span> <span class='ocrx_word' id='word_1_143' title='bbox 1071 1264 1256 1301; x_wconf 90' lang='lat' dir='ltr'>continuo</span> <span class='ocrx_word' id='word_1_144' title='bbox 1289 1275 1397 1301; x_wconf 86' lang='lat' dir='ltr'>secu-</span> 
     </span>
     <span class='ocr_line' id='line_1_20' title="bbox 66 1320 1398 1372; baseline -0.001 -13"><span class='ocrx_word' id='word_1_145' title='bbox 66 1326 170 1372; x_wconf 67' lang='lat' dir='ltr'>tura,</span> <span class='ocrx_word' id='word_1_146' title='bbox 204 1322 270 1370; x_wconf 90' lang='lat' dir='ltr'>qui</span> <span class='ocrx_word' id='word_1_147' title='bbox 303 1332 390 1359; x_wconf 90' lang='lat' dir='ltr'>cum</span> <span class='ocrx_word' id='word_1_148' title='bbox 423 1322 637 1371; x_wconf 85' lang='lat' dir='ltr'>praesciret</span> <span class='ocrx_word' id='word_1_149' title='bbox 669 1320 824 1370; x_wconf 84' lang='lat' dir='ltr'>angelos</span> <span class='ocrx_word' id='word_1_150' title='bbox 859 1320 1045 1370; x_wconf 88' lang='lat' dir='ltr'>quosdam</span> <span class='ocrx_word' id='word_1_151' title='bbox 1077 1333 1147 1370; x_wconf 79' lang='lat' dir='ltr'>per</span> <span class='ocrx_word' id='word_1_152' title='bbox 1180 1321 1398 1371; x_wconf 87' lang='lat' dir='ltr'>elationem,</span> 
     </span>
     <span class='ocr_line' id='line_1_21' title="bbox 66 1377 1397 1429; baseline 0 -13"><span class='ocrx_word' id='word_1_153' title='bbox 66 1390 140 1429; x_wconf 91' lang='lat' dir='ltr'>qua</span> <span class='ocrx_word' id='word_1_154' title='bbox 166 1379 240 1429; x_wconf 86' lang='lat' dir='ltr'>ipsi</span> <span class='ocrx_word' id='word_1_155' title='bbox 267 1377 340 1416; x_wconf 88' lang='lat' dir='ltr'>sibi</span> <span class='ocrx_word' id='word_1_156' title='bbox 372 1377 418 1416; x_wconf 90' lang='lat' dir='ltr'>ad</span> <span class='ocrx_word' id='word_1_157' title='bbox 450 1378 601 1416; x_wconf 89' lang='lat' dir='ltr'>beatam</span> <span class='ocrx_word' id='word_1_158' title='bbox 634 1379 747 1416; x_wconf 86' lang='lat' dir='ltr'>vitam</span> <span class='ocrx_word' id='word_1_159' title='bbox 781 1378 960 1416; x_wconf 85' lang='lat' dir='ltr'>sufficere</span> <span class='ocrx_word' id='word_1_160' title='bbox 994 1378 1146 1428; x_wconf 85' lang='lat' dir='ltr'>vellent,</span> <span class='ocrx_word' id='word_1_161' title='bbox 1178 1380 1274 1416; x_wconf 90' lang='lat' dir='ltr'>tanti</span> <span class='ocrx_word' id='word_1_162' title='bbox 1307 1378 1397 1416; x_wconf 91' lang='lat' dir='ltr'>boni</span> 
     </span>
     <span class='ocr_line' id='line_1_22' title="bbox 67 1435 1397 1488; baseline 0 -14"><span class='ocrx_word' id='word_1_163' title='bbox 67 1436 289 1475; x_wconf 87' lang='lat' dir='ltr'>desertores</span> <span class='ocrx_word' id='word_1_164' title='bbox 310 1437 476 1488; x_wconf 85' lang='lat' dir='ltr'>futuros,</span> <span class='ocrx_word' id='word_1_165' title='bbox 507 1448 584 1474; x_wconf 91' lang='lat' dir='ltr'>non</span> <span class='ocrx_word' id='word_1_166' title='bbox 613 1437 668 1474; x_wconf 91' lang='lat' dir='ltr'>eis</span> <span class='ocrx_word' id='word_1_167' title='bbox 695 1435 837 1474; x_wconf 88' lang='lat' dir='ltr'>ademit</span> <span class='ocrx_word' id='word_1_168' title='bbox 863 1436 960 1474; x_wconf 81' lang='lat' dir='ltr'>lianc</span> <span class='ocrx_word' id='word_1_169' title='bbox 986 1441 1231 1487; x_wconf 88' lang='lat' dir='ltr'>potestatem,</span> <span class='ocrx_word' id='word_1_170' title='bbox 1263 1442 1397 1486; x_wconf 88' lang='lat' dir='ltr'>poten-</span> 
     </span>
     <span class='ocr_line' id='line_1_23' title="bbox 65 1494 1397 1533; baseline -0.002 0"><span class='ocrx_word' id='word_1_171' title='bbox 65 1496 142 1533; x_wconf 89' lang='lat' dir='ltr'>tius</span> <span class='ocrx_word' id='word_1_172' title='bbox 180 1499 219 1533; x_wconf 90' lang='lat' dir='ltr'>et</span> <span class='ocrx_word' id='word_1_173' title='bbox 256 1494 394 1533; x_wconf 91' lang='lat' dir='ltr'>melius</span> <span class='ocrx_word' id='word_1_174' title='bbox 437 1506 521 1532; x_wconf 88' lang='lat' dir='ltr'>esse</span> <span class='ocrx_word' id='word_1_175' title='bbox 561 1494 736 1532; x_wconf 86' lang='lat' dir='ltr'>iudicans</span> <span class='ocrx_word' id='word_1_176' title='bbox 770 1496 885 1532; x_wconf 88' lang='lat' dir='ltr'>etiam</span> <span class='ocrx_word' id='word_1_177' title='bbox 919 1494 965 1531; x_wconf 87' lang='lat' dir='ltr'>de</span> <span class='ocrx_word' id='word_1_178' title='bbox 998 1494 1106 1532; x_wconf 86' lang='lat' dir='ltr'>malis</span> <span class='ocrx_word' id='word_1_179' title='bbox 1138 1494 1237 1532; x_wconf 93' lang='lat' dir='ltr'>bene</span> <span class='ocrx_word' id='word_1_180' title='bbox 1270 1495 1397 1532; x_wconf 85' lang='lat' dir='ltr'>facere</span> 
     </span>
     <span class='ocr_line' id='line_1_24' title="bbox 66 1548 1399 1604; baseline -0.001 -14"><span class='ocrx_word' id='word_1_181' title='bbox 66 1564 180 1603; x_wconf 88' lang='lat' dir='ltr'>quam</span> <span class='ocrx_word' id='word_1_182' title='bbox 218 1552 315 1590; x_wconf 82' lang='lat' dir='ltr'>mala</span> <span class='ocrx_word' id='word_1_183' title='bbox 353 1564 438 1590; x_wconf 87' lang='lat' dir='ltr'>esse</span> <span class='ocrx_word' id='word_1_184' title='bbox 477 1564 555 1590; x_wconf 88' lang='lat' dir='ltr'>non</span> <span class='ocrx_word' id='word_1_185' title='bbox 594 1554 721 1590; x_wconf 88' lang='lat' dir='ltr'>sinere</span> <span class='ocrx_word' id='word_1_186' title='bbox 761 1548 878 1604; x_wconf 82' lang='lat' dir='ltr'>(quae</span> <span class='ocrx_word' id='word_1_187' title='bbox 919 1553 1075 1590; x_wconf 88' lang='lat' dir='ltr'>omnino</span> <span class='ocrx_word' id='word_1_188' title='bbox 1114 1552 1217 1590; x_wconf 90' lang='lat' dir='ltr'>nulla</span> <span class='ocrx_word' id='word_1_189' title='bbox 1256 1558 1399 1603; x_wconf 79' lang='lat' dir='ltr'>essent,</span> 
     </span>
     <span class='ocr_line' id='line_1_25' title="bbox 66 1609 1396 1661; baseline -0.001 -13"><span class='ocrx_word' id='word_1_190' title='bbox 66 1612 139 1649; x_wconf 91' lang='lat' dir='ltr'>nisi</span> <span class='ocrx_word' id='word_1_191' title='bbox 172 1616 308 1648; x_wconf 86' lang='lat' dir='ltr'>natura</span> <span class='ocrx_word' id='word_1_192' title='bbox 340 1609 556 1661; x_wconf 89' lang='lat' dir='ltr'>mutabilis,</span> <span class='ocrx_word' id='word_1_193' title='bbox 590 1611 762 1660; x_wconf 88' lang='lat' dir='ltr'>quamvis</span> <span class='ocrx_word' id='word_1_194' title='bbox 796 1610 893 1648; x_wconf 87' lang='lat' dir='ltr'>bona</span> <span class='ocrx_word' id='word_1_195' title='bbox 927 1616 964 1648; x_wconf 86' lang='lat' dir='ltr'>et</span> <span class='ocrx_word' id='word_1_196' title='bbox 996 1622 1016 1648; x_wconf 88' lang='lat' dir='ltr'>a</span> <span class='ocrx_word' id='word_1_197' title='bbox 1049 1622 1199 1648; x_wconf 88' lang='lat' dir='ltr'>summo</span> <span class='ocrx_word' id='word_1_198' title='bbox 1232 1610 1311 1648; x_wconf 91' lang='lat' dir='ltr'>Deo</span> <span class='ocrx_word' id='word_1_199' title='bbox 1344 1616 1396 1648; x_wconf 90' lang='lat' dir='ltr'>at-</span> 
     </span>
     <span class='ocr_line' id='line_1_26' title="bbox 66 1667 1396 1719; baseline -0.001 -13"><span class='ocrx_word' id='word_1_200' title='bbox 66 1681 141 1719; x_wconf 90' lang='lat' dir='ltr'>que</span> <span class='ocrx_word' id='word_1_201' title='bbox 173 1667 480 1706; x_wconf 85' lang='lat' dir='ltr'>incommutabili</span> <span class='ocrx_word' id='word_1_202' title='bbox 511 1668 631 1718; x_wconf 91' lang='lat' dir='ltr'>bono,</span> <span class='ocrx_word' id='word_1_203' title='bbox 670 1669 736 1718; x_wconf 88' lang='lat' dir='ltr'>qui</span> <span class='ocrx_word' id='word_1_204' title='bbox 768 1667 868 1706; x_wconf 90' lang='lat' dir='ltr'>bona</span> <span class='ocrx_word' id='word_1_205' title='bbox 900 1670 1027 1706; x_wconf 90' lang='lat' dir='ltr'>omnia</span> <span class='ocrx_word' id='word_1_206' title='bbox 1061 1667 1250 1719; x_wconf 78' lang='lat' dir='ltr'>condidit,</span> <span class='ocrx_word' id='word_1_207' title='bbox 1289 1669 1396 1706; x_wconf 88' lang='lat' dir='ltr'>insti-</span> 
     </span>
     <span class='ocr_line' id='line_1_27' title="bbox 66 1726 1397 1779; baseline -0.001 -15"><span class='ocrx_word' id='word_1_208' title='bbox 66 1731 168 1779; x_wconf 90' lang='lat' dir='ltr'>tuta,</span> <span class='ocrx_word' id='word_1_209' title='bbox 212 1726 408 1777; x_wconf 87' lang='lat' dir='ltr'>peccando</span> <span class='ocrx_word' id='word_1_210' title='bbox 450 1738 493 1764; x_wconf 91' lang='lat' dir='ltr'>ea</span> <span class='ocrx_word' id='word_1_211' title='bbox 532 1726 605 1764; x_wconf 91' lang='lat' dir='ltr'>sibi</span> <span class='ocrx_word' id='word_1_212' title='bbox 642 1727 723 1776; x_wconf 89' lang='lat' dir='ltr'>ipsa</span> <span class='ocrx_word' id='word_1_213' title='bbox 763 1726 936 1777; x_wconf 70' lang='lat' dir='ltr'>fecisset,</span> <span class='ocrx_word' id='word_1_214' title='bbox 981 1738 1057 1776; x_wconf 88' lang='lat' dir='ltr'>quo</span> <span class='ocrx_word' id='word_1_215' title='bbox 1091 1727 1206 1764; x_wconf 90' lang='lat' dir='ltr'>etiam</span> <span class='ocrx_word' id='word_1_216' title='bbox 1237 1732 1397 1776; x_wconf 88' lang='lat' dir='ltr'>peccato</span> 
     </span>
     <span class='ocr_line' id='line_1_28' title="bbox 65 1783 1396 1835; baseline -0.001 -13"><span class='ocrx_word' id='word_1_217' title='bbox 65 1796 135 1823; x_wconf 91' lang='lat' dir='ltr'>suo</span> <span class='ocrx_word' id='word_1_218' title='bbox 179 1790 276 1822; x_wconf 89' lang='lat' dir='ltr'>teste</span> <span class='ocrx_word' id='word_1_219' title='bbox 314 1785 556 1822; x_wconf 86' lang='lat' dir='ltr'>convincitur</span> <span class='ocrx_word' id='word_1_220' title='bbox 594 1783 734 1822; x_wconf 90' lang='lat' dir='ltr'>bonam</span> <span class='ocrx_word' id='word_1_221' title='bbox 773 1784 966 1822; x_wconf 88' lang='lat' dir='ltr'>conditam</span> <span class='ocrx_word' id='word_1_222' title='bbox 1006 1796 1045 1822; x_wconf 88' lang='lat' dir='ltr'>se</span> <span class='ocrx_word' id='word_1_223' title='bbox 1085 1796 1169 1821; x_wconf 90' lang='lat' dir='ltr'>esse</span> <span class='ocrx_word' id='word_1_224' title='bbox 1203 1789 1396 1835; x_wconf 80' lang='lat' dir='ltr'>naturam3</span> 
     </span>
     <span class='ocr_line' id='line_1_29' title="bbox 65 1841 1397 1894; baseline -0.001 -14"><span class='ocrx_word' id='word_1_225' title='bbox 65 1844 141 1880; x_wconf 90' lang='lat' dir='ltr'>nisi</span> <span class='ocrx_word' id='word_1_226' title='bbox 179 1843 282 1880; x_wconf 92' lang='lat' dir='ltr'>enim</span> <span class='ocrx_word' id='word_1_227' title='bbox 320 1854 502 1892; x_wconf 82' lang='lat' dir='ltr'>magnum</span> <span class='ocrx_word' id='word_1_228' title='bbox 540 1847 579 1880; x_wconf 88' lang='lat' dir='ltr'>et</span> <span class='ocrx_word' id='word_1_229' title='bbox 615 1844 717 1893; x_wconf 90' lang='lat' dir='ltr'>ipsa,</span> <span class='ocrx_word' id='word_1_230' title='bbox 756 1841 846 1880; x_wconf 88' lang='lat' dir='ltr'>licet</span> <span class='ocrx_word' id='word_1_231' title='bbox 884 1854 961 1880; x_wconf 91' lang='lat' dir='ltr'>non</span> <span class='ocrx_word' id='word_1_232' title='bbox 994 1842 1152 1892; x_wconf 89' lang='lat' dir='ltr'>aequale</span> <span class='ocrx_word' id='word_1_233' title='bbox 1186 1841 1397 1894; x_wconf 86' lang='lat' dir='ltr'>Conditori,</span> 
     </span>
     <span class='ocr_line' id='line_1_30' title="bbox 64 1899 1397 1951; baseline -0.001 -13"><span class='ocrx_word' id='word_1_234' title='bbox 64 1899 210 1938; x_wconf 91' lang='lat' dir='ltr'>bonum</span> <span class='ocrx_word' id='word_1_235' title='bbox 250 1905 370 1951; x_wconf 89' lang='lat' dir='ltr'>esset,</span> <span class='ocrx_word' id='word_1_236' title='bbox 408 1900 583 1950; x_wconf 82' lang='lat' dir='ltr'>profecto</span> <span class='ocrx_word' id='word_1_237' title='bbox 617 1899 786 1938; x_wconf 83' lang='lat' dir='ltr'>desertio</span> <span class='ocrx_word' id='word_1_238' title='bbox 819 1899 888 1938; x_wconf 88' lang='lat' dir='ltr'>Dei</span> <span class='ocrx_word' id='word_1_239' title='bbox 921 1905 1115 1950; x_wconf 89' lang='lat' dir='ltr'>tamquam</span> <span class='ocrx_word' id='word_1_240' title='bbox 1148 1899 1305 1937; x_wconf 89' lang='lat' dir='ltr'>luminis</span> <span class='ocrx_word' id='word_1_241' title='bbox 1338 1901 1397 1937; x_wconf 89' lang='lat' dir='ltr'>sui</span> 
     </span>
     <span class='ocr_line' id='line_1_31' title="bbox 65 1957 1396 2009; baseline 0 -14"><span class='ocrx_word' id='word_1_242' title='bbox 65 1957 208 1996; x_wconf 87' lang='lat' dir='ltr'>malum</span> <span class='ocrx_word' id='word_1_243' title='bbox 240 1959 324 1997; x_wconf 87' lang='lat' dir='ltr'>eius</span> <span class='ocrx_word' id='word_1_244' title='bbox 357 1970 442 1996; x_wconf 90' lang='lat' dir='ltr'>esse</span> <span class='ocrx_word' id='word_1_245' title='bbox 468 1969 546 1996; x_wconf 91' lang='lat' dir='ltr'>non</span> <span class='ocrx_word' id='word_1_246' title='bbox 577 1963 726 2009; x_wconf 82' lang='lat' dir='ltr'>posset3</span> <span class='ocrx_word' id='word_1_247' title='bbox 760 1970 846 1996; x_wconf 88' lang='lat' dir='ltr'>uam</span> <span class='ocrx_word' id='word_1_248' title='bbox 881 1960 981 1996; x_wconf 90' lang='lat' dir='ltr'>sicut</span> <span class='ocrx_word' id='word_1_249' title='bbox 1014 1960 1177 1996; x_wconf 85' lang='lat' dir='ltr'>caecitas</span> <span class='ocrx_word' id='word_1_250' title='bbox 1211 1957 1314 1996; x_wconf 86' lang='lat' dir='ltr'>oculi</span> <span class='ocrx_word' id='word_1_251' title='bbox 1346 1959 1396 1995; x_wconf 89' lang='lat' dir='ltr'>vi-</span> 
     </span>
     <span class='ocr_line' id='line_1_32' title="bbox 66 2015 1396 2067; baseline -0.001 -13"><span class='ocrx_word' id='word_1_252' title='bbox 66 2017 163 2054; x_wconf 88' lang='lat' dir='ltr'>tium</span> <span class='ocrx_word' id='word_1_253' title='bbox 195 2021 254 2054; x_wconf 92' lang='lat' dir='ltr'>est</span> <span class='ocrx_word' id='word_1_254' title='bbox 285 2021 324 2054; x_wconf 94' lang='lat' dir='ltr'>et</span> <span class='ocrx_word' id='word_1_255' title='bbox 354 2015 457 2054; x_wconf 89' lang='lat' dir='ltr'>idem</span> <span class='ocrx_word' id='word_1_256' title='bbox 494 2018 622 2067; x_wconf 86' lang='lat' dir='ltr'>ipsum</span> <span class='ocrx_word' id='word_1_257' title='bbox 654 2015 798 2054; x_wconf 90' lang='lat' dir='ltr'>indicat</span> <span class='ocrx_word' id='word_1_258' title='bbox 830 2016 874 2053; x_wconf 91' lang='lat' dir='ltr'>ad</span> <span class='ocrx_word' id='word_1_259' title='bbox 908 2016 1038 2054; x_wconf 86' lang='lat' dir='ltr'>lumen</span> <span class='ocrx_word' id='word_1_260' title='bbox 1072 2015 1280 2053; x_wconf 83' lang='lat' dir='ltr'>videndum</span> <span class='ocrx_word' id='word_1_261' title='bbox 1312 2027 1396 2054; x_wconf 88' lang='lat' dir='ltr'>esse</span> 
     </span>
    </p>
   </div>
   <div class='ocr_carea' id='block_1_3' title="bbox 62 2150 1399 2371">
    <p class='ocr_par' dir='ltr' id='par_1_4' title="bbox 62 2150 1399 2371">
     <span class='ocr_line' id='line_1_33' title="bbox 159 2150 1399 2194; baseline -0.001 -8"><span class='ocrx_word' id='word_1_262' title='bbox 159 2155 200 2186; x_wconf 84' lang='lat'>17</span> <span class='ocrx_word' id='word_1_263' title='bbox 228 2151 342 2185; x_wconf 78' lang='lat' dir='ltr'>uellet,</span> <span class='ocrx_word' id='word_1_264' title='bbox 372 2151 535 2186; x_wconf 83' lang='lat' dir='ltr'>deserere</span> <span class='ocrx_word' id='word_1_265' title='bbox 561 2150 731 2192; x_wconf 60' lang='lat' dir='ltr'>RParr„</span> <span class='ocrx_word' id='word_1_266' title='bbox 763 2151 858 2185; x_wconf 88' lang='lat' dir='ltr'>uelle</span> <span class='ocrx_word' id='word_1_267' title='bbox 892 2151 1035 2184; x_wconf 79' lang='lat' dir='ltr'>dese1e1:</span> <span class='ocrx_word' id='word_1_268' title='bbox 1061 2150 1095 2184; x_wconf 81' lang='lat' dir='ltr'><strong><em>A</em></strong></span> <span class='ocrx_word' id='word_1_269' title='bbox 1132 2152 1143 2194; x_wconf 81' lang='grc' dir='ltr'>ΙΙ</span> <span class='ocrx_word' id='word_1_270' title='bbox 1183 2154 1224 2185; x_wconf 85' lang='grc'>18</span> <span class='ocrx_word' id='word_1_271' title='bbox 1252 2150 1399 2186; x_wconf 61' lang='lat' dir='ltr'>miseria</span> 
     </span>
     <span class='ocr_line' id='line_1_34' title="bbox 65 2197 1397 2241; baseline 0 -9"><span class='ocrx_word' id='word_1_272' title='bbox 65 2199 158 2233; x_wconf 75' lang='lat' dir='ltr'>cont.</span> <span class='ocrx_word' id='word_1_273' title='bbox 188 2197 376 2241; x_wconf 73' lang='lat' dir='ltr'>sequitura</span> <span class='ocrx_word' id='word_1_274' title='bbox 407 2197 459 2231; x_wconf 82' lang='lat' dir='ltr'>R1</span> <span class='ocrx_word' id='word_1_275' title='bbox 491 2199 584 2241; x_wconf 81' lang='lat' dir='ltr'>(post</span> <span class='ocrx_word' id='word_1_276' title='bbox 609 2197 797 2241; x_wconf 76' lang='lat' dir='ltr'>sequitura</span> <span class='ocrx_word' id='word_1_277' title='bbox 822 2201 892 2231; x_wconf 80' lang='lat' dir='ltr'>tres</span> <span class='ocrx_word' id='word_1_278' title='bbox 917 2198 990 2239; x_wconf 70' lang='lat' dir='ltr'>fere</span> <span class='ocrx_word' id='word_1_279' title='bbox 1016 2197 1154 2231; x_wconf 77' lang='lat' dir='ltr'>litterae</span> <span class='ocrx_word' id='word_1_280' title='bbox 1181 2198 1296 2241; x_wconf 71' lang='lat' dir='ltr'>(quiP)</span> <span class='ocrx_word' id='word_1_281' title='bbox 1323 2209 1397 2232; x_wconf 77' lang='lat' dir='ltr'>em-</span> 
     </span>
     <span class='ocr_line' id='line_1_35' title="bbox 63 2243 1397 2287; baseline -0.001 -9"><span class='ocrx_word' id='word_1_282' title='bbox 63 2254 122 2278; x_wconf 76' lang='lat' dir='ltr'>sae</span> <span class='ocrx_word' id='word_1_283' title='bbox 146 2247 265 2287; x_wconf 48' lang='lat' dir='ltr'>sunm·</span> <span class='ocrx_word' id='word_1_284' title='bbox 297 2245 334 2278; x_wconf 78' lang='lat' dir='ltr'>et</span> <span class='ocrx_word' id='word_1_285' title='bbox 358 2245 452 2278; x_wconf 72' lang='lat' dir='ltr'>cont.</span> <span class='ocrx_word' id='word_1_286' title='bbox 479 2243 627 2278; x_wconf 82' lang='lat' dir='ltr'>miseria</span> <span class='ocrx_word' id='word_1_287' title='bbox 653 2245 821 2278; x_wconf 73' lang='lat' dir='ltr'>secutura</span> <span class='ocrx_word' id='word_1_288' title='bbox 847 2244 901 2284; x_wconf 86' lang='lat' dir='ltr'>A;</span> <span class='ocrx_word' id='word_1_289' title='bbox 935 2244 1028 2277; x_wconf 76' lang='lat' dir='ltr'>cont.</span> <span class='ocrx_word' id='word_1_290' title='bbox 1056 2243 1206 2278; x_wconf 83' lang='lat' dir='ltr'>miseria</span> <span class='ocrx_word' id='word_1_291' title='bbox 1231 2255 1397 2287; x_wconf 70' lang='lat' dir='ltr'>sequem-</span> 
     </span>
     <span class='ocr_line' id='line_1_36' title="bbox 62 2289 1395 2370; baseline 0 -46"><span class='ocrx_word' id='word_1_292' title='bbox 62 2291 123 2324; x_wconf 76' lang='lat' dir='ltr'>tur</span> <span class='ocrx_word' id='word_1_293' title='bbox 143 2300 200 2334; x_wconf 79' lang='lat' dir='ltr'>e9;</span> <span class='ocrx_word' id='word_1_294' title='bbox 218 2290 398 2370; x_wconf 49' lang='lat' dir='ltr'>{continuo</span> <span class='ocrx_word' id='word_1_295' title='bbox 418 2289 565 2324; x_wconf 82' lang='lat' dir='ltr'>miseria</span> <span class='ocrx_word' id='word_1_296' title='bbox 592 2292 688 2324; x_wconf 74' lang='lat' dir='ltr'>esset</span> <span class='ocrx_word' id='word_1_297' title='bbox 715 2292 882 2324; x_wconf 81' lang='lat' dir='ltr'>secutura</span> <span class='ocrx_word' id='word_1_298' title='bbox 908 2290 1334 2334; x_wconf 72' lang='lat' dir='ltr'>ecld.vett.(554,12)u</span> <span class='ocrx_word' id='word_1_299' title='bbox 1354 2295 1395 2324; x_wconf 79' lang='lat'>27</span> 
     </span>
     <span class='ocr_line' id='line_1_37' title="bbox 64 2346 191 2371; baseline 0.008 -1"><span class='ocrx_word' id='word_1_300' title='bbox 64 2347 102 2370; x_wconf 87' lang='lat' dir='ltr'>se</span> <span class='ocrx_word' id='word_1_301' title='bbox 127 2346 191 2371; x_wconf 86' lang='lat' dir='ltr'>om.</span> 
     </span>
    </p>
   </div>
   <div class='ocr_carea' id='block_1_4' title="bbox 1426 808 1467 838">
    <p class='ocr_par' dir='ltr' id='par_1_5' title="bbox 1426 808 1467 838">
     <span class='ocr_line' id='line_1_38' title="bbox 1426 808 1467 838; baseline 0.024 -1"><span class='ocrx_word' id='word_1_302' title='bbox 1426 808 1467 838; x_wconf 82' lang='lat'>10</span> 
     </span>
    </p>
   </div>
  </div>
 </body>
</html>
