1548 2562
346 123 398 148 DE
418 122 606 148 CIVITATE
625 123 695 147 DEI
714 123 746 147 L.
766 123 846 148 XIV.
867 122 895 148 0.
916 123 956 148 12.
978 124 1018 148 13.
1292 112 1344 153 31

553 242 707 285 CAPUT
739 243 832 285 XII.

114 318 174 356 De
204 319 396 365 qualitate
421 318 585 365 peccate·
614 328 638 353 a
666 319 807 365 primis
837 318 1058 356 hominibus
1089 318 1260 355 admissi.

145 398 186 437 Si
223 410 338 448 quem
375 409 466 435 vero
504 403 651 449 movet,
690 410 760 436 cur
797 397 880 435 aliis
920 399 1088 448 peccatis
1127 399 1182 435 sic
1213 403 1350 436 natura

27 469 104 496 non
137 462 310 495 mutetur
347 456 530 507 humana,
568 468 684 506 quem
715 456 761 494 ad
793 456 948 494 modun]
980 455 1041 494 illa
1074 455 1240 494 duorum
1271 457 1350 506 pri-

27 527 180 554 morum
216 515 417 552 hominum
460 515 788 564 praevaricatione
834 520 979 552 mutata
1019 519 1094 566 est,
1139 518 1183 552 ut
1222 519 1349 552 tantae
1376 520 1395 550 5

27 571 281 625 corruptioni,
313 578 495 623 quantam
521 572 694 610 videmus
720 577 835 622 atque
862 574 1062 623 sentimus,
1093 578 1132 610 et
1156 584 1226 623 per
1252 572 1350 610 hanc

28 631 246 670 subiaceret
277 636 315 669 et
346 632 462 669 morti
488 642 531 669 ac
562 635 620 669 tot
652 636 690 668 et
720 631 837 668 tantis
869 636 1023 680 tamque
1054 633 1156 669 inter
1188 643 1228 669 se
1261 643 1350 669 con-

27 692 157 729 trariis
199 688 499 740 perturbaretur
547 694 585 727 et
627 688 834 727 fluctuaret
878 688 1096 740 affectibus,
1146 689 1268 738 qualis
1311 690 1351 727 in

27 749 204 799 paradiso
242 753 329 786 ante
367 753 587 798 peccatum,
626 746 717 785 licet
759 748 799 785 in
843 759 1005 797 corpore
1045 747 1198 785 animali
1238 752 1351 799 esset,

27 808 162 857 utique
188 818 265 844 non
292 806 364 843 fuit
395 827 451 833 —
483 807 516 844 si
541 807 628 856 quis
653 805 726 843 hoc
752 810 941 856 movetur,
972 810 1016 843 ut
1041 805 1130 856 dixi,
1161 818 1238 843 non
1264 806 1350 843 ideo
1380 812 1420 842 10

27 864 143 903 debet
173 865 393 902 existimare
434 863 516 902 leve
548 875 591 902 ac
622 876 782 914 parvum
814 863 907 901 illud
940 863 1059 901 fnisse
1092 865 1352 915 commissum,

28 925 117 974 quia
142 924 183 961 in
209 934 297 960 esca
323 923 465 960 factum
499 927 568 973 est,
600 934 677 960 non
704 922 859 972 quidem
892 921 988 959 mala
1022 934 1091 959 nec
1124 923 1247 973 noxia,
1279 923 1353 959 nisi

29 983 117 1032 quia
153 980 364 1032 prohibita3
407 992 533 1030 neque
573 981 675 1018 enim
714 982 918 1030 quicquam
959 980 1046 1017 mali
1078 980 1180 1018 Deus
1218 981 1257 1017 in
1288 979 1352 1017 illo

28 1045 156 1078 tantae
196 1038 389 1077 felicitatis
421 1038 506 1076 loco
539 1044 690 1076 crearet
721 1044 835 1088 atque
868 1038 1069 1089 plantaret.
1132 1038 1207 1076 Sed
1239 1038 1351 1075 oboe-

28 1099 172 1137 dientia
198 1097 465 1135 commendata
491 1102 550 1135 est
574 1098 613 1134 in
640 1102 860 1148 praecepto,
893 1108 990 1146 quae
1023 1098 1145 1134 virtus
1177 1097 1217 1134 in
1249 1108 1352 1134 crea·
1381 1104 1421 1133 15

27 1162 116 1195 tura
146 1155 323 1194 rationali
354 1160 476 1193 mater
507 1155 673 1205 quodam
705 1155 818 1193 modo
851 1160 910 1193 est
941 1156 1113 1197 omnium
1145 1160 1353 1204 custosque

27 1217 231 1265 virtutum3
276 1213 428 1263 quando
475 1213 631 1263 quidem
674 1215 726 1251 ita
764 1214 862 1251 facta
901 1218 975 1265 est,
1013 1219 1055 1251 ut
1095 1214 1130 1251 ei
1162 1213 1352 1251 subditam

29 1285 114 1311 esse
147 1274 197 1311 sit
228 1271 340 1323 utile3
379 1273 642 1322 perniciosum
674 1278 801 1310 autem
835 1283 960 1322 suam,
1002 1283 1078 1309 non
1111 1272 1194 1309 eius
1226 1284 1246 1308 a
1278 1284 1353 1321 quo

30 1336 158 1369 creata
202 1336 262 1368 est
298 1330 425 1367 facere
463 1329 710 1368 voluntatem.
778 1329 859 1367 Iloc
899 1331 1028 1379 itaque
1070 1330 1116 1367 de
1160 1341 1238 1368 uno
1279 1329 1354 1367 cibi

30 1401 171 1440 genere
209 1400 287 1427 non
331 1388 498 1434 edendo,
536 1387 603 1426 ubi
641 1388 804 1426 aliorum
842 1394 945 1426 tanta
979 1389 1087 1438 copia
1120 1387 1354 1439 subiacebat,
1380 1396 1424 1426 20

30 1454 107 1486 tam
137 1447 220 1485 leve
252 1452 504 1497 praeceptum
536 1446 582 1484 ad
615 1446 910 1498 observandum,
941 1451 1019 1484 tam
1050 1446 1166 1483 breve
1199 1445 1244 1483 ad
1277 1458 1353 1483 me-

30 1507 152 1544 moria
178 1505 436 1555 retinendum,
468 1503 535 1542 ubi
566 1505 796 1555 praesertim
828 1504 998 1542 nondum
1032 1504 1218 1542 voluntati
1250 1505 1355 1554 cupi-

31 1564 128 1602 ditas
155 1562 373 1614 resistebat,
406 1563 508 1613 quod
535 1562 581 1601 de
607 1575 731 1613 poena
756 1564 1077 1613 transgressionis
1102 1567 1235 1613 postea
1267 1561 1354 1600 sub-

32 1627 208 1661 secutum
241 1627 316 1672 est,
357 1626 463 1659 tanto
496 1622 640 1658 maiore
672 1622 861 1658 iniustitia
892 1620 1073 1658 violatum
1106 1625 1181 1672 est,
1213 1625 1354 1670 quanto

31 1680 202 1719 faciliore
234 1684 368 1730 posset
398 1678 641 1717 observantia
673 1678 873 1717 custodiri.
1382 1685 1424 1715 25

543 1803 698 1846 CAPUT
730 1803 845 1844 XIH.

84 1878 198 1925 Quod
226 1880 267 1916 in
293 1878 649 1926 praevaricatione
679 1876 793 1915 Adae
824 1888 922 1925 opus
952 1879 1097 1915 malum
1128 1879 1309 1915 voluntas

480 1936 751 1984 praecesserit
782 1938 897 1973 mala.

148 2017 189 2055 In
216 2017 367 2055 occulto
393 2021 521 2055 autem
547 2015 636 2054 mali
660 2028 746 2054 esse
779 2022 1003 2067 coeperunt,
1036 2021 1078 2054 ut
1110 2017 1148 2054 in
1181 2021 1353 2066 apertam

32 2075 356 2114 inoboedientiam
398 2074 632 2113 laberentur.
705 2073 789 2112 Non
834 2076 935 2112 enim
979 2074 1025 2112 ad
1069 2073 1208 2112 malum
1254 2086 1352 2124 opus
1380 2081 1423 2111 30

125 2191 145 2221 2
170 2191 212 2221 ut
236 2187 353 2221 editur
377 2186 428 2228 V,·
452 2186 562 2230 primi
585 2186 729 2230 peccati
752 2197 817 2230 per
842 2185 1028 2219 hominem
1054 2185 1204 2219 admissi
1228 2196 1248 2219 v
1286 2187 1297 2229 ΙΙ
1334 2189 1354 2219 7

34 2235 72 2269 et,
95 2234 204 2268 morti
238 2233 361 2273 VAE&
386 2233 495 2267 morti
519 2234 631 2277 01127
659 2244 748 2277 opus
782 2232 832 2274 V,·
865 2233 911 2266 ad
936 2243 1026 2276 opus
1051 2233 1164 2276 υ1128
1189 2242 1355 2276 praeces-

34 2281 122 2315 serit
152 2281 198 2324 V;
223 2280 422 2325 praecessit
445 2291 466 2313 v
