1548 2562
400 146 452 171 DE
471 146 660 171 01v1⁷rATE
679 146 748 171 DEI
767 147 800 172 L.
822 146 885 171 xv.
905 146 934 171 c.
955 147 978 171 9.
1300 136 1353 176 75

140 236 216 272 Vix
245 236 359 272 illum
390 230 555 287 (inquit)
590 235 682 272 lecti
712 235 771 273 bis
805 247 873 272 sex
904 235 1054 273 cervice
1087 235 1277 281 subirent,

141 293 280 337 Qualia,
310 306 412 330 nunc
443 293 644 330 hominum
675 294 856 341 producit
887 305 1050 341 corpora
1081 293 1213 343 tellus,

23 374 244 424 significans
280 375 425 412 maiora
470 380 564 411 tunc
612 385 775 424 corpora
818 373 1035 424 producere
1077 373 1202 412 solere
1243 373 1353 411 tellu-

24 444 118 470 rem.
168 431 320 476 Quanto
348 432 469 482 magis
497 432 615 481 igitur
642 431 882 481 temporibus
908 432 1193 470 recentioribus
1220 431 1355 470 mundi

24 495 111 528 ante
154 489 249 528 illud
293 489 420 527 nobile
459 489 773 539 diffamatumque
811 489 1014 528 diluvium!
1066 489 1141 528 Sed
1180 490 1227 528 de
1271 502 1355 528 cor·
1382 497 1402 528 5

23 559 163 599 porum
218 547 481 598 magnitudine
536 547 768 598 plerumque
824 547 1046 585 incredulos
1095 548 1238 587 nudata
1286 560 1357 598 per

24 611 256 644 vetustatem
288 607 366 643 sive
404 617 475 656 per
505 606 581 643 vim
612 605 816 644 fluminum
848 608 1051 656 variosque
1085 618 1197 644 casus
1230 606 1356 657 sepul-

24 676 90 702 cra
120 665 372 714 convincunt,
415 663 482 701 ubi
514 670 779 714 apparuerunt
816 663 875 701 vel
906 664 1009 701 unde
1043 665 1270 703 ceciderunt
1300 666 1356 702 in-

24 721 220 761 credibilis
258 721 532 772 magnitudinis
573 733 659 759 ossa
705 728 960 759 mortuorum.
1032 722 1115 760 Vidi
1155 724 1237 773 ipse
1280 735 1358 760 non

25 780 142 832 solus,
173 779 240 818 sed
267 779 413 830 aliquot
438 791 590 817 mecum
616 781 657 817 in
683 779 855 817 Uticensi
880 779 992 817 litore
1018 780 1203 818 molarem
1235 781 1355 819 homi·
1386 789 1427 820 10

24 840 84 877 nis
105 838 261 876 dentem
280 844 358 876 tam
378 839 586 889 ingentem,
606 843 661 889 ut,
681 839 713 875 si
734 839 772 875 in
788 843 1013 876 nostrorum
1027 839 1202 877 dentium
1222 839 1356 877 modu-

24 896 82 935 los
108 898 327 934 minutatim
353 896 636 946 concideretur,
668 902 824 934 centum
857 895 969 934 nohis
1001 897 1199 935 videretur
1230 898 1358 935 facere

24 956 210 1006 potuisse.
273 954 349 992 Sed
387 954 494 992 illum
532 955 697 1004 gigantis
742 954 904 992 alicuius
949 956 1068 992 fuisse
1113 955 1357 993 crediderim.

25 1012 121 1050 Nam
164 1017 320 1063 praeter
363 1012 467 1062 quod
517 1018 628 1050 erant
678 1014 851 1050 omnium
894 1012 1015 1050 multo
1068 1025 1182 1063 quam
1226 1019 1359 1051 nostra

24 1072 170 1109 maiora
195 1076 288 1108 tunc
315 1082 490 1121 corpora,
522 1071 696 1120 gigantes
720 1070 834 1120 longe
861 1072 1003 1108 ceteris
1036 1071 1251 1122 anteibant3
1285 1073 1356 1109 sic-
1386 1079 1428 1108 15

27 1134 69 1168 ut
109 1128 192 1166 aliis
232 1128 371 1166 deinde
411 1130 633 1179 nostrisque
679 1128 921 1178 temporibus
953 1141 1038 1166 rara
1072 1129 1246 1180 quidem,
1291 1129 1358 1167 sed

25 1198 237 1236 numquam
256 1187 377 1224 ferme
404 1186 625 1238 defuerunt,
651 1198 747 1236 quae
775 1187 933 1224 modum
958 1187 1122 1225 aliorum
1148 1187 1361 1238 plurimum

27 1245 272 1283 excederent.
332 1245 481 1283 Plinius
515 1244 737 1296 Secundus,
770 1245 1018 1283 doctissimus
1050 1246 1182 1292 homo,
1216 1253 1359 1296 quanto

26 1304 147 1353 magis
184 1304 385 1353 magisque
423 1304 610 1353 praeterit
654 1302 798 1340 saeculi
836 1315 1043 1353 excursus,
1087 1305 1237 1341 minora
1275 1316 1359 1341 cor-

25 1373 120 1412 pora
151 1366 328 1399 naturam
366 1362 468 1399 ferre
508 1366 690 1411 testatur3
729 1361 832 1411 quod
864 1363 979 1399 etiam
1011 1361 1224 1400 Homerum
1257 1373 1358 1400 com·
1386 1369 1431 1400 20

26 1424 216 1457 memorat
241 1431 355 1469 saepe
381 1420 550 1457 carmine
578 1420 697 1457 fuisse
724 1425 994 1471 conquestum,
1027 1432 1104 1457 non
1130 1420 1224 1458 haec
1257 1420 1362 1458 velut

26 1479 178 1529 poetica
216 1478 397 1527 figmenta
435 1477 634 1527 deridens,
673 1477 739 1515 sed
779 1479 834 1526 in,
856 1477 1081 1516 historicam
1120 1478 1233 1516 fidem
1266 1484 1360 1516 tam-

27 1547 143 1586 quam
168 1535 443 1573 miraculorum
470 1535 704 1574 naturalium
737 1537 904 1585 scriptor
936 1535 1154 1574 adsumens.
1206 1536 1360 1588 Verum,

26 1600 71 1633 ut
107 1593 203 1645 dixi,
240 1595 489 1644 antiquorum
527 1593 812 1643 magnitudines
852 1605 1062 1644 corporum
1094 1596 1249 1631 inventa
1281 1594 1359 1644 ple-

27 1664 192 1702 rumque
214 1664 311 1702 ossa,
339 1653 520 1702 quoniam
541 1651 724 1689 diuturna
751 1656 854 1702 sunt,
881 1653 996 1689 etiam
1024 1652 1143 1690 multo
1170 1654 1359 1702 posterio-
1387 1658 1430 1689 25

28 1709 137 1748 ribus
193 1709 356 1747 saeculis
411 1709 593 1760 produnt.
672 1709 872 1747 Annorum
922 1716 1051 1747 autem
1101 1712 1361 1748 numerositas

29 1769 218 1818 cuiusque
251 1767 435 1818 hominis,
473 1779 570 1818 quae
603 1766 847 1817 temporibus
878 1767 952 1805 illis
986 1768 1076 1819 suit,
1108 1768 1224 1806 nullis
1257 1780 1361 1806 nunc

28 1825 169 1864 talibus
208 1825 451 1864 documentis
489 1827 621 1863 venire
659 1827 699 1863 in
738 1827 1048 1875 experimentum
1080 1832 1220 1876 potest.
1282 1826 1361 1878 Nec

28 1889 157 1922 tamen
177 1883 264 1921 ideo
290 1884 384 1922 fides
410 1895 541 1922 sacrae
569 1883 658 1921 huic
684 1883 867 1921 historiae
896 1884 1113 1934 deroganda
1147 1891 1217 1935 est,
1250 1886 1361 1922 cuius

29 1947 135 1980 tanto
178 1942 430 1992 inpudentius
471 1948 625 1980 narrata
664 1953 741 1979 non
775 1941 988 1993 credimus,
1033 1948 1176 1992 quanto
1209 1942 1362 1992 impleri
1388 1950 1432 1980 30

30 2001 175 2038 certius
201 2001 470 2050 praenuntiata
497 2000 770 2050 conspicimus.
832 1999 932 2038 Dicit
959 2006 1085 2038 tamen
1113 2001 1227 2038 etiam
1259 2000 1362 2038 idem

29 2057 176 2096 Plinius
215 2070 300 2096 esse
338 2058 461 2096 adhuc
502 2063 675 2108 gentem,
714 2057 780 2096 ubi
822 2058 1010 2096 ducentos
1049 2069 1170 2095 annos
1211 2059 1360 2096 vivitur.

124 2160 158 2202 2)
184 2159 272 2193 Aen.
296 2162 349 2202 12,
376 2162 442 2193 899
463 2169 515 2202 sq.
568 2159 625 2201 18)
652 2157 693 2192 H.
709 2158 753 2193 N.
783 2162 814 2200 7,
843 2162 894 2193 16.
947 2160 1004 2202 32)
1030 2157 1073 2192 H.
1089 2158 1132 2193 N.
1162 2162 1192 2201 7,
1220 2162 1263 2193 48
1278 2160 1360 2202 (49).

123 2302 168 2332 29
193 2297 278 2333 huic
311 2297 400 2332 VFv
424 2301 501 2340 (78,
527 2301 607 2341 15),·
632 2297 738 2331 huius
764 2297 836 2331 ΒΑ
855 2298 867 2341 ΙΙ
886 2296 1102 2341 deneganda
1127 2296 1163 2331 R
