1548 2562
456 168 508 192 DE
528 167 715 192 CIVITATE
735 167 802 191 DEI
820 167 853 191 L.
873 166 969 191 XVII.
989 166 1018 191 G.
1039 167 1062 191 1.
1341 154 1423 196 197

95 270 231 309 porum
275 268 512 307 procurrens
556 256 625 294 Dei
669 257 802 294 civitas
845 254 1041 293 indicabit.
1103 254 1292 299 Quoniam
1331 266 1423 304 ergo

95 317 307 367 superioris
344 314 434 353 libri
470 326 594 364 usque
634 314 680 351 ad
720 325 887 364 regnum
916 313 1032 351 David
1071 313 1195 351 factus
1235 317 1293 350 est
1324 313 1424 364 finis,

95 386 197 413 nunc
235 373 282 412 ab
323 373 459 412 eodem
490 384 629 423 regne,
669 377 854 422 quantum
887 377 1068 422 suscepto
1101 372 1210 422 operi
1242 371 1422 409 sufficere

94 433 264 484 videtur,
301 437 430 470 cetera
468 443 565 481 quae
605 436 824 480 sequuntur
861 430 1105 480 adtingimus.
1173 428 1255 467 Hoc
1293 430 1422 479 itaque

94 497 266 541 tempus,
311 502 357 528 ex
401 502 476 540 quo
521 494 678 527 sanctus
723 488 877 526 Samuel
920 488 1152 539 prophetare
1197 489 1341 539 coepit,
1385 493 1424 526 et

95 549 297 599 deinceps,
346 549 469 587 donec
508 546 674 598 populus
717 545 835 584 Israel
878 548 1051 597 captivus
1093 548 1133 584 in
1176 545 1424 597 Babyloniam

95 608 307 646 duceretur
338 612 452 657 atque
485 605 573 644 inde
606 605 821 643 secundum
855 607 976 642 sancti
1008 604 1224 642 Hieremiae
1256 604 1422 655 prophe-

94 668 187 704 tiam
218 672 306 716 post
338 663 579 716 septuaginta
618 676 739 701 annos
770 664 937 701 reversis
969 662 1153 700 Israelitis
1185 662 1255 700 Dei
1286 663 1424 700 domus

94 726 397 775 instauraretur,
434 729 560 761 totum
598 728 751 773 tempus
792 727 851 760 est
890 722 1179 772 prophetarum.
1242 720 1424 765 Quamvis

96 784 197 821 enim
223 788 262 821 et
292 784 421 833 ipsum
447 781 527 819 Noe
559 780 829 831 patriarcham,
861 781 899 817 in
932 781 1043 817 cuius
1076 779 1213 817 diebus
1244 781 1424 817 universa

95 841 238 879 diluvio
270 846 376 879 terra
407 840 532 878 deleta
565 845 641 889 est,
673 844 712 877 et
742 838 836 876 alios
869 850 985 888 supra
1019 844 1056 876 et
1088 838 1187 885 infra
1220 850 1344 887 usque
1377 836 1423 875 ad

95 899 168 938 1106
213 906 382 950 tempus,
426 910 502 948 quo
549 910 660 948 reges
703 898 742 934 in
775 896 844 934 Dei
886 896 1028 947 populo
1073 908 1158 934 esse
1199 901 1425 947 coeperunt,

95 963 256 1009 propter
282 957 468 1008 quaedam
492 968 564 1007 per
596 968 662 994 eos
695 956 826 993 futura
859 956 937 992 sive
963 966 1127 1007 quoquo
1159 954 1273 992 modo
1307 956 1422 1004 signi-

96 1018 208 1055 ficata
248 1017 327 1054 sive
368 1015 585 1066 praedicta,
626 1026 722 1064 quae
764 1015 1008 1064 pertinerent
1045 1012 1090 1050 ad
1129 1014 1322 1051 civitatem
1355 1012 1424 1050 Dei

97 1086 337 1125 regnumque
380 1073 596 1125 caelorum,
639 1085 716 1110 non
761 1068 941 1114 inmerito
982 1083 1190 1122 possumus
1232 1070 1422 1121 appellare

96 1133 319 1184 prophetas,
350 1133 580 1183 praesertim
606 1132 694 1181 quia
722 1129 929 1168 nonnullos
963 1142 1097 1167 eorum
1129 1129 1167 1167 id
1201 1130 1424 1180 expiessius

96 1193 260 1242 legimus
292 1196 553 1251 nuncupatos,
585 1191 686 1227 sicut
717 1188 925 1239 Abraham,
958 1190 1059 1226 sicut
1089 1188 1264 1238 Moysen:
1297 1193 1425 1243 tamen

99 1251 180 1288 dies
212 1249 423 1300 propheta1
427 1260 492 1287 um
521 1249 730 1299 praecipue
762 1248 1004 1297 maximeque
1037 1246 1076 1284 111
1108 1247 1201 1284 dicti
1234 1252 1341 1298 sunt,
1379 1241 1426 1284 ex

98 1321 174 1359 quo
201 1309 329 1358 coepit
359 1306 592 1358 plophetare
621 1305 786 1352 Samuel,
820 1307 885 1355 qui
918 1311 956 1343 et
983 1305 1137 1343 Saulem
1168 1306 1278 1355 prius
1310 1310 1349 1342 et
1380 1316 1425 1342 eo

98 1366 305 1418 reprobato
342 1367 470 1416 ipsum
503 1365 619 1402 David
651 1364 730 1402 Deo
769 1365 1031 1414 praecipiente
1071 1365 1181 1401 unxit
1212 1365 1251 1400 in
1284 1375 1427 1414 regem,

98 1426 144 1464 de
186 1427 297 1463 cuius
338 1425 459 1462 ceteri
501 1425 621 1474 stirpe
663 1423 939 1473 succederent,
980 1433 1184 1472 quousque
1224 1421 1310 1459 illos
1342 1433 1427 1459 suc-

99 1484 237 1522 cedere
271 1485 325 1521 sic
350 1488 560 1533 oporteret.
623 1481 727 1526 Quae
760 1482 878 1531 igitur
911 1493 930 1518 a
962 1480 1163 1530 prophetis
1195 1485 1286 1518 sunt
1317 1492 1426 1530 prae-

99 1543 199 1581 dicta
225 1541 271 1579 de
301 1540 467 1592 Christo,
499 1553 586 1578 cum
620 1539 820 1577 moriendo
853 1538 1131 1576 decedentibus
1164 1544 1202 1576 et
1233 1538 1427 1576 nascendo

99 1599 399 1639 succedentibus
438 1600 518 1637 suis
555 1597 740 1636 membris
780 1599 912 1635 civitas
945 1596 1013 1634 Dei
1044 1609 1113 1647 per
1145 1598 1219 1634 ista
1250 1601 1429 1634 curreret

99 1665 286 1709 tempora,
317 1659 349 1695 si
375 1658 501 1695 omnia
527 1656 640 1694 velim
674 1667 989 1707 commemorare,
1020 1656 1059 1692 in
1090 1656 1309 1692 inmensum
1342 1667 1427 1705 per-

100 1719 216 1768 gitur,
247 1717 416 1767 primum
444 1716 532 1765 qnia
557 1716 639 1765 ipsa
665 1716 870 1764 scriptura,
896 1726 993 1763 quae
1020 1725 1089 1763 per
1115 1713 1290 1751 ordinem
1316 1725 1428 1763 reges

101 1786 314 1825 eorumque
354 1774 452 1812 facta
491 1778 528 1811 et
567 1778 701 1811 eventa
739 1772 918 1822 digerens
957 1771 1108 1809 videtur
1147 1777 1342 1821 tamquam
1373 1771 1428 1809 hi-

101 1835 243 1872 storica
275 1832 471 1882 diligentia
505 1830 623 1869 rebus
655 1833 773 1881 gestis
806 1836 991 1881 occupata
1024 1842 1109 1867 esse
1142 1829 1365 1881 narrandis,
1398 1831 1430 1867 si

101 1891 303 1930 adiuvante
337 1890 405 1928 Dei
438 1891 577 1940 spiritu
609 1889 851 1927 considerata
884 1894 1089 1940 tractetur,
1131 1888 1187 1925 vel
1220 1889 1339 1938 magis
1372 1887 1430 1932 vel

103 1956 209 1988 certe
248 1962 323 1987 non
364 1950 492 1986 minus
530 1948 850 1999 praenuntiandis
889 1948 1031 1985 suturis
1064 1958 1177 1996 qnam
1208 1947 1429 1997 praeteritis

106 2007 352 2046 enuntiandis
378 2008 597 2045 invenietur
622 2008 786 2058 intenta,
819 2001 878 2058 (et
908 2005 981 2043 1106
1013 2005 1293 2055 perscrutando
1326 2004 1429 2043 inda-

199 2110 233 2152 7)
258 2108 415 2141 Hierem.
444 2110 498 2150 25,
527 2111 580 2141 11.
632 2110 688 2150 17)
715 2106 802 2140 Gen.
830 2111 886 2149 20,
913 2110 942 2140 7.
997 2109 1051 2148 17)
1078 2105 1184 2139 Dent.
1212 2109 1266 2148 34,
1295 2109 1347 2140 10.

198 2241 214 2270 1
243 2235 422 2269 indicauit
447 2236 481 2268 A
508 2237 520 2278 ΙΙ
554 2239 571 2269 7
600 2234 772 2269 Ieremiae
798 2245 817 2268 v
843 2236 855 2278 ΙΙ
886 2238 926 2268 11
956 2234 1043 2267 data
1068 2233 1140 2274 R¹;
1166 2233 1291 2267 deluta
1316 2233 1409 2277 122(st

103 2283 219 2317 diluta
243 2282 392 2326 AFef92
422 2284 520 2323 (196,
547 2285 590 2322 8,·
621 2282 642 2315 Ζ.
670 2285 720 2316 20
745 2284 853 2316 618
876 2281 979 2322 med.)
1011 2282 1022 2323 ΙΙ
1056 2283 1096 2313 15
1122 2291 1313 2324 possumus
1338 2280 1429 2321 BA,-

102 2329 281 2374 possimus
305 2339 324 2362 v
344 2330 356 2372 ΙΙ
375 2332 418 2362 22
445 2328 518 2362 sint
541 2308 618 2361 A⁷F

1450 496 1469 525 07!

1452 788 1493 819 10

1452 1079 1493 1110 15

1453 1372 1496 1403 20

1454 1663 1497 1694 25

1456 1955 1527 1991 30,
