1611 2465
74 821 115 850 10

74 1113 115 1143 15

141 114 226 155 366
671 123 700 149 s,
720 123 936 150 AuousmI

666 232 822 276 CAPUT
850 233 947 276 VII.

142 320 202 359 De
222 321 454 358 diversitate
473 320 716 367 linquarum,
742 330 822 367 qua
842 321 1014 358 societas
1039 320 1238 359 hominum
1265 322 1482 370 dirimitur,
1514 331 1518 334 ·

206 383 245 417 et
275 380 325 416 de
355 379 520 416 miseria
553 378 756 426 bellorum,
788 380 908 416 etlam
939 389 1043 426 quae
1075 380 1179 417 iusta
1212 381 1414 419 dicuntur.

259 459 353 498 Post
391 460 587 498 civitatem
624 458 683 501 vel
721 458 860 498 urbem
898 461 1077 510 sequitur
1119 459 1225 499 orbis
1257 466 1404 514 terrae,
1442 463 1483 501 in

142 531 219 570 quo
251 519 412 557 tertium
443 517 607 568 gradum
639 524 791 569 ponunt
821 520 1019 557 societatis
1051 518 1262 571 humanae,
1293 521 1482 572 incipien-

140 584 201 616 tes
233 589 253 615 a
285 576 400 615 domo
433 583 549 627 atque
580 577 670 615 inde
703 576 749 615 ad
783 575 939 629 urbem,
976 576 1115 615 deinde
1148 577 1194 616 ad
1227 577 1363 617 orbem
1394 591 1481 630 pro-

141 635 355 687 grediendo
382 637 600 687 venientes3
633 637 699 685 qui
731 637 880 687 utique,
913 637 1014 674 sicut
1045 648 1235 686 aquarum
1267 639 1484 690 congeries,

142 700 287 745 quanto
326 696 450 733 maior
489 699 565 742 est,
611 698 718 732 tanto
756 694 943 745 periculis
981 694 1143 745 plenior.
1206 694 1249 734 In
1288 708 1365 746 quo
1404 697 1495 747 pri-‘

141 766 248 792 mum
289 753 510 804 linguarum
555 752 760 791 diversitas
804 752 1002 791 hominem
1043 752 1183 792 alienat
1226 753 1273 792 ab
1314 754 1481 793 homine.

141 812 238 850 Nam
279 813 312 850 si
350 811 427 850 duo
467 811 623 850 sibimet
665 813 833 850 invicem
871 812 966 850 fiant
1011 811 1163 850 obviam
1207 824 1334 863 neque
1371 825 1482 864 prae-

141 872 279 923 terire,
321 870 389 909 sed
428 870 543 909 simul
584 882 670 908 esse
709 870 836 921 aliqua
873 872 1106 909 necessitate
1139 876 1346 924 cogantur,
1388 883 1483 922 quo-

142 942 229 968 rum
274 935 414 968 neuter
458 929 629 980 linguam
678 930 786 967 novit
834 929 1013 968 alterius:
1063 929 1214 968 facilius
1259 929 1332 968 sibi
1376 935 1483 969 muta

142 988 331 1039 animalia,
364 989 480 1026 etiam
512 987 656 1026 diversi
683 989 851 1039 generis,
884 987 998 1038 quam
1030 987 1097 1039 illi,
1129 1000 1217 1027 cum
1251 990 1328 1027 sint
1359 988 1482 1027 homi-

141 1059 211 1085 nes
251 1046 381 1098 ambo,
423 1048 633 1085 sociantur.
696 1046 858 1091 Quando
897 1048 1002 1085 enim
1043 1058 1140 1097 quae
1174 1048 1350 1086 sentiunt
1379 1049 1483 1086 inter

142 1118 183 1144 se
222 1106 511 1143 communicare
549 1116 627 1142 non
664 1110 831 1156 possunt
870 1110 1032 1156 propter
1066 1105 1185 1143 solam
1217 1105 1482 1144 diversitatem

141 1164 313 1215 linguae,
351 1163 447 1202 nihil
484 1162 646 1214 prodest
683 1163 729 1201 ad
769 1163 1051 1202 consociandos
1083 1163 1261 1202 homines
1293 1169 1399 1203 tanta
1431 1166 1482 1203 si-

98 1270 100 1272 v
141 1222 319 1260 militudo
346 1227 525 1273 naturae3
556 1223 609 1260 ita
641 1227 684 1260 ut
716 1222 901 1260 libentius
932 1222 1048 1260 homo
1081 1224 1131 1260 sit
1162 1234 1252 1261 cum
1284 1234 1377 1261 cane
1410 1235 1482 1262 suo

72 1405 114 1436 20

71 1990 114 2020 30

143 1292 259 1331 quam
296 1293 386 1319 cum
422 1280 580 1318 homine
618 1280 754 1318 alieno.
817 1282 865 1318 At
903 1281 1007 1318 enim
1044 1292 1163 1331 opera
1201 1281 1287 1319 data
1320 1287 1397 1333 est,
1438 1286 1483 1320 ut

142 1340 348 1390 imperiosa
382 1340 517 1377 civitas
548 1350 626 1377 non
660 1338 785 1377 solum
816 1341 962 1389 iugum,
994 1351 1131 1377 verum
1164 1341 1279 1378 etiam
1311 1339 1482 1391 linguam

142 1410 251 1436 suam
278 1397 435 1435 domitis
461 1397 643 1447 gentibus
669 1409 739 1448 per
765 1409 901 1448 pacem
933 1399 1130 1436 societatis
1162 1399 1381 1451 inponeret,
1411 1411 1483 1450 per

142 1468 256 1507 quam
289 1469 367 1494 non
400 1456 572 1507 deesset,
603 1457 721 1494 immo
755 1462 794 1494 et
825 1455 1042 1495 abundaret
1073 1457 1189 1495 etiam
1220 1458 1482 1508 interpretum

142 1516 262 1565 copia.
325 1513 469 1552 Verum
508 1520 584 1566 est3
624 1515 691 1553 sed
729 1514 803 1552 hoc
836 1527 951 1565 quam
984 1514 1116 1553 multis
1149 1521 1187 1554 et
1219 1527 1335 1566 quam
1366 1527 1479 1566 gran-

141 1573 255 1611 dibus
299 1572 431 1620 bellis‚
478 1579 620 1624 quanta
664 1579 792 1623 strage
836 1573 1059 1626 hominum,
1104 1579 1247 1624 quanta
1291 1574 1480 1614 effusione

141 1632 301 1670 humani
351 1633 551 1682 sanguinis
601 1637 867 1682 comparatum
918 1630 1006 1671 est?
1068 1632 1218 1678 Quibus
1261 1634 1482 1685 transactis,

142 1702 220 1729 non
252 1695 313 1728 est
344 1696 473 1729 tamen
500 1691 715 1729 eorundem
748 1690 938 1729 malorum
970 1691 1077 1729 finita
1109 1692 1277 1729 miseria.
1339 1691 1480 1737 Quam-

141 1751 210 1787 visv
230 1750 334 1787 enim
360 1761 438 1786 non
465 1749 663 1787 defuerint
687 1761 815 1799 neque
847 1749 976 1788 desint
1007 1749 1140 1787 hostes
1171 1756 1327 1788 exterae
1360 1752 1481 1789 natio-

142 1819 232 1859 nes,
276 1813 411 1846 contra
453 1819 549 1857 quas
579 1819 742 1858 semper
783 1807 882 1845 bella
920 1813 1028 1858 gesta
1066 1813 1158 1856 sunt
1196 1813 1234 1846 et
1271 1814 1481 1859 geruntur:

142 1872 270 1904 tamen
303 1867 419 1904 etiam
458 1867 540 1916 ipsa
582 1867 736 1916 imperii
768 1865 931 1904 latitudo
964 1867 1117 1916 peperit
1147 1867 1293 1917 peioris
1324 1868 1480 1917 generis

142 1924 254 1976 bella,
286 1916 441 1962 socialia
468 1924 618 1962 scilicet
650 1930 688 1962 et
719 1924 856 1975 civilia,
889 1924 1031 1974 quibus
1064 1924 1323 1963 miserabilius
1356 1926 1478 1975 quati-

142 1989 206 2021 tur
239 1983 452 2020 humanum
484 1994 626 2034 genus,
664 1984 743 2020 sive
777 1994 866 2020 cum
898 1982 1166 2032 belligeratur,
1199 1988 1243 2021 ut
1275 1983 1480 2033 aliquando

142 2043 444 2092 conquiescant,
493 2042 573 2079 sive
618 2052 707 2078 cum
751 2042 932 2092 timetur,
983 2052 1030 2078 ne
1074 2053 1214 2079 rursus
1258 2047 1478 2092 exsurgant.

142 2099 318 2144 Quorum
359 2099 548 2137 malorum
587 2099 726 2137 multas
767 2105 805 2137 ct
837 2099 1072 2150 multiplices
1105 2099 1250 2146 clades,
1293 2099 1410 2138 duras
1442 2105 1481 2138 et

142 2158 244 2195 diras
283 2159 538 2196 necessitates
581 2159 614 2195 si
651 2162 695 2195 ut
732 2157 893 2207 dignum
925 2162 985 2195 est
1015 2157 1146 2208 eloqui
1178 2157 1309 2210 velim,
1348 2169 1478 2209 quam—

239 2296 280 2326 12
305 2293 404 2326 norit
429 2293 595 2337 linguam
619 2304 639 2327 ὐ
659 2294 670 2337 ΙΙ
691 2297 734 2327 20
761 2304 864 2327 suam
890 2304 954 2328 om.
981 2292 1017 2327 R
