1611 2465
164 52 250 93 448
706 59 732 85 S.
752 58 971 86 AUGUSTIXI

166 150 318 189 dubitat
358 150 489 189 dicere
530 149 791 200 perditionem
831 149 1025 201 futuram,
1068 160 1157 187 cum
1196 154 1325 187 tamen
1367 160 1504 188 eorum

167 210 343 260 quamvis
375 210 415 247 in
449 209 619 246 aeternis
652 209 789 260 poenis
822 208 873 245 sit
905 219 1088 246 mansura
1120 213 1269 246 natura.
1334 207 1504 253 Quaerat

165 268 329 307 forsitan
361 267 520 318 aliquis,
553 268 586 305 si
617 272 705 318 post
737 267 883 305 factum
915 266 1102 304 iudicium
1134 267 1208 305 iste
1241 266 1412 305 mundus
1444 279 1503 305 ar-

167 326 295 378 debit,
339 332 549 377 antequam
585 337 657 376 pro
695 325 760 363 illo
802 325 953 363 caelum
994 337 1137 363 novum
1180 331 1220 364 et
1260 331 1365 364 terra
1407 337 1505 364 nova

119 394 139 425 5
167 390 392 437 reponatur,
425 396 470 422 eo
503 386 588 435 ipso
615 389 792 435 tempore
826 383 1140 435 conflagrationis
1174 386 1257 423 eius
1289 383 1356 423 ubi
1388 390 1506 423 erunt

167 445 302 495 sancti,
334 455 425 482 cum
451 455 517 481 eos
543 442 732 482 habentes
764 454 928 494 corpora
960 444 998 481 in
1033 442 1160 493 aliquo
1194 442 1388 494 corporali
1418 442 1505 481 loco

166 515 252 541 esse
284 514 447 541 necesse
480 503 540 541 sit.
602 501 817 541 Possumus
859 501 1098 553 respondere
1131 502 1286 540 futuros
1319 514 1386 540 eos
1419 513 1505 540 esse

165 562 205 600 in
251 561 522 612 superioribus
564 560 762 613 partibus,
807 572 884 611 quo
922 562 975 599 ita
1012 572 1089 598 non
1130 561 1314 599 ascendet
1352 560 1505 598 flamma

165 619 268 658 illius
300 620 489 672 incendii,
528 632 644 670 quem
683 619 729 658 ad
762 619 921 658 modum
953 631 1025 657 nec
1057 619 1160 657 unda
1193 619 1337 658 diluvii.
1399 618 1504 657 Talia

97 689 139 719 10
166 680 310 730 quippe
342 678 417 717 illis
449 680 609 717 inerunt
641 690 817 730 corpora,
849 683 893 716 ut
924 677 1001 716 illic
1035 679 1123 730 sint,
1156 677 1223 716 ubi
1256 690 1341 716 esse
1374 677 1504 716 volue-

165 738 257 776 rint.
322 736 397 775 Sed
436 750 508 776 nec
546 739 676 788 ignem
722 737 1036 788 conflagrationis
1076 736 1181 775 illius
1224 738 1503 788 pertimescent

165 795 393 834 inmortales
434 802 550 847 atque
590 795 909 847 incorruptibiles
949 795 1058 847 facti,
1101 796 1133 834 si
1171 797 1345 834 virorum
1383 796 1505 834 trium

167 854 436 906 corruptibilia
481 866 645 906 corpora
689 860 806 906 atque
851 853 1029 893 mortalia
1071 855 1111 892 in
1157 855 1307 892 camino
1352 854 1506 892 ardenti

166 913 311 952 inlaesa
342 915 472 952 vivere
503 919 729 965 potuerunt.

97 1086 138 1117 15
691 1072 847 1115 CAPUT
874 1073 986 1115 XIX.

172 1160 278 1206 Quid
313 1161 513 1208 aposlolus
551 1159 703 1197 Paulus
749 1158 1162 1197 Thessalonicensibus
1203 1160 1415 1207 scripserit
1458 1161 1508 1198 de

206 1217 529 1266 manifestatione
559 1218 815 1264 Antichristi,
854 1219 969 1255 cuius
1007 1222 1157 1267 tempus
1190 1219 1274 1256 dies
1306 1218 1468 1256 Domini

698 1276 971 1323 subsequetur.

284 1358 424 1396 Multas
451 1357 692 1408 evangelicas
718 1356 1028 1408 apostolicasque
1056 1358 1270 1396 sententias
1297 1357 1343 1396 de
1376 1357 1504 1397 divino

97 1427 140 1458 20
166 1419 241 1456 isto
274 1417 419 1455 iudicio
452 1417 662 1454 novissimo
694 1415 804 1454 video
846 1415 940 1454 mihi
973 1428 1059 1454 esse
1091 1416 1416 1469 praetereundas,
1456 1429 1504 1456 ne

166 1475 240 1514 hoc
285 1475 466 1513 volumen
510 1476 550 1512 in
594 1476 752 1512 nimiam
797 1474 1081 1525 longitudinem
1124 1475 1393 1527 provolvatur3
1438 1475 1506 1514 sed

167 1534 273 1573 nullo
305 1533 420 1572 modo
454 1538 513 1572 est
544 1532 855 1584 praetereundus
887 1533 1086 1584 apostolus
1118 1532 1283 1586 Paulus,
1314 1535 1382 1584 qui
1413 1536 1507 1573 scri-

167 1592 264 1631 bens
297 1592 342 1631 ad
375 1591 765 1630 Thessalonicenses:
803 1592 1025 1640 Royamus,
1057 1593 1203 1644 inquit,
1235 1604 1312 1640 vos,
1341 1592 1508 1641 fratres,

163 1664 240 1701 per
266 1653 480 1690 adventum
511 1651 674 1689 Domini
697 1652 827 1689 nostri
851 1651 944 1689 Iesu
976 1651 1124 1688 Christi
1154 1655 1192 1689 et
1222 1656 1385 1690 nostrae
1416 1663 1507 1690 con-

98 1719 141 1750 25
165 1712 416 1758 yreqationis
443 1712 483 1748 in
510 1711 647 1758 ipsum,
680 1714 725 1747 ut
749 1720 828 1748 non
854 1711 932 1747 cito
958 1711 1195 1747 moveamini
1224 1715 1352 1748 mente
1382 1722 1510 1758 neque

169 1770 408 1808 terreamini
443 1780 570 1816 neque
597 1780 674 1817 per
711 1769 896 1817 spiritum
928 1779 1055 1815 neque
1081 1779 1158 1816 per
1189 1769 1351 1806 verbum
1383 1780 1510 1817 neque

165 1839 242 1876 per
269 1828 478 1876 epistulam
505 1827 707 1874 tamquam
729 1838 806 1875 per
831 1838 911 1872 7208,
944 1828 1062 1874 quasi·
1086 1828 1204 1865 instet
1228 1828 1312 1865 dies
1338 1827 1507 1873 Domini,

169 1898 219 1924 ne
249 1887 337 1933 quis
369 1896 435 1923 vos
466 1886 635 1923 seducat
659 1887 737 1923 ullo
769 1886 882 1923 modo
891 1898 905 1929 ;
935 1886 1123 1932 quoniam
1155 1886 1234 1922 nisi
1263 1887 1416 1924 venerit
1446 1897 1509 1924 re-

166 1943 270 1992 fuqa
296 1945 472 1993 primum
505 1947 543 1982 et
573 1945 774 1982 revelatus
801 1942 932 1991 fuerit
961 1944 1074 1981 homo
1102 1945 1280 1991 peccati,
1309 1945 1418 1990 filius
1451 1946 1508 1982 in-

268 2058 324 2099 14)
350 2056 440 2091 Dan.
468 2059 500 2099 3,
527 2058 583 2090 25.

266 2188 284 2218 7
314 2184 376 2230 sit]
404 2185 460 2218 est
484 2183 535 2217 R¹
568 2184 579 2227 Η
616 2187 656 2217 12
684 2183 713 2218 si
737 2193 827 2225 mss,·
859 2182 954 2218 sicul:
977 2194 997 2217 v
1028 2184 1040 2226 ΙΙ
1071 2187 1114 2218 27
1147 2194 1213 2228 per
1238 2194 1303 2218 nos
1330 2183 1420 2219 R¹A
1445 2194 1511 2220 sec.

172 2231 297 2266 Graec.
308 2245 320 2273 ‚·
351 2242 417 2275 per
441 2242 507 2265 nos
532 2230 680 2264 missam
705 2241 725 2264 v
