1548 2562
366 130 419 154 DE
438 129 625 155 01V1¹rA⁷rE
644 130 714 154 DEI
733 130 766 155 L.
785 130 849 155 xv.
868 129 898 155 c.
917 131 960 155 23.
1246 120 1327 161 109

2 217 135 257 fraude
173 217 324 256 deiecit.
385 217 551 268 Angelos
591 223 721 257 autem
752 219 871 256 fuisse
903 219 1018 256 etiam
1051 218 1119 257 Dei
1150 218 1327 256 homines

2 281 244 326 nuncupatos
282 275 415 314 eadem
462 278 655 326 scriptura
702 282 832 314 sancta
872 276 1174 327 locupletissima
1215 278 1328 315 testis

1 339 70 372 est.
130 333 226 372 Nam
263 339 302 372 et
340 334 385 372 de
424 333 591 372 Iohanne
631 336 820 385 scriptum
852 340 933 373 est:
977 335 1085 374 Ecce
1116 337 1224 374 mitto
1256 347 1326 373 an-

0 394 128 441 qelum
165 403 292 431 meum
331 397 424 430 ante
460 391 609 440 faciem
650 397 774 441 tuam,
819 395 889 441 qui
920 395 1188 443 praeparabit
1224 396 1327 432 viam

1 455 125 498 tuam,
158 456 197 488 et
227 450 425 488 Malachiel
456 450 644 501 propheta
674 452 831 501 propria
863 450 1046 503 quadam,
1077 451 1115 489 id
1148 456 1208 489 est
1237 463 1325 502 pro-

0 509 82 559 prie
115 508 188 546 sibi
219 510 403 559 inpertita
435 510 556 558 gratia
588 508 715 547 dictus
748 514 807 547 est
838 509 1007 559 angelus.

117 565 260 605 Verum
292 566 366 605 hoc
398 572 525 604 movet
557 566 761 619 quosdam,
799 567 902 617 quod
935 579 981 606 ex
1013 567 1105 619 illis,
1137 569 1203 618 qui
1234 568 1327 606 dicti

0 629 90 663 sunt
128 624 252 675 angeli
292 624 378 676 Dei,
416 630 454 662 et
493 637 539 662 ex
570 624 817 676 mulieribus,
849 637 944 675 quas
976 631 1217 677 amaverunt,
1248 638 1327 664 non

0 684 109 733 quasi
145 683 323 721 homines
363 684 516 733 generis
556 684 697 734 nostri,
739 683 805 721 sed
838 685 1013 733 gigantes
1045 684 1209 734 legimus
1241 697 1325 722 esse

0 746 119 779 natos.
194 740 312 786 Quasi
355 753 445 779 vero
495 753 659 792 corpora
701 741 902 779 hominum
946 742 1104 780 modum
1148 748 1326 781 nostrum

0 798 109 849 longe
148 800 390 851 excedentia,
435 799 537 849 quod
576 801 691 837 etiam
736 811 853 850 supra
890 802 1204 853 commemoravi,
1248 813 1326 839 non

0 858 112 895 etiam
150 859 294 895 nostris
332 857 573 908 temporibus
612 863 699 895 nata
732 863 833 896 sunt.
894 857 1030 896 Nonne
1063 864 1150 897 ante
1182 871 1326 909 paucos

0 927 129 967 annos,
161 928 250 954 cum
275 916 468 954 Romanae
502 915 610 954 urhis
642 916 744 966 quod
777 928 797 953 a
829 915 963 953 Gothis
996 917 1139 955 factum
1172 923 1231 955 est
1262 918 1324 955 ad-

0 975 278 1024 propinquaret
304 974 508 1025 excidium,
540 973 683 1012 Romae
717 976 788 1012 fuit
820 975 961 1012 femina
993 987 1081 1013 cum
1114 987 1183 1013 suo
1216 981 1324 1026 patre

0 1037 36 1070 et
66 1044 136 1070 sua
166 1038 301 1084 matre,
333 1044 430 1082 quae
462 1044 625 1082 corpore
659 1032 825 1082 quodam
856 1033 969 1070 modo
1002 1034 1180 1084 giganteo
1212 1034 1325 1083 longe

0 1091 138 1128 ceteris
170 1088 459 1141 praemineret?
520 1090 574 1128 Ad
615 1103 730 1141 quam
762 1090 962 1129 visendam
993 1091 1179 1129 mirabilis
1212 1092 1326 1130 fiebat

0 1160 276 1199 usquequaque
304 1161 530 1187 concursus.
592 1148 641 1187 Et
666 1149 738 1187 hoc
766 1155 848 1187 erat
874 1151 1037 1187 maxime
1071 1149 1326 1202 admirationi,

0 1206 100 1257 quod
139 1206 251 1245 ambo
288 1212 470 1257 parentes
508 1208 592 1245 eius
633 1219 705 1245 nec
738 1207 872 1245 saltem
904 1213 982 1245 tam
1013 1207 1117 1258 longi
1148 1208 1324 1246 homines

0 1270 124 1317 erant,
164 1276 278 1316 quam
316 1265 561 1316 longissimos
599 1265 729 1303 videre
762 1267 1047 1304 consuevimus.
1107 1266 1325 1305 Potuerunt

0 1324 114 1374 igitur
145 1324 318 1374 gigantes
350 1325 473 1375 nasci,
512 1329 550 1361 et
580 1325 689 1374 prius
722 1336 836 1374 quam
868 1324 936 1362 filii
966 1323 1053 1376 Dei,
1092 1326 1157 1375 qui
1190 1330 1229 1363 et
1260 1338 1323 1363 an-

0 1381 71 1432 geli
102 1380 170 1419 Dei
202 1381 294 1420 dicti
327 1387 433 1433 sunt,
477 1381 628 1420 filiabus
659 1382 876 1433 hominum,
914 1382 986 1420 hoc
1019 1388 1079 1420 est
1109 1382 1325 1421 secundum

0 1439 191 1478 hominem
234 1441 462 1491 viventium,
501 1441 778 1491 miscerentur3
816 1440 883 1478 filii
922 1440 1069 1478 scilicet
1103 1440 1195 1479 Seth
1238 1441 1324 1479 siliis

0 1496 101 1536 Cain.
164 1497 259 1536 Nam
302 1503 341 1536 et
384 1499 568 1536 canonica
613 1500 806 1549 scriptura
844 1500 900 1536 sic
938 1498 1129 1550 loquitur,
1167 1501 1206 1537 in
1247 1512 1323 1550 quo

0 1555 95 1594 libro
126 1556 221 1594 haec
247 1556 422 1607 legimus,
454 1558 566 1594 cuius
598 1556 715 1594 verba
746 1558 817 1595 ista
851 1562 958 1595 sunt:
992 1558 1043 1595 Et
1069 1557 1224 1605 factum
1256 1563 1323 1605 est,

0 1619 199 1663 postquam
232 1620 448 1663 coeperunt
471 1616 647 1653 homines
678 1617 792 1653 multi
816 1617 913 1661 fieri
940 1627 1061 1663 super
1093 1620 1255 1663 terram,
1288 1622 1324 1655 el

0 1675 103 1712 (iliae
140 1678 261 1711 nacae
297 1677 389 1711 sunt
426 1675 523 1717 2'll2'.s·,·
561 1675 735 1711 videntes
774 1678 904 1711 autem
943 1676 1079 1721 anqelz'
1109 1674 1186 1712 Dei
1216 1677 1324 1720 filias

0 1732 209 1779 hominum,
248 1733 343 1779 quia
382 1732 508 1770 bonae
543 1736 657 1778 sunt,
700 1736 953 1780 sumpserunt
987 1733 1065 1769 sibi
1093 1743 1242 1770 uxores
1273 1744 1325 1771 ex

0 1790 176 1827 omnibus
213 1801 313 1837 quas
351 1792 565 1837 eleqerunt.
629 1790 680 1827 Et
717 1791 821 1827 dixit
852 1790 1042 1828 Dominus
1074 1790 1200 1828 Deus:
1238 1792 1324 1829 Non

0 1848 243 1896 permanebit
277 1850 443 1896 spiritus
477 1859 585 1886 meus
617 1850 657 1886 in
688 1849 910 1886 hominibus
940 1849 1001 1886 his
1034 1850 1073 1886 in
1106 1853 1323 1895 aeternum,

0 1910 158 1955 propter
189 1907 296 1954 quod
325 1917 423 1943 earo
454 1911 555 1944 sunt.
618 1906 749 1944 Erunt
786 1911 917 1944 aulem
949 1908 1032 1945 dies
1064 1918 1200 1945 eorum
1232 1919 1321 1946 cen-

0 1968 76 2002 tum
109 1966 252 2012 viqz'nlz'
284 1966 390 2002 cmm'.
457 1965 645 2012 quantes
676 1969 808 2003 autem
840 1969 958 2003 erant
987 1976 1107 2014 super
1139 1969 1252 2004 terra
1282 1967 1325 2004 in

89 2066 123 2107 5)
148 2064 213 2098 Mr.
243 2068 274 2107 1,
299 2068 330 2099 2.
381 2067 415 2108 6)
442 2064 597 2099 Malach.
625 2068 657 2107 2,
685 2069 715 2100 7.

92 2196 133 2226 12
161 2193 246 2226 sunt
276 2192 423 2227 VRAF
442 2194 518 2235 (35,
543 2196 601 2235 9);
627 2193 700 2227 sint
724 2204 743 2228 v
768 2195 780 2237 ΙΙ
804 2197 848 2228 20
874 2205 960 2237 ergo
986 2204 1006 2227 v
1031 2195 1043 2238 ΙΙ
1067 2197 1112 2228 22
1138 2193 1224 2228 filiis
1257 2194 1326 2229 VR

0 2238 112 2280 (Neue
138 2239 174 2281 I,
193 2250 233 2282 p.
260 2242 311 2274 27
335 2243 443 2283 sqq.)‚·
475 2239 620 2274 filiabus
646 2240 702 2275 Av
739 2241 751 2284 ss
787 2244 830 2275 28
856 2241 1044 2285 elegerant
1068 2251 1088 2274 v
1125 2242 1137 2284 ΙΙ
1174 2245 1217 2275 30
1243 2241 1324 2276 illo-

0 2296 76 2318 rum
109 2285 156 2319 V¹
175 2287 186 2329 ΙΙ
206 2289 247 2320 31
273 2286 371 2320 'nerra
404 2286 452 2327 V‚-
477 2288 613 2320 terram
637 2297 658 2320 v

1354 752 1395 782 10

1355 1044 1394 1074 15

1351 1335 1394 1366 20

1350 1627 1393 1657 25

1351 1918 1394 1949 30
