1611 2465
155 404 174 434 <51

132 695 173 725 10

132 985 172 1016 15

127 1279 172 1309 20

127 1570 170 1600 25

125 1861 169 1892 30

123 2151 167 2182 35

202 61 286 102 213
741 71 768 97 s.
786 71 1004 98 Auocsnm

203 160 463 199 sacerdotium
502 162 622 199 fuisse
661 166 870 212 mutatum,
909 166 947 199 et
986 161 1087 211 quod
1127 162 1181 200 illi
1213 162 1345 200 domui
1377 165 1541 213 promis-

203 231 287 257 sum
327 224 403 270 est,
442 232 513 257 nec
553 221 702 270 sperari
741 219 946 269 aliquando
980 220 1273 272 complendum,
1315 222 1405 271 quia
1436 221 1542 273 illud,

202 277 304 327 quod
338 279 372 316 ei
405 277 612 329 reprobato
645 283 870 327 mutatoque
898 278 1089 329 succedit,
1121 278 1194 317 hoc
1225 281 1356 330 potius
1387 280 1537 330 praedi-

202 342 311 374 catur
355 341 569 374 aeternum.
632 336 713 374 IIoc
758 338 824 386 qui
868 336 980 388 dicit,
1025 337 1196 375 nondum
1241 337 1431 388 intellegit
1475 345 1540 377 aut

201 407 278 432 non
312 394 449 433 recolit
482 396 597 433 etiam
636 396 764 445 ipsum
797 394 1012 434 secundum
1045 396 1220 434 ordinem
1253 396 1380 434 Aaron
1414 409 1540 435 sacer—

201 453 350 490 dotium
382 458 578 503 tamquam
612 453 789 491 umbram
823 453 944 492 futuri
977 455 1126 492 aeterni
1158 454 1365 492 sacerdotii
1397 457 1540 494 consti-

201 517 348 562 tutum3
391 523 434 549 ac
472 524 542 562 per
579 512 671 563 hoc,
717 512 870 562 quando
910 514 1119 550 aeternitas
1162 515 1197 551 ei
1237 515 1428 563 promissa
1470 520 1540 567 est,

201 582 277 607 non
305 571 379 620 ipsi
404 569 565 608 umbrae
593 583 635 608 ac
662 571 819 622 figurae,
853 570 919 608 sed
947 572 993 622 ei,
1027 571 1128 621 quod
1157 583 1227 622 per
1252 573 1374 622 ipsam
1408 572 1539 612 adum-

200 627 386 666 brabatur
413 628 744 681 figurabaturque,
770 630 1007 680 promissum
1034 635 1104 668 est.
1156 629 1231 668 Sed
1259 642 1307 668 ne
1334 636 1539 681 putaretur

200 688 282 737 ipsa
314 686 453 725 umbra
485 699 570 726 esse
597 699 791 739 mansura,
823 687 910 725 ideo
943 688 1060 726 etiam
1092 690 1254 727 mutatio
1288 690 1371 727 eius
1404 689 1540 729 debuit

198 744 436 796 prophetari.

317 803 496 854 Regnum
535 816 690 855 quoque
732 806 806 842 isto
839 804 953 842 modo
987 806 1102 842 etiam
1137 804 1262 843 Saulis
1293 807 1434 858 ipsius,
1473 809 1540 857 qui

201 868 308 900 certe
335 862 568 913 reprobatus
595 869 711 913 atque
738 864 908 901 reiectus
941 868 1012 914 est,
1044 864 1167 901 futuri
1199 865 1309 914 regui
1342 870 1426 903 erat
1456 878 1539 904 um-

199 920 269 958 bra
313 922 352 959 in
397 923 627 960 aeternitate
672 922 856 959 mansuri.
931 920 1069 960 Oleum
1115 923 1257 973 quippe
1302 922 1417 975 illud,
1463 936 1539 974 quo

201 984 344 1017 unctus
372 985 432 1018 est
458 985 497 1018 et
523 979 568 1018 ab
597 992 641 1018 eo
675 980 883 1018 chrismate
911 979 1081 1018 christus
1115 986 1174 1018 est
1206 980 1346 1033 dictus,
1379 984 1539 1033 mystice

199 1038 469 1088 accipiendum
509 1044 547 1077 et
586 1051 769 1089 magnum
807 1044 1094 1077 sacramentum
1127 1039 1430 1089 intellegendum
1463 1046 1539 1093 est3

199 1096 302 1146 quod
335 1097 374 1134 in
407 1109 451 1135 eo
486 1102 635 1135 tantum
669 1102 876 1135 veneratus
909 1102 968 1135 est
1000 1098 1081 1147 ipse
1116 1097 1244 1149 David,
1276 1103 1320 1136 ut
1350 1111 1539 1149 percusso

199 1154 315 1192 corde
354 1156 601 1207 pavitaverit,
641 1155 793 1206 quando
831 1156 872 1193 in
910 1154 1118 1193 tenebroso
1161 1156 1377 1195 occultatus
1415 1163 1538 1210 antro,

199 1225 275 1262 quo
317 1215 433 1251 etiam
486 1213 577 1252 Saul
622 1219 786 1264 urgente
834 1215 1046 1252 intraverat
1093 1216 1324 1253 necessitate
1366 1221 1539 1268 naturae,

199 1272 378 1322 exiguam
398 1272 627 1322 particulam
654 1274 772 1310 vestis
799 1273 883 1310 eius
915 1277 1133 1310 retrorsum
1167 1272 1332 1311 latenter
1363 1273 1538 1326 abscidit,

199 1335 241 1368 ut
284 1330 447 1368 haberet
489 1331 592 1369 unde
637 1336 894 1382 monstraret,
945 1343 1022 1380 quo
1068 1330 1181 1368 modo
1227 1332 1262 1369 ei
1306 1335 1539 1384 pepercerit,

198 1400 285 1426 cum
313 1394 447 1438 posset
473 1388 664 1440 occidere,
697 1394 812 1438 atque
839 1390 891 1426 ita
919 1390 1181 1439 suspicionem
1207 1389 1254 1427 de
1282 1392 1409 1428 animo
1442 1393 1538 1443 eius,

198 1458 273 1496 qua
318 1452 495 1485 sanctum
534 1447 651 1485 David
696 1453 837 1498 putans
882 1448 1082 1485 inimicum
1129 1459 1243 1485 suum
1288 1448 1539 1488 vehementer

198 1504 519 1556 persequebatur,
552 1506 736 1544 auferret.
788 1505 843 1543 Ne
871 1507 1000 1555 itaque
1028 1517 1120 1543 reus
1147 1511 1252 1544 esset
1283 1508 1379 1544 tanti
1411 1519 1537 1546 sacra-

199 1564 319 1601 menti
352 1564 391 1601 in
426 1563 538 1601 Saule
573 1563 720 1615 violati,
754 1565 842 1614 quia
874 1563 933 1601 vel
964 1563 1236 1602 indumentum
1269 1566 1353 1603 eius
1386 1566 1441 1604 sic
1473 1566 1536 1604 ad-

197 1623 393 1672 trectavit,
432 1623 620 1661 extimuit.
683 1622 740 1660 lta
779 1623 882 1660 euim
921 1623 1110 1672 scriptum
1144 1627 1220 1661 est:
1258 1623 1310 1661 Et
1336 1627 1538 1672 percussit

197 1691 269 1718 cor
302 1680 436 1718 David
465 1693 586 1729 super
619 1692 724 1728 eum,
757 1683 852 1729 quia
885 1682 1048 1718 ctbslule't
1074 1683 1283 1730 pinnulam
1315 1683 1537 1732 chlamydis

199 1740 295 1776 elus.
358 1737 460 1776 Viris
493 1744 640 1789 autem,
679 1740 745 1789 qui
783 1751 871 1777 cum
903 1738 968 1776 illo
1002 1745 1112 1777 erant
1143 1744 1203 1790 et,
1234 1745 1278 1777 ut
1310 1739 1465 1778 Saulem
1497 1742 1536 1779 in

197 1807 334 1834 manus
373 1808 462 1834 suas
504 1796 689 1835 traditum
727 1798 988 1848 interimeret,
1029 1796 1261 1836 suadebant:
1305 1799 1391 1836 Non
1430 1800 1535 1847 me‘hi,

196 1855 334 1905 inquit,
367 1857 574 1903 conlingat
600 1867 624 1893 α
652 1856 830 1902 Domino,
862 1857 898 1892 si
917 1854 1057 1902 fecero
1083 1856 1158 1893 hoc
1184 1856 1346 1894 verbum
1379 1858 1536 1897 domino

195 1924 279 1951 meo
317 1914 467 1951 chri‘sto
504 1913 679 1964 Domini,
717 1912 871 1961 inferre
908 1924 1069 1951 manum
1106 1924 1231 1951 meam
1272 1926 1393 1963 super
1425 1927 1537 1961 emm

195 1973 290 2018 qula
323 1972 497 2009 chrislus
530 1972 689 2010 Domini
725 1976 782 2010 est
823 1972 898 2009 hic.
961 1970 1060 2009 IIuic
1093 1983 1185 2021 ergo
1219 1971 1379 2010 umbrae
1413 1973 1535 2012 futuri

196 2040 273 2066 uon
305 2035 466 2079 propter
498 2031 631 2080 ipsam,
665 2029 731 2067 sed
764 2035 925 2080 propter
956 2028 1070 2080 illud,
1103 2029 1205 2079 quod
1238 2030 1535 2083 praefigurabat,

196 2092 299 2124 tauta
327 2089 523 2125 veneratio
550 2087 816 2126 exhibebatur.
868 2086 977 2125 Unde
1010 2092 1049 2124 et
1074 2086 1180 2139 illud,
1213 2088 1315 2138 quod
1349 2091 1401 2127 ait
1430 2089 1534 2127 Sauli

196 2143 368 2183 Samuel:
420 2148 613 2191 Quoniam
652 2148 937 2185 non'serz‘asle'
977 2147 1208 2184 mandalum
1240 2158 1384 2198 meum,
1430 2149 1537 2195 quod

288 2235 347 2275 3-2)
375 2237 403 2268 1.
433 2233 528 2269 Sam.
557 2238 612 2277 24,
641 2238 660 2269 6
687 2245 738 2277 sq.
