1548 2562
397 154 450 178 DE
469 153 656 179 CIVITATE
676 154 745 178 DEI
765 154 797 179 L.
817 154 930 178 XVIII.
950 153 980 179 c.
1000 156 1024 179 9.
1044 155 1085 179 ιο.
1323 144 1406 184 267

78 247 201 280 mater
233 247 299 280 aut
330 243 460 280 nutrix
486 241 703 280 liberalium
735 242 1000 280 doctrinarum
1033 248 1072 280 et
1102 247 1160 280 tot
1191 247 1408 280 tantorum-

77 312 150 350 que
178 299 511 350 philosophorum,
544 312 618 350 qua
644 300 739 337 nihil
765 300 905 346 habuit
925 300 1084 338 Graecia
1116 299 1259 338 clarius
1291 305 1407 350 atque

77 357 265 409 nobilius,
308 357 596 396 ludificantibus
635 357 889 396 daemonibus
927 358 973 396 de
1012 358 1078 396 lite
1118 358 1280 396 deorum
1319 370 1406 396 suo—

77 428 182 467 rum,
220 417 337 453 maris
370 421 408 454 et
439 416 622 467 feminae,
661 421 700 454 et
731 416 778 454 de
811 418 970 454 victoria
1002 428 1072 467 per
1103 416 1266 454 feminas
1298 416 1406 454 femi-

76 486 147 512 nae
179 473 348 512 Athenas
374 486 516 512 nomen
542 475 704 525 accepit,
737 479 775 512 et
806 487 825 512 a
857 476 957 513 victo
990 474 1091 512 laesa
1122 476 1243 525 ipsam
1276 475 1406 512 victri-
1434 482 1453 512 5

76 533 132 570 cis
172 533 372 570 victoriam
412 533 551 583 punire
594 532 793 583 compulsa
834 539 912 584 est,
953 532 1040 583 plus
1081 544 1199 582 aquas
1236 532 1408 583 Neptuni

76 602 193 641 quam
216 590 409 628 Minervae
437 602 541 628 arma
567 590 789 628 formidans.
851 590 946 629 Nam
971 592 1011 629 in
1038 590 1279 641 mulieribus,
1310 603 1407 641 quae

78 650 132 686 sic
170 650 328 699 punitae
367 656 474 700 sunt,
512 654 551 686 et
581 648 752 687 Minerva
791 660 888 699 quae
921 651 1065 687 vicerat
1096 651 1196 687 victa
1227 654 1303 700 est3
1336 661 1408 687 nec

75 706 197 745 adfuit
228 706 561 757 suffragatricibus
593 708 694 759 suis,
727 712 769 745 ut
801 708 1073 758 suffragiorum
1106 708 1290 758 deinceps
1322 719 1407 758 per-

76 764 153 803 dita
201 770 393 816 potestate
444 771 483 803 et
532 765 706 803 alienatis
759 766 845 803 filiis
895 777 916 803 a
966 765 1189 803 nominibus
1240 771 1405 803 matrum
1437 773 1478 803 10

75 822 290 861 Athenaeas
323 823 457 862 saltem
483 825 612 861 vocari
644 824 780 862 liceret
811 829 849 862 et
881 825 964 862 eius
997 824 1090 861 deae
1124 825 1267 861 mereri
1298 836 1407 862 voca-

75 880 220 933 bulum,
241 894 353 932 quam
381 883 452 919 viri
473 882 535 920 dei
557 883 755 920 victricem
783 882 955 920 fecerant
981 882 1141 920 ferendo
1169 883 1408 932 suffragium.

77 939 182 984 Quae
209 945 248 977 et
274 946 415 990 quanta
441 940 531 978 hinc
558 939 634 978 dici
665 945 837 991 possent,
869 941 944 977 nisi
977 952 1105 978 sermo
1139 939 1184 978 ad
1217 940 1288 978 alia
1319 952 1406 991 pro-

75 997 246 1048 peraret!

623 1122 775 1166 CAPUT
806 1123 856 1165 X.
1439 1134 1479 1164 15

129 1197 235 1242 Quid
273 1195 401 1234 Varro
434 1197 573 1234 tradat
603 1198 651 1234 de
682 1199 979 1246 nuncupatione
1010 1197 1216 1246 Areopayz‘
1245 1202 1283 1235 et
1315 1198 1363 1235 de

519 1256 665 1293 diluvio
698 1255 965 1293 Deucalionis.

160 1308 241 1373 sEt
279 1341 406 1374 tamen
438 1335 590 1373 Marcus
622 1335 742 1373 Varro
783 1348 861 1374 non
893 1336 974 1374 vult
1007 1336 1191 1374 fabulosis
1224 1336 1410 1375 adversus

75 1393 168 1431 deos
194 1393 308 1431 fidem
335 1393 517 1432 adhibere
544 1394 749 1446 figmentis,
781 1406 828 1432 ne
861 1394 908 1432 de
941 1396 1153 1433 maiestatis
1185 1407 1321 1433 eorum
1354 1394 1407 1432 di-

75 1453 219 1502 gnitate
269 1452 470 1502 indignum
520 1452 663 1502 aliquid
716 1454 867 1490 sentiat.
929 1452 977 1491 Et
1026 1453 1113 1491 ideo
1165 1465 1235 1491 nec
1280 1455 1407 1490 Areon
1435 1463 1479 1493 20

75 1522 212 1560 pagon,
245 1509 311 1548 ubi
338 1522 426 1548 cum
452 1510 754 1549 Atheniensibus
780 1487 923 1549 Pausus
956 1511 1153 1561 apostolus
1186 1511 1409 1563 disputavit,

76 1579 123 1606 ex
149 1580 225 1619 quo
252 1568 336 1606 loco
362 1568 615 1619 Areopagitae
643 1569 824 1620 appellati
849 1575 941 1607 sunt
967 1569 1132 1607 curiales
1164 1569 1273 1607 urbis
1307 1571 1409 1607 eius-

76 1625 181 1677 dem,
217 1626 299 1664 vult
330 1627 418 1665 inde
451 1628 646 1677 accepisse
680 1639 839 1679 nomen,
877 1627 981 1677 quod
1013 1627 1131 1678 Mars,
1164 1629 1230 1678 qui
1262 1627 1407 1665 Graece

69 1681 186 1734 ’Ἄρης
217 1684 380 1736 dicitur,
413 1697 502 1723 cum
534 1685 731 1723 homicidii
763 1687 925 1723 crimine
958 1697 1049 1723 reus
1082 1686 1204 1733 fieret,
1236 1685 1407 1723 iudican-

78 1741 181 1780 tibus
220 1742 425 1781 duodecim
463 1743 535 1781 diis
573 1744 612 1780 in
651 1755 696 1781 eo
734 1755 830 1794 pago
870 1755 937 1781 sex
971 1745 1174 1781 sententiis
1206 1743 1407 1782 absolutus
1435 1752 1477 1782 25

76 1805 136 1838 est
169 1796 278 1851 (quia
317 1800 384 1839 ubi
422 1803 526 1851 paris
565 1804 718 1839 numeri
750 1803 965 1839 sententiae
998 1802 1182 1852 fuissent,
1221 1803 1409 1852 praeponi

76 1858 266 1897 absolutio
312 1859 547 1897 damnationi
591 1856 775 1912 solebat)3
826 1860 891 1898 sed
944 1865 1079 1898 contra
1123 1861 1259 1912 istam,
1310 1872 1407 1910 quae

77 1916 197 1955 multo
225 1917 389 1967 amplius
416 1924 475 1956 est
501 1917 706 1969 celebrata,
738 1919 960 1968 opinionem
993 1918 1104 1956 aliam
1137 1918 1329 1968 quandam
1361 1918 1408 1957 de

76 1973 332 2013 obscurarum
358 1976 494 2014 notitia
520 1976 737 2014 litterarum
764 1988 919 2014 causam
946 1978 1114 2014 nominis
1146 1976 1262 2014 huius
1295 1988 1407 2015 cona-

76 2037 140 2071 tur
183 2039 380 2085 astruere,
420 2046 468 2072 ne
519 2035 646 2072 Areon
691 2046 816 2085 pagon
860 2034 1116 2073 Athenienses
1160 2034 1207 2072 de
1251 2036 1407 2073 nomine
1434 2044 1478 2075 30

169 2134 226 2175 21)
254 2134 331 2168 Act.
361 2137 413 2167 17.

171 2266 188 2296 1
215 2263 280 2297 aut
302 2272 391 2304 mss‚·
422 2273 464 2297 ac
489 2273 509 2296 v
528 2263 540 2306 ΙΙ
561 2267 603 2297 18
629 2264 665 2296 et
690 2264 814 2297 tamen
837 2272 927 2304 mss;
957 2262 1131 2297 Attamen
1155 2273 1175 2296 v
1200 2263 1212 2306 ss
1237 2266 1281 2297 20
1306 2266 1338 2297 et
1363 2267 1407 2297 30

74 2318 186 2343 areon
210 2319 334 2353 pagon
357 2319 427 2343 mss
439 2321 452 2351 ‚·
476 2310 695 2353 Areopagon
718 2320 739 2343 υ
