1611 2465
88 838 129 868 10

90 1130 131 1162 15

154 73 241 114 370
378 86 380 88 ’
421 120 424 123 ι
677 81 704 105 5.
724 80 943 106 1110051151

153 171 401 211 exactoribus
440 171 575 209 talium
614 175 891 220 tantorumque
930 169 1185 221 dedecorum,
1226 172 1319 209 satis
1360 171 1406 209 ab
1439 173 1494 210 eis

153 233 220 282 qui
253 230 430 269 colantur
463 234 641 279 apertum
673 233 743 266 est.

709 364 862 407 CAPUT
888 365 938 407 X.

160 456 255 501 Quis
278 453 441 501 fructus
467 452 618 489 sanetis
651 452 700 489 de
729 455 924 499 superata
955 452 1074 489 huius
1106 453 1211 491 vitae
1242 455 1499 501 temptatiOne

720 512 926 558 pariatur.

275 593 351 632 Sed
378 604 505 643 neque
534 593 659 630 sancti
690 597 729 629 et
754 590 887 629 fideles
919 592 1035 629 unius
1067 593 1149 629 veri
1175 591 1243 630 Dei
1277 594 1498 644 summique

156 654 328 693 cultores
361 652 407 690 ab
447 663 583 689 eorum
624 649 784 688 fallaciis
817 655 856 687 et
888 649 1117 687 multiformi
1149 652 1404 701 temptatione
1437 664 1497 690 se-

156 714 239 751 curi
274 717 376 750 sunt.
439 709 482 748 In
523 709 598 747 hoc
631 710 735 746 enim
766 708 852 745 loco
884 708 1120 746 infirmitatis
1153 715 1192 747 et
1223 709 1361 748 diebus
1392 710 1497 749 mali-

155 773 242 823 gnis
274 772 390 808 etiam
422 771 496 807 ista
529 767 748 814 sollicitudo
780 778 860 804 non
891 772 951 804 est
977 767 1150 819 inutilis,
1183 773 1226 806 ut
1256 768 1319 806 1113
1352 771 1498 807 securi-

155 836 234 881 tas,
279 828 345 867 ubi
386 840 459 879 pax
500 826 725 877 plenissima
766 831 882 875 atque
921 827 1139 863 certissima
1180 832 1259 877 est,
1304 827 1499 866 desiderio

157 889 394 927 ferventiore
440 890 662 936 quaeratur.
723 883 781 922 lbi
823 885 927 921 enim
968 890 1085 922 erunt
1122 890 1283 923 naturae
1325 898 1499 938 munera,

157 948 231 985 hoc
276 953 358 998 est,
412 956 511 995 quae
555 949 716 981 naturae
760 948 917 980 nostrae
963 941 1009 980 ab
1053 945 1227 981 omnium
1271 950 1501 983 naturarum

158 1012 336 1044 creatore
368 1003 584 1054 donantur,
622 1014 700 1040 non
734 1001 860 1039 solum
891 1000 1009 1052 bona,
1042 1014 1177 1040 verum
1211 1004 1327 1040 etiam
1360 1005 1499 1054 sempi-

158 1070 287 1115 terna,
329 1074 407 1101 non
447 1060 572 1099 solum
605 1061 644 1098 in
677 1061 826 1111 animo,
868 1060 934 1110 qui
967 1066 1125 1098 sanatur
1157 1073 1227 1111 per
1259 1063 1501 1113 sapientiam,

158 1135 296 1161 verum
328 1122 445 1159 etiam
476 1121 517 1157 in
550 1115 733 1170 corpore,
773 1117 875 1168 quod
908 1120 1199 1157 resurrectione
1232 1119 1501 1171 renovabitur3

158 1181 212 1220 ibi
251 1182 434 1227 virtutes,
473 1190 550 1216 non
590 1183 726 1215 contra
764 1176 839 1214 ulla
883 1178 971 1214 vitia
1009 1176 1066 1214 vel
1100 1177 1197 1215 mala
1230 1190 1499 1229 quaecumque

160 1244 375 1289 certantes,
413 1236 481 1275 sed
523 1235 711 1273 habentes
743 1236 927 1273 victoriae
959 1237 1175 1285 praemium
1208 1242 1406 1274 aeternam
1437 1249 1501 1288 pa-

160 1310 262 1349 cem,
302 1308 417 1347 quam
456 1294 587 1333 nullus
626 1294 872 1339 adversarius
909 1294 1111 1343 inquietet.
1173 1294 1259 1345 Ipsa
1301 1300 1361 1333 est
1398 1297 1502 1334 enim

117 1379 119 1381 -
159 1355 360 1395 beatitudo
393 1353 536 1404 finalis,
573 1354 657 1403 ipse
690 1352 944 1402 perfectionis
976 1352 1075 1404 finis,
1108 1354 1174 1403 qui
1207 1360 1502 1392 consumentem

91 1716 134 1747 25

161 1427 239 1454 non
289 1413 406 1452 habet
455 1413 584 1450 finem.
665 1410 736 1449 Hic
786 1416 914 1449 autem
966 1410 1133 1449 dicimur
1182 1411 1340 1461 quidem
1388 1411 1504 1464 beati,

160 1473 315 1524 quando
354 1483 490 1523 pacem
522 1469 730 1521 habemus,
769 1468 1124 1519 quantulacumque
1156 1470 1219 1508 hic
1251 1470 1387 1509 haberi
1418 1477 1501 1522 pot-

161 1538 221 1570 est
258 1533 297 1569 in
334 1532 411 1569 vita
448 1529 567 1579 bona3
607 1528 675 1567 sed
715 1528 810 1566 haec
848 1527 1047 1566 beatitudo
1085 1528 1174 1580 illi,
1196 1541 1311 1579 quam
1350 1529 1504 1567 finalem

161 1591 345 1640 dicimus,
384 1587 616 1627 beatitudini
654 1592 873 1637 comparata
913 1598 1076 1637 prorsus
1109 1588 1264 1625 miseria
1296 1589 1503 1638 reperitur.

160 1649 269 1688 Hanc
296 1660 388 1698 ergo
410 1659 557 1697 pacem,
591 1646 715 1696 qualis
741 1645 803 1683 hie
830 1650 960 1695 potest
987 1656 1086 1696 esse,
1118 1645 1302 1684 mortales
1327 1645 1505 1684 homines

161 1710 201 1746 in
242 1706 361 1745 rebus
399 1704 631 1743 mortalibus
670 1703 824 1754 quando
864 1703 1069 1754 habemus,
1111 1705 1144 1742 si
1182 1710 1289 1742 recte
1327 1706 1503 1752 vivimus,

160 1766 275 1804 bonis
319 1766 403 1803 eius
447 1769 554 1801 recte
606 1764 730 1801 utitur
773 1763 915 1812 virtum
962 1762 1116 1812 quando
1160 1774 1252 1800 vero
1300 1775 1384 1801 eam
1427 1775 1504 1801 non

160 1824 370 1874 habemus,
417 1824 534 1860 etiam
573 1820 704 1872 malis,
745 1832 843 1870 quae
882 1820 997 1858 homo
1036 1823 1202 1871 patitur,
1243 1820 1341 1859 bene
1383 1822 1506 1859 utitur

162 1885 299 1921 virtus.
363 1880 440 1919 Sed
468 1887 560 1918 tunc
594 1885 654 1917 est
684 1891 774 1917 vera
806 1880 943 1929 virtus,
976 1879 1129 1929 quando
1163 1884 1201 1917 et
1233 1881 1361 1917 omnia
1395 1879 1507 1931 bona,
1549 1908 1554 1912 .

164 1941 307 1992 quibus
339 1939 439 1978 bene
472 1940 608 1989 utitur,
641 1942 679 1975 et
711 1937 899 1987 quidquid
932 1938 971 1974 in
1003 1932 1105 1974 bo'no
1138 1950 1212 1975 usu
1244 1937 1437 1976 honorum
1469 1943 1507 1976 et

165 2000 355 2038 malornm
401 1998 512 2048 facit,
557 2002 595 2035 et
637 2008 677 2033 se
719 1997 842 2045 ipsam
883 1995 928 2032 ad
972 2007 1061 2033 011111
1100 1996 1215 2033 tinem
1255 1997 1396 2048 refert,
1439 1995 1506 2034 ubi

164 2058 277 2096 nohis
317 2056 403 2094 talis
442 2061 481 2093 et
518 2061 623 2093 tanta
661 2066 733 2105 pax
772 2055 867 2105 erit,
907 2065 981 2103 qua
1019 2053 1156 2091 melior
1197 2059 1235 2092 et
1267 2056 1389 2092 maior
1421 2066 1507 2093 esse

165 2129 243 2154 non
276 2117 410 2166 possit.

262 2256 281 2285 ᾧ
309 2250 475 2294 pariatur
504 2248 633 2289 Parr.;
659 2249 809 2292 paratus
836 2248 884 2282 sit
908 2258 928 2282 v
