1611 2465
82 712 124 743 10

81 1004 123 1034 15

79 1296 124 1326 20

80 1587 123 1617 25

79 1879 125 1909 30

150 81 234 122 352
684 89 710 113 s.
730 87 945 114 AUGUSTIM

150 181 206 218 eis
237 191 354 217 unam
386 190 533 229 veram,
573 183 722 215 ceteras
764 177 877 215 falsas
909 177 1088 215 ostendat
1120 189 1224 229 esse,
1263 178 1486 217 revertitur.

148 238 244 276 Nam
271 243 421 275 remoto
448 236 511 274 illo
539 237 735 286 tripertito
767 247 911 286 genere
944 237 1043 274 vitae
1075 235 1173 274 duae
1206 241 1337 286 partes
1369 235 1485 275 huius

149 298 304 334 numeri
344 295 604 333 detrahuntur
648 299 687 332 et
733 300 861 333 sectae
913 296 1121 344 nonaginta
1160 306 1227 332 sex
1271 301 1486 333 remanent.

149 355 310 393 Remota
349 365 440 391 vero
486 353 704 391 differentia
743 364 789 391 ex
828 352 983 403 Cynicis
1027 352 1154 391 addita
1199 352 1245 391 ad
1284 352 1488 392 dimidium

150 413 383 463 rediguntur
422 418 460 450 et
498 411 752 462 quadraginta
790 416 877 449 octo
917 411 1025 449 fiunt.
1099 411 1331 450 Auferamus
1371 413 1488 450 etiam

151 472 253 522 quod
291 483 339 509 ex
370 470 610 508 Academicis
648 471 756 508 novis
796 469 1010 508 adhibitum
1044 475 1120 508 est:
1159 482 1297 508 rursus
1330 470 1488 508 dimidia

148 542 238 581 pars
271 535 458 580 remanet,
490 529 528 567 id
561 534 619 567 est
652 530 788 579 viginti
820 534 1015 578 quattuor.
1079 527 1132 565 De
1166 527 1300 566 sociali
1331 540 1488 579 quoque

149 590 225 626 vita
267 587 370 638 quod
412 593 630 625 accesserat
668 587 846 625 similiter
887 586 1106 625 auferatur:
1152 585 1358 625 duodecim
1397 592 1489 625 sunt

149 646 343 697 reliquae,
377 658 472 696 quas
503 647 577 684 ista
610 645 846 697 differentia,
878 650 921 683 ut
953 646 1088 695 viginti
1121 650 1305 695 quattuor
1338 645 1490 698 fierent,

148 704 422 756 duplicaverat.
485 703 539 742 De
566 704 625 742 his
651 716 744 754 ergo
772 703 977 742 duodecim
1009 702 1105 741 nihil
1136 703 1213 741 dici
1244 709 1385 756 potest,
1417 715 1489 742 cur

151 769 279 802 sectae
306 775 383 801 non
411 765 489 801 sint
514 762 725 801 habendae.
775 761 878 800 Nihil
905 763 1048 812 quippe
1076 761 1178 800 aliud
1210 763 1251 800 in
1283 763 1339 800 eis
1371 774 1487 813 quae-

150 824 251 861 ritur
289 833 405 872 quam
444 822 541 860 fines
579 820 772 859 bonorum
811 826 850 858 et
890 819 1092 859 malorum.
1154 819 1326 858 Inventis
1358 826 1489 859 autem

150 880 343 919 bonorum
370 880 512 918 finibus
538 880 714 930 profecto
747 891 768 917 e
801 880 999 917 contrario
1031 884 1123 917 sunt
1155 878 1357 917 malorum.
1407 878 1487 918 Hae

151 945 280 977 autem
312 944 357 977 ut
387 939 480 976 fiant
506 938 712 977 duodecim
744 943 886 986 sectae7
916 936 980 975 illa
1012 942 1197 987 quattuor
1229 937 1489 990 triplicantur,

151 997 348 1048 voluptas,
382 999 510 1047 quies,
543 1002 753 1046 utrumque
787 1002 826 1034 et
856 997 981 1046 prima
1014 1001 1193 1047 naturae,
1225 1008 1323 1046 quae
1355 997 1488 1046 primi-

149 1057 261 1106 genia
287 1055 407 1093 Varro
434 1060 555 1093 vocat.
617 1054 721 1092 Haec
748 1057 891 1105 quippe
925 1059 1109 1104 quattuor
1141 1054 1234 1092 dum
1266 1054 1489 1105 singillatim

150 1115 285 1152 virtuti
317 1113 521 1163 aliquando
554 1112 794 1164 subduntur,
835 1118 878 1151 ut
909 1124 988 1150 non
1021 1118 1182 1163 propter
1214 1124 1255 1151 se
1287 1114 1388 1164 ipsa,
1420 1113 1488 1151 sed

149 1178 311 1223 propter
349 1172 522 1210 officium
559 1172 714 1210 virtutis
760 1170 975 1222 appetenda
1017 1171 1242 1222 videantur,
1280 1171 1487 1221 aliquando

149 1231 446 1281 praeferuntur,
485 1235 529 1268 ut
569 1241 647 1267 non
686 1235 848 1280 propter
886 1241 927 1267 se
959 1230 1060 1280 ipsa,
1099 1229 1167 1267 sed
1199 1236 1361 1280 propter
1392 1229 1488 1268 haec

150 1288 398 1339 adipiscenda
429 1288 488 1326 vel
514 1287 777 1326 conservanda
810 1289 1030 1326 necessaria
1062 1289 1185 1326 virtus
1216 1294 1389 1339 putetur,
1421 1287 1487 1326 ali·

150 1347 304 1398 quando
342 1348 576 1397 iunguntur,
615 1352 658 1384 ut
694 1352 856 1397 propter
894 1358 936 1384 se
973 1347 1059 1397 ipsa
1099 1351 1137 1384 et
1174 1347 1298 1384 virtus
1336 1352 1375 1385 et
1414 1348 1489 1385 ista

150 1405 366 1457 appetenda
392 1405 614 1455 credantur,
647 1405 942 1454 quaternarium
968 1416 1175 1443 numerum
1208 1404 1369 1455 triplum
1400 1405 1487 1443 red·

151 1465 248 1502 dunt
285 1470 323 1502 et
361 1462 407 1501 ad
445 1463 651 1501 duodecim
692 1468 817 1501 sectas
855 1464 1100 1514 perveniunt.
1162 1462 1219 1500 Ex
1250 1463 1326 1502 illis
1358 1469 1489 1502 autem

151 1528 335 1573 quattuor
382 1521 501 1560 rebus
539 1520 660 1559 Varro
704 1527 785 1559 tres
825 1521 942 1573 tollit,
987 1521 1225 1572 voluptatem
1264 1521 1413 1560 scilicet
1450 1527 1489 1561 et

151 1583 323 1631 quietem
363 1585 402 1618 et
434 1586 662 1631 utrumque3
700 1591 777 1618 non
810 1579 914 1630 quod
946 1591 1011 1618 eas
1043 1579 1242 1631 inprobet,
1283 1580 1351 1618 sed
1384 1580 1489 1631 quod

150 1640 380 1690 primigenia
418 1638 481 1676 illa
523 1644 684 1676 naturae
729 1644 768 1676 et
810 1638 1047 1689 voluptatem
1087 1640 1128 1676 in
1166 1650 1207 1676 se
1245 1638 1412 1677 habeant
1449 1644 1490 1678 et

150 1699 332 1748 quietem.
396 1696 498 1741 Quid
537 1708 631 1746 ergo
671 1709 770 1747 opus
809 1702 869 1735 est
906 1709 952 1734 ex
990 1696 1050 1735 his
1082 1695 1233 1735 duabus
1265 1699 1338 1735 tria
1371 1709 1486 1748 quae-

150 1756 237 1794 dam
269 1755 409 1806 facere,
442 1755 519 1793 duo
545 1755 705 1805 scilicet,
737 1766 827 1793 cum
859 1755 1082 1805 singillatim
1113 1760 1351 1806 appetuntur
1381 1755 1486 1794 volu-

150 1820 236 1864 ptas
261 1819 328 1852 aut
353 1815 476 1863 quies,
509 1818 548 1850 et
579 1815 739 1851 tertium
773 1825 861 1851 cum
893 1813 1026 1851 ambae
1059 1813 1185 1865 simul,
1217 1813 1370 1864 quando
1403 1815 1486 1864 qui-

151 1872 238 1910 dem
278 1873 401 1922 prima
441 1877 601 1908 naturae
639 1877 678 1909 et
716 1872 819 1921 ipsas
858 1877 896 1909 et
934 1877 1091 1922 praeter
1128 1873 1231 1922 ipsas
1264 1871 1332 1910 alia
1368 1871 1487 1910 multa

152 1927 404 1968 contineant?
465 1928 519 1967 De
563 1928 691 1967 tribus
735 1941 828 1980 ergo
873 1931 990 1968 sectis
1033 1931 1069 1968 ei
1112 1929 1237 1980 placet
1280 1930 1487 1980 diligenter

151 2000 238 2026 esse
270 1988 528 2039 tractandum,
560 1999 749 2038 quaenam
781 1988 831 2025 sit
862 1989 992 2038 potius
1025 1987 1210 2038 eligenda.
1266 1988 1352 2027 Non
1384 1989 1486 2027 enim

151 2058 281 2084 veram
313 2046 401 2097 plus
434 2057 549 2096 quam
581 2057 698 2083 unam
730 2057 818 2083 vera
851 2047 949 2084 ratio
981 2058 1069 2084 esse
1100 2048 1304 2098 permittit,
1335 2048 1414 2085 sive
1446 2048 1486 2085 in

246 2208 286 2237 1-2
302 2204 383 2237 finis
398 2203 470 2238 ΒΑ
489 2206 501 2248 ΙΙ
520 2209 561 2238 21
584 2205 785 2248 iunguntur
799 2205 871 2239 RA
890 2208 1025 2250 (po-0912
1042 2217 1079 2249 p.
1101 2210 1144 2247 9‚·
1163 2206 1208 2249 cf.
1230 2208 1313 2248 348,
1334 2208 1379 2240 13
1398 2209 1486 2250 sq),-

150 2250 313 2295 iungitur
338 2261 357 2283 v
377 2252 452 2294 1128
479 2262 562 2285 cum
587 2251 683 2293 RA‚·
709 2251 795 2286 dum
821 2263 841 2286 v
