1611 2465
86 752 128 782 10

88 1043 128 1074 15

85 1335 128 1366 20

83 1626 126 1657 25

81 1916 125 1948 30

157 119 243 160 490
693 128 722 153 S.
743 127 961 154 AUGUSTmI

157 223 195 257 et
232 229 310 256 non
348 216 563 256 adtendunt
603 229 688 255 esse
727 208 856 256 tamen
895 216 1039 268 aliquid
1076 217 1150 256 tale
1193 218 1296 269 quod
1329 231 1494 270 corpore

155 278 280 315 maius
312 277 372 314 sit.
435 275 521 326 lpse
562 276 706 326 quippe
745 276 913 328 animus,
956 277 1068 314 cuius
1099 278 1320 327 praesentia
1351 289 1494 328 corpus

155 336 247 373 vivit
273 340 312 373 et
337 335 498 384 regitur,
532 339 571 372 et
596 333 771 372 dolorem
798 336 878 386 pati
903 340 1033 386 potest
1058 340 1098 373 et
1122 337 1223 374 mori
1249 348 1326 374 non
1353 342 1493 387 potest.

155 393 257 432 Ecce
289 394 445 430 inventa
477 404 540 431 res
573 398 649 440 est,
689 404 808 445 quae,
847 405 937 432 cum
976 405 1136 432 sensum
1167 394 1312 433 doloris
1343 394 1495 448 habeat,

155 450 371 490 inmortalis
404 456 474 489 est.
535 449 617 489 Hoc
660 452 779 501 igitur
811 452 885 490 erit
916 457 1010 491 tunc
1043 453 1159 491 etiam
1190 454 1230 491 in
1263 452 1494 504 corporibus

157 510 448 561 damnatorum,
486 509 590 560 quod
627 521 732 548 nunc
771 521 856 548 esse
890 512 1034 549 scimus
1066 512 1106 549 in
1139 512 1276 549 animis
1309 513 1493 550 omnium.

158 568 198 606 Si
230 573 360 606 autem
387 567 682 606 consideremus
714 567 951 621 diligentius,
982 568 1104 621 dolor,
1136 571 1203 620 qui
1234 569 1378 609 dicitur
1410 582 1494 609 cor-

154 628 273 678 poris,
307 627 428 677 magis
455 626 502 664 ad
527 627 692 665 animam
718 628 900 677 pertinet.
948 627 1108 666 Animae
1135 633 1195 666 est
1220 629 1323 666 enim
1350 627 1495 681 dolere,

155 697 233 724 non
278 687 476 737 corporis,
520 686 636 724 etiam
679 685 833 736 quando
877 687 913 724 ei
957 685 1112 724 dolendi
1150 698 1266 725 causa
1305 688 1436 726 existit
1475 699 1495 726 a

156 756 333 795 corpore,
365 755 455 782 cum
480 744 520 782 in
552 755 597 782 eo
630 743 715 782 loco
749 743 864 796 dolet,
895 743 963 783 ubi
995 744 1161 783 laeditur
1193 757 1347 796 corpus.
1412 745 1492 785 Sic·

154 807 198 841 ut
236 814 329 853 ergo
375 802 541 841 dicimus
580 814 744 853 corpora
783 803 990 841 sentientia
1031 808 1070 841 et
1111 815 1276 854 corpora
1315 805 1494 857 viventia,

155 872 244 899 cum
276 860 323 899 ab
356 862 482 899 anima
514 862 564 899 sit
595 862 753 912 corpori
784 872 924 900 sensus
956 866 995 900 et
1025 863 1119 901 vita:
1158 863 1210 901 ita
1243 874 1408 913 corpora
1439 862 1493 901 di-

155 921 280 958 cimus
312 924 352 957 et
383 919 574 971 dolentia,
612 931 701 958 cum
734 919 843 957 dolor
876 921 1032 971 corpori
1063 921 1138 958 nisi
1170 919 1217 958 ab
1250 921 1375 959 anima
1407 932 1494 960 esse

153 989 233 1015 non
264 979 399 1029 possit.
462 977 574 1016 Dolet
609 979 741 1028 itaque
779 978 905 1017 anim'a
938 990 1028 1017 cum
1060 990 1226 1029 corpore
1257 980 1298 1017 in
1330 991 1376 1017 eo
1407 978 1493 1018 loco

156 1037 251 1083 eius,
284 1035 352 1074 ubi
383 1035 526 1086 aliquid
555 1038 717 1086 contigit
742 1042 786 1074 ut
811 1036 955 1088 doleat3
988 1036 1093 1075 dolet
1124 1042 1164 1075 et
1195 1036 1285 1089 sola,
1318 1039 1493 1088 quamvis

155 1095 205 1133 sit
242 1095 282 1132 in
324 1105 510 1146 corpore,
551 1105 641 1133 cum
678 1094 805 1144 aliqua
844 1106 959 1133 causa
997 1097 1114 1133 etiam
1151 1095 1336 1134 invisibili
1367 1097 1493 1135 tristis

156 1157 215 1191 est
257 1154 340 1203 ipsa
384 1164 549 1203 corpore
587 1152 790 1204 incolumi3
833 1152 938 1192 dolet
976 1154 1092 1192 etiam
1132 1165 1211 1192 non
1247 1155 1287 1192 in
1327 1165 1492 1205 corpore

155 1212 382 1262 constituta3
426 1222 515 1248 nam
558 1211 695 1261 utique
740 1210 894 1249 dolebat
936 1211 1042 1250 dives
1086 1211 1150 1250 ille
1191 1211 1292 1263 apud
1333 1213 1494 1265 inferos,

155 1268 308 1320 quando
341 1267 510 1307 dicebat:
553 1269 723 1308 Crucior
762 1271 802 1307 in
834 1271 913 1308 hac
939 1271 1115 1318 flamma.
1179 1269 1330 1321 Corpus
1362 1276 1493 1310 autem

154 1339 227 1365 nec
260 1328 436 1365 exanime
475 1326 580 1365 dolet
621 1339 693 1366 nec
735 1328 946 1366 animatum
985 1330 1068 1366 sine
1110 1329 1235 1367 anima
1274 1328 1389 1368 dolet.
1452 1329 1494 1368 Si

153 1397 246 1436 ergo
285 1397 305 1423 a
343 1385 476 1424 dolore
520 1391 793 1436 argumentum
834 1391 941 1425 recte
979 1392 1204 1426 sumeretur
1235 1387 1281 1425 ad
1315 1393 1493 1440 mortem,

153 1449 197 1483 ut
228 1443 315 1482 ideo
348 1455 454 1482 mors
485 1445 609 1495 possit
642 1444 832 1496 accidere,
864 1446 954 1495 quia
985 1446 1114 1496 potuit
1144 1445 1322 1484 accidere
1354 1451 1394 1485 et
1425 1446 1491 1485 do-

152 1501 232 1553 lor,
274 1503 395 1552 magis
440 1502 486 1540 ad
525 1503 690 1540 animam
728 1504 947 1553 pertineret
983 1504 1104 1555 mori,
1145 1504 1191 1542 ad
1224 1516 1339 1554 quam
1370 1506 1492 1555 magis

152 1562 325 1611 pertinet
368 1566 407 1599 et
450 1560 594 1599 dolere.
656 1560 752 1600 Cum
797 1573 889 1600 vero
932 1561 1013 1614 illa,
1059 1573 1156 1612 quae
1198 1564 1319 1613 magis
1359 1561 1492 1602 dolere

152 1624 293 1671 potest,
325 1630 404 1656 non
429 1620 552 1669 possit
578 1620 690 1671 mori,
722 1618 814 1670 quid
845 1621 1033 1659 momenti
1066 1621 1178 1659 affert
1209 1632 1280 1659 cur
1311 1620 1375 1659 illa
1406 1633 1491 1660 cor-

151 1689 258 1729 pora,
291 1678 473 1726 quoniam
506 1677 639 1716 futura
671 1683 763 1716 sunt
794 1679 833 1716 in
866 1677 1078 1730 doloribus,
1111 1678 1198 1717 ideo
1231 1680 1347 1717 etiam
1374 1681 1490 1718 mori·

151 1741 239 1773 tura
277 1746 362 1773 esse
403 1733 637 1774 credamus?
685 1735 876 1775 Dixerunt
914 1736 1071 1787 quidem
1102 1736 1291 1776 Platonici
1334 1749 1380 1776 ex
1412 1743 1491 1776 ter-

151 1794 257 1832 renis
295 1792 526 1844 corporibus
568 1793 891 1845 moribundisque
932 1794 1118 1833 membris
1151 1807 1237 1834 esse
1269 1797 1419 1834 animae
1453 1801 1491 1834 et

150 1857 326 1890 metuere
367 1856 407 1890 et
446 1863 590 1902 cupere
630 1858 669 1890 et
705 1852 836 1891 dolere
878 1858 993 1904 atque
1035 1854 1224 1905 gaudere3
1263 1853 1365 1892 unde
1398 1853 1488 1892 Ver-

151 1909 284 1960 giliils:
314 1909 465 1962 ‚,Hinc,
502 1911 649 1960 inquit,
689 1906 747 1962 (id
780 1916 839 1949 est
871 1923 917 1949 ex
949 1911 1193 1950 moribundis
1225 1913 1372 1950 terreni
1405 1923 1488 1950 cor-

150 1969 257 2019 poris
290 1963 497 2020 membris)
531 1973 710 2007 metuunt
742 1970 1003 2021 cupiuntque,
1042 1969 1174 2008 dolent
1205 1966 1489 2022 gaudentquef,

248 2083 304 2124 19)
330 2082 390 2116 Le.
420 2085 473 2124 16,
500 2084 554 2115 24.
605 2082 663 2125 31)
689 2081 778 2116 Aen.
806 2084 838 2124 6,
867 2084 944 2116 733.

244 2199 263 2230 8
291 2198 346 2230 est
378 2197 474 2231 enim
500 2197 554 2238 Β,-
587 2197 683 2231 enim
710 2199 766 2232 est
791 2209 809 2232 v
829 2199 841 2242 ΙΙ
863 2202 905 2232 10
932 2209 1064 2242 corpus
1091 2208 1155 2232 om.
1183 2197 1311 2241 R1112
1340 2199 1377 2232 et
1411 2209 1487 2232 cor-

149 2252 240 2286 pora
265 2242 419 2277 dicimus
446 2243 610 2278 dolentia
636 2255 654 2278 v
681 2246 815 2289 (proyr.
836 2255 876 2288 p.
903 2248 965 2287 10)
983 2246 994 2287 ΙΙ
1016 2248 1057 2278 15
1085 2243 1242 2288 contigit
1266 2244 1321 2286 Β,-
1347 2244 1487 2279 contin-

149 2289 205 2333 git
229 2289 285 2322 Αυ
305 2290 316 2332 ΙΙ
338 2294 380 2324 16
406 2289 642 2324 inuisibiliter
667 2290 702 2324 R
