1548 2562
365 146 417 171 DE
437 146 625 172 CIVITATE
644 146 713 171 DEI
732 146 765 171 L.
784 146 881 170 xxn.
902 145 931 171 c.
952 146 993 170 14.
1259 135 1340 177 ,591

533 253 687 296 CAPUT
712 255 827 296 XIV.
841 272 849 273 ff

12 340 74 378 Αη
107 338 280 387 infantes
312 341 352 378 in
392 351 439 378 ea
471 341 551 377 sint
581 341 858 378 resurrecturi
887 340 1120 378 habitudine
1151 341 1343 388 corporis,

245 409 362 445 quam
395 398 576 435 habituri
604 401 723 435 erant
753 399 895 435 aetolis
928 409 1103 436 accessu.

129 478 229 524 Quid
256 491 348 529 ergo
376 478 421 517 de
448 477 660 516 infantibus
686 477 829 517 dicturi
861 491 1007 531 sumus,
1039 480 1114 517 nisi
1145 480 1234 529 quia
1265 491 1343 517 non

10 538 49 575 in
92 549 135 575 ea
175 538 439 575 resurrecturi
471 541 562 575 suut
599 537 776 587 corporis
816 538 1042 588 exiguitate,
1081 549 1156 587 qua
1187 538 1343 589 mortui,
1369 545 1387 575 5

12 594 78 633 sed
111 595 215 645 quod
248 596 302 633 eis
334 594 482 633 tardius
515 606 764 633 accessurum
797 599 880 633 erat
912 600 1105 646 tempore,
1147 595 1220 633 hoc
1253 600 1344 634 sunt

10 653 65 691 illi
96 653 165 691 Dei
203 665 319 704 opere
361 654 459 691 miro
499 658 613 703 atque
657 652 860 691 celerrimo
893 651 1120 704 recepturi?
1181 653 1224 691 In
1257 665 1342 691 sen-

11 712 131 750 tentia
163 713 306 762 quippe
340 710 511 763 Domini,
548 712 589 749 in
621 723 696 761 qua
728 712 799 750 ait:
843 712 1016 761 Capillus
1048 714 1192 761 eapitis
1223 714 1346 750 vestri

10 781 88 808 non
121 771 287 819 peribit,
330 769 477 808 dictum
515 774 575 807 est
612 781 689 807 non
728 769 955 808 defuturum
994 782 1078 808 esse
1123 770 1225 820 quod
1259 770 1343 822 suit,

10 840 87 866 non
138 833 268 866 autem
315 833 497 878 negatum
548 832 607 866 est
657 827 883 866 adfuturum
932 840 1017 866 esse
1062 829 1164 878 quod
1210 829 1343 866 defuit.
1371 835 1412 866 10

10 885 141 925 Defuit
179 891 308 925 autem
345 887 483 924 infanti
522 891 675 924 mortuo
714 887 888 937 perfecta
926 888 1121 936 quantitas
1160 888 1220 924 sui
1260 899 1342 924 cor-

9 946 134 995 poris;
175 945 350 995 perfecto
392 946 533 995 quippe
566 945 705 983 infanti
737 944 846 982 deest
877 946 1012 994 utique
1045 945 1233 995 perfectio
1267 957 1343 983 ma-

10 1002 225 1053 gnitudinis
269 1003 502 1054 corporalis⁷
547 1014 644 1053 quae
677 1015 765 1041 cum
804 1004 1032 1055 accesserit,
1078 1008 1224 1041 statura
1268 1004 1343 1041 iam

10 1061 160 1111 longior
202 1073 286 1099 esse
328 1073 406 1099 non
445 1063 579 1112 possit.
641 1060 752 1099 Hunc
797 1062 1048 1111 perfectionis
1086 1061 1243 1099 modum
1289 1063 1343 1099 sic

9 1119 154 1158 habent
185 1131 341 1171 omnes,
373 1125 416 1158 ut
449 1131 537 1157 cum
569 1119 633 1157 illo
666 1120 936 1170 concipiantur
968 1124 1084 1170 atque
1116 1126 1343 1171 nascantur3
1372 1128 1412 1157 15

11 1178 78 1216 sed
104 1177 248 1216 habent
273 1179 312 1215 in
339 1179 500 1229 ratione,
532 1189 610 1215 non
637 1177 755 1229 lnole3
783 1179 882 1216 sicut
909 1179 991 1228 ipsa
1018 1177 1191 1216 membra
1217 1179 1345 1216 omnia

10 1237 85 1274 iam
128 1241 219 1275 sunt
260 1235 425 1274 latenter
463 1237 503 1273 in
542 1237 708 1287 semine,
747 1248 834 1274 cuin
874 1237 989 1274 etiam
1028 1238 1127 1274 natis
1160 1236 1345 1274 nonnulla

10 1294 135 1332 adhuc
172 1293 311 1345 desint,
343 1295 445 1332 sicut
477 1294 614 1333 dentes
647 1306 689 1332 ac
723 1295 755 1331 si
787 1293 879 1344 quid
913 1295 996 1332 eius
1029 1294 1143 1332 modi.
1194 1294 1237 1333 ln
1270 1307 1345 1345 qua

11 1354 161 1390 ratione
201 1354 512 1402 uniuscuiusque
549 1353 733 1390 materiae
767 1352 887 1390 indita
919 1352 1113 1402 corporali
1143 1354 1218 1390 iam
1251 1365 1344 1403 quo-

11 1410 97 1448 dam
124 1410 251 1462 niodo,
282 1416 326 1448 ut
349 1411 402 1448 ita
429 1410 565 1461 dicam,
596 1410 767 1448 liciatum
800 1409 952 1448 videtur
984 1423 1081 1458 esse,
1114 1411 1216 1461 quod
1250 1423 1343 1449 uon-
1371 1419 1414 1450 20

13 1469 103 1507 (111111
137 1474 208 1519 est,
240 1470 357 1506 inuno
398 1468 499 1518 quod
532 1468 635 1515 latet,
669 1468 735 1506 sed
768 1480 928 1507 accessu
962 1470 1148 1519 temporis
1181 1471 1255 1508 erit
1286 1469 1345 1507 vel

10 1528 140 1578 potius
166 1526 376 1578 apparebit.
439 1526 482 1565 In
514 1526 585 1564 hac
618 1539 709 1577 ergo
741 1527 867 1564 infans
898 1528 973 1565 iarn
1006 1526 1135 1565 brevis
1167 1534 1232 1566 aut
1264 1527 1343 1565 lon—

11 1597 83 1635 gus
110 1590 180 1637 est,
213 1586 279 1636 qui
306 1584 434 1623 brevis
460 1585 645 1635 longusve
674 1585 830 1623 futurus
857 1590 926 1623 est.
991 1585 1213 1623 Secundum
1246 1585 1344 1624 hanc

12 1645 203 1682 rationein
246 1644 422 1694 profecto
466 1645 506 1681 in
556 1644 845 1681 resurrectione
891 1645 1067 1694 corporis
1112 1643 1345 1682 detrimenta

13 1703 188 1752 corporis
226 1713 304 1739 non
342 1703 543 1753 timemus,
581 1703 692 1753 quia,
730 1702 804 1739 etsi
836 1701 1046 1752 aequalitas
1079 1702 1210 1740 futura
1242 1707 1346 1740 esset
1372 1709 1412 1740 25

12 1761 204 1811 omnium,
242 1761 294 1798 ita
331 1765 375 1798 ut
412 1772 547 1798 omnes
586 1772 709 1809 usque
752 1759 797 1798 ad
830 1761 1027 1810 giganteas
1060 1761 1345 1810 magnitudines

11 1819 279 1870 pervenirent,
318 1830 365 1856 ne
399 1818 470 1870 illi,
502 1819 569 1868 qui
601 1819 756 1856 maximi
787 1818 964 1870 suerunt,
996 1819 1124 1856 minus
1158 1818 1346 1856 haherent

13 1876 156 1926 aliquid
182 1877 222 1914 in
248 1881 407 1927 statura,
440 1876 541 1926 quod
569 1877 624 1914 eis
658 1881 791 1914 contra
824 1878 1056 1915 sententiam
1083 1875 1227 1914 Christi
1258 1888 1344 1927 per-

12 1935 99 1986 iret,
131 1935 198 1984 qui
229 1934 325 1972 dixit
356 1946 427 1973 1166
461 1934 640 1985 capillum
673 1936 809 1985 capitis
842 1947 926 1973 esse
960 1936 1199 1985 periturum,
1232 1934 1343 1973 Crea-

13 1993 89 2030 tori
115 1993 262 2044 utique,
294 1994 361 2043 qui
386 1994 531 2031 creavit
556 1998 695 2031 cuncta
722 1993 767 2031 de
795 1993 927 2045 nihilo,
959 2005 1035 2042 quo
1062 1992 1176 2030 modo
1209 1993 1344 2031 deesse
1372 1999 1414 2031 30

107 2084 143 2127 9)
167 2083 228 2116 Le.
255 2086 310 2125 21,
338 2086 391 2117 18.

109 2213 128 2244 8
154 2210 192 2243 in
218 2221 289 2253 qua
313 2209 349 2243 R
373 2210 509 2249 (malim
537 2220 625 2253 qua3
658 2210 702 2252 cf.
730 2213 812 2252 601,
837 2213 919 2253 18ss
944 2209 1009 2244 ubi
1033 2210 1090 2243 Av
1121 2211 1133 2253 Η
1164 2213 1182 2244 7
1209 2209 1266 2243 1111
1290 2209 1346 2251 R,-

14 2257 79 2291 illo
100 2268 118 2291 v
138 2258 149 2301 ΙΙ
170 2260 211 2291 16
238 2256 333 2290 mole
360 2255 430 2290 ΕΑ
457 2257 537 2297 (vol.
565 2256 602 2298 I,
627 2258 712 2298 402,
738 2259 824 2299 29)‚·
849 2256 888 2290 in
912 2256 1008 2290 mole
1029 2267 1048 2290 v
1068 2257 1079 2299 ΙΙ
1098 2259 1142 2290 20
1169 2267 1246 2292 esse
1272 2256 1344 2291 vid.

15 2315 33 2337 t·
61 2305 73 2347 ΙΙ
97 2307 140 2338 26
168 2303 329 2338 omnium
355 2313 418 2338 om.
445 2302 481 2337 R
