1548 2562
412 138 465 163 DE
485 137 673 163 CIVITATE
692 138 762 163 DEI
780 138 812 163 L.
832 138 896 163 xv.
916 137 945 164 c.
964 139 989 163 8.
1319 128 1371 168 73

39 228 155 278 iusto,
186 227 249 264 cui
274 238 415 264 nomen
443 231 525 264 erat
550 225 643 275 Noe,
675 232 713 264 et
745 227 827 264 eius
860 227 1023 277 coniuge
1056 231 1095 265 et
1125 225 1251 264 tribus
1283 226 1371 264 filiis

40 284 280 334 totidemque
324 283 507 335 nuribus,
552 286 618 334 qui
662 284 837 322 homines
882 290 969 323 octo
1013 297 1059 322 ex
1097 284 1160 322 illa
1198 285 1371 322 omnium

39 344 250 380 vastatione
282 342 503 380 mortalium
535 354 605 392 per
636 354 763 380 arcam
796 343 958 381 evadere
990 348 1230 381 meruerunt.

157 400 268 445 Quod
294 402 413 451 igitur
440 401 629 450 scriptum
662 406 740 438 est:
772 402 824 439 Et
855 404 1039 449 coqnovz't
1074 402 1171 439 Cain
1203 412 1371 439 uxorem

38 470 168 506 suam,
207 464 245 497 et
284 460 510 507 concipiens
548 460 710 507 peperit
739 459 877 497 Enoch
889 473 903 504 ρ
947 464 985 498 et
1023 465 1113 498 erat
1150 461 1372 506 aedificans

40 519 240 556 civitatem
285 519 325 555 z'n
368 519 524 555 nomine
562 518 641 563 filie·
681 519 746 554 sui
786 518 947 556 Enoch:
991 529 1068 556 non
1113 523 1172 556 est
1216 517 1372 567 quidem

40 587 305 626 consequens,
347 580 390 613 ut
429 576 548 613 istum
587 576 757 625 primum
799 575 920 613 filium
958 577 1139 626 genuisse
1178 575 1371 614 credatur.

39 633 174 683 Neque
215 634 319 671 enim
358 633 432 671 hoc
473 645 520 671 ex
561 644 606 670 eo
646 633 861 683 putandum
901 639 977 685 est,
1019 636 1108 684 quia
1146 634 1272 672 dictus
1314 639 1374 672 est

40 693 266 742 cognovisse
298 703 460 730 uxorem
493 703 613 741 suam,
645 693 755 741 quasi
787 697 879 729 tunc
912 704 953 729 se
985 692 1039 730 illi
1070 693 1250 742 primitus
1282 704 1371 730 con-

42 749 259 788 cumbendo
303 751 537 788 miscuisset.
603 749 699 787 Nam
745 755 782 788 et
826 749 872 788 de
917 751 1001 801 ipso
1045 757 1154 800 patre
1199 752 1372 788 omnium

39 808 158 846 Adam
190 820 268 846 non
299 813 393 846 ωηο
425 807 550 846 solum
581 808 654 846 hoc
686 808 833 846 dictum
865 814 941 855 est,
974 808 1127 858 quando
1160 815 1372 859 conceptus

40 872 99 904 est
116 865 221 917 Cain,
244 878 360 917 quem
377 868 679 917 primogenitum
700 866 852 905 videtur
873 866 1072 918 habuisse3
1103 879 1238 905 verum
1258 868 1373 905 etiam

39 926 235 976 posterius
267 925 402 963 eadem
434 926 644 975 scriptura:
682 926 886 972 Cofflzove‘t,
919 927 1063 977 inquit,
1095 927 1223 963 Adam
1250 926 1374 963 Evam

40 995 207 1022 uxorem
238 994 361 1030 suam,
394 988 432 1021 et
457 986 639 1032 concepit
670 989 707 1021 et
734 986 892 1032 peperit
917 986 1056 1030 fillum,
1089 988 1127 1022 et
1157 985 1375 1021 nominavit

39 1053 179 1080 nomen
206 1044 310 1080 illius
337 1042 442 1080 Seth.
503 1041 611 1079 Unde
638 1041 877 1091 intellegitur
903 1043 954 1079 ita
987 1041 1111 1079 solere
1144 1041 1246 1079 illam
1279 1043 1371 1079 scri-

39 1106 193 1150 pturam
236 1099 360 1150 loqui,
404 1101 577 1150 quamvis
622 1111 698 1137 non
742 1112 896 1150 semper
941 1112 1029 1137 cum
1073 1101 1111 1137 in
1151 1112 1194 1137 ea
1233 1099 1374 1150 legitur

40 1158 163 1196 factos
200 1157 400 1196 hominum
438 1158 557 1195 fuisse
590 1164 819 1209 conceptus,
858 1170 934 1196 non
968 1165 1095 1196 tamen
1128 1158 1253 1196 solum
1286 1170 1375 1196 cum

40 1217 210 1267 primum
248 1215 321 1254 sibi
365 1228 480 1254 sexus
524 1221 691 1266 uterque
729 1217 926 1254 miscetur.
989 1216 1068 1254 Nec
1108 1216 1201 1254 illud
1241 1228 1373 1254 neces-

42 1276 142 1312 sario
182 1279 242 1312 est
281 1279 529 1325 argumento,
566 1280 610 1312 ut
640 1276 943 1324 primogenitum
976 1276 1075 1324 patri
1108 1276 1374 1312 existimemus

40 1331 187 1384 Enoch,
219 1332 322 1382 quod
354 1333 438 1370 eius
471 1333 625 1370 nomine
657 1332 720 1370 illa
752 1334 885 1370 civitas
917 1338 1139 1383 nuncupata
1171 1338 1240 1371 est.
1290 1332 1374 1369 Non

41 1392 145 1428 enim
178 1390 223 1428 ab
250 1402 292 1428 re
326 1396 396 1441 est,
428 1395 471 1428 ut
502 1396 662 1441 propter
694 1391 859 1440 aliquam
892 1403 1059 1442 causam,
1091 1403 1180 1429 cum
1212 1396 1251 1429 et
1282 1390 1376 1428 alios

41 1448 214 1499 haberet,
246 1448 423 1498 diligeret
449 1460 538 1486 eum
564 1454 674 1499 pater
700 1450 841 1487 ceteris
868 1449 1043 1499 amplius.
1105 1448 1240 1499 Neque
1273 1450 1376 1487 enim

43 1512 81 1545 et
112 1507 225 1546 Iudas
257 1508 540 1557 primogenitus
572 1507 655 1553 fuit,
689 1519 708 1545 a
742 1519 817 1557 quo
844 1507 983 1545 Iudaea
1016 1509 1285 1557 cognominata
1318 1514 1377 1545 est

43 1570 82 1603 et
112 1564 253 1603 Iudaei.
317 1564 392 1603 Sed
425 1566 576 1603 etiamsi
615 1565 806 1603 conditori
839 1566 1003 1603 civitatis
1035 1564 1137 1603 illius
1170 1567 1242 1603 iste
1275 1565 1376 1602 filius

42 1624 192 1673 primus
233 1628 293 1661 est
333 1628 467 1674 natus,
505 1635 582 1661 non
620 1623 706 1661 ideo
746 1623 961 1673 putandum
998 1629 1058 1660 est
1089 1629 1182 1661 tunc
1215 1635 1235 1661 a
1265 1629 1375 1673 patre

44 1681 220 1719 conditae
253 1682 397 1719 civitati
430 1693 571 1718 nomen
604 1683 686 1719 eius
718 1682 942 1732 inpositum,
975 1681 1128 1730 quando
1161 1686 1274 1719 natus
1307 1686 1377 1733 est,

44 1741 133 1789 quia
160 1751 231 1777 nec
258 1741 442 1777 constitui
475 1744 567 1777 tunc
600 1739 646 1776 ab
679 1751 756 1777 uno
788 1744 941 1789 poterat
974 1740 1118 1790 civitas,
1152 1751 1249 1789 quae
1282 1739 1378 1777 nihil

44 1803 104 1835 est
136 1797 236 1836 aliud
276 1809 391 1847 quam
427 1797 628 1835 hominum
667 1797 874 1835 multitudo
907 1797 1034 1847 aliquo
1068 1799 1264 1835 societatis
1296 1799 1376 1835 vin-

45 1855 131 1894 culo
159 1855 366 1906 conligata;
398 1855 464 1893 sed
492 1867 581 1894 cum
606 1855 709 1894 illius
735 1855 903 1893 hominis
935 1855 1076 1893 familia
1108 1861 1211 1893 tanta
1244 1868 1377 1893 nume-

45 1915 203 1952 rositate
230 1918 439 1965 cresceret,
470 1919 513 1952 ut
538 1913 699 1952 haberet
725 1915 799 1951 iam
825 1913 959 1964 populi
984 1915 1250 1965 quantitatem,
1284 1919 1377 1952 ωηο

44 1973 171 2022 potuit
213 1973 348 2022 utique
392 1972 493 2023 fieri,
531 1977 575 2010 ut
619 1978 657 2010 et
700 1973 958 2010 constitueret
991 1977 1028 2009 et
1061 1983 1201 2009 nomen
1233 1973 1376 2022 primo-

46 2031 168 2080 geniti
195 2032 254 2068 sui
279 2031 512 2068 constitutae
539 2031 745 2080 inponeret
771 2031 925 2068 civitati.
976 2029 1069 2067 Tam
1096 2029 1208 2080 longa
1235 2031 1377 2080 quippe

46 2090 121 2126 vita
147 2088 302 2126 illorum
328 2087 529 2126 hominum
562 2088 646 2140 fuit,
679 2094 722 2127 ut
752 2088 829 2126 illic
862 2093 1178 2141 memoratorum,
1210 2100 1377 2139 quorum

141 2178 198 2221 15)
224 2176 312 2211 Gen.
339 2181 371 2220 4,
399 2181 458 2219 173
485 2180 540 2211 25.

142 2298 159 2327 1
186 2293 245 2327 eui
277 2293 347 2335 Vv,·
374 2292 475 2328 cuius
500 2293 614 2327 RAF

1400 758 1442 788 10

1402 1048 1442 1078 15

1402 1340 1445 1370 20

1404 1630 1445 1660 25

1404 1922 1447 1952 30
