1548 2562
429 158 481 183 DE
501 158 688 184 CIVITATE
707 158 778 182 DEI
796 158 829 183 L.
848 158 945 183 XXII.
966 157 996 183 c.
1016 159 1057 182 24.
1325 149 1408 190 611

81 246 222 296 quibus
254 251 383 285 tamen
408 246 528 284 voluit
553 246 779 284 hominibus
812 246 970 285 abstulit
1002 258 1084 284 eam
1117 246 1232 298 Dens,
1265 251 1303 285 et
1335 252 1409 285 ste·

79 304 171 342 riles
210 305 386 356 fuerunt3
427 316 506 342 non
545 310 674 342 tamen
714 306 847 355 generi
886 304 1054 343 humano
1095 304 1254 342 abstulit
1292 304 1411 342 semel

81 362 208 400 datam
251 364 387 413 primis
432 362 584 401 duobus
634 362 865 412 coniugibus
908 362 1181 401 benedictione
1227 362 1409 413 generali.

79 419 182 458 Haec
221 432 313 470 ergo
351 422 576 471 propagatio
609 422 782 470 quamvis
814 426 974 471 peccato
1015 433 1094 459 non
1126 421 1244 459 fuerit
1275 420 1409 470 ablata,

80 490 157 516 non
195 483 324 516 tamen
362 480 477 517 etiam
514 480 597 529 ipsa
634 478 721 517 talis
759 484 836 530 est,
876 478 998 529 qualis
1038 480 1192 531 fuisset,
1231 480 1264 517 si
1295 491 1408 517 nemo
1436 487 1455 517 5

78 542 290 587 peccasset.
352 536 409 574 Ex
441 549 518 587 quo
551 538 653 575 enim
686 536 801 574 homo
833 538 872 575 in
903 537 1050 575 honore
1082 538 1245 589 positus,
1276 542 1411 588 postea

80 607 194 644 quam
221 594 394 647 deliquit,
420 600 665 645 comparatus
692 601 751 633 est
775 595 994 647 pecoribus,
1027 595 1204 633 similiter
1230 601 1410 646 generat3

79 665 156 691 non
182 654 222 691 in
249 665 294 691 eo
323 659 450 691 tamen
475 654 631 703 penitus
664 655 831 691 extincta
863 659 923 691 est
954 653 1141 703 quaedam
1173 653 1278 692 velut
1309 655 1409 691 scin-

80 710 158 748 tilla
196 712 374 761 rationis,
412 712 451 749 in
492 723 565 761 qua
603 711 728 749 factus
761 716 820 749 est
851 710 897 749 ad
932 713 1136 761 imaginem
1170 711 1249 750 Dei.
1310 711 1409 750 Huic

78 773 207 806 autem
244 770 513 820 propagationi
553 769 586 807 si
627 769 880 807 conformatio
919 782 996 807 non
1035 769 1305 821 adhiberetur,
1337 782 1409 808 nec

77 827 160 877 ipsa
185 828 226 864 in
253 828 313 865 sui
339 828 493 877 generis
519 827 662 865 formas
688 827 901 878 modosque
928 827 1171 878 procederet.
1234 827 1275 865 Si
1307 829 1410 866 enim

79 897 156 923 non
196 884 501 923 concubuissent
538 885 715 923 homines
761 891 799 923 et
837 885 956 923 nihilo
1000 887 1129 924 minus
1161 885 1264 924 Deus
1297 886 1410 924 vellet

78 942 240 993 implere
278 947 403 981 terras
441 943 681 981 hominibus:
723 956 799 993 quo
838 943 951 981 modo
990 945 1134 981 creavit
1172 956 1293 982 unum
1326 946 1408 982 sine

78 1002 352 1039 commixtione
393 1003 510 1040 maris
551 1007 589 1039 et
630 1002 816 1053 feminae,
858 1003 912 1039 sic
950 1007 1083 1052 posset
1121 1013 1274 1053 omnes3
1317 1014 1409 1040 con-

78 1059 306 1097 cumbentes
332 1071 423 1098 vero
449 1060 524 1097 nisi
549 1059 614 1097 illo
641 1065 797 1097 creante
829 1065 1060 1109 generantes
1093 1072 1178 1098 esse
1210 1072 1287 1097 non
1320 1072 1406 1110 pos-

78 1122 174 1156 sent.
239 1117 348 1156 Sicut
391 1129 483 1168 ergo
528 1119 580 1155 ait
623 1117 820 1168 apostolus
864 1117 911 1155 de
949 1119 1193 1156 institutione
1233 1118 1408 1169 spiritali,

78 1187 152 1226 qua
184 1175 299 1214 homo
331 1175 378 1214 ad
409 1177 593 1226 pietatem
631 1177 896 1226 iustitiamque
928 1176 1134 1214 formatur*
1174 1177 1310 1224 Neque
1341 1179 1411 1224 qul

72 1236 247 1282 plantat,
279 1238 339 1272 est
369 1235 538 1281 aliquid,
572 1246 699 1281 neque
730 1236 800 1282 qm
828 1236 954 1283 rigna,
986 1236 1058 1272 sed
1087 1236 1157 1282 qui
1188 1237 1406 1273 incremen-

77 1296 158 1330 tum
190 1293 261 1330 dat
299 1292 424 1330 Deus:
461 1293 513 1330 ita
546 1293 660 1329 etiam
692 1291 754 1330 hic
787 1291 862 1330 diei
894 1297 1039 1342 potest:
1076 1291 1186 1343 „Nec
1219 1293 1285 1342 qui
1317 1305 1406 1330 con-

77 1349 224 1388 cumbit
265 1361 337 1388 nec
386 1351 453 1400 qui
497 1351 680 1401 seminat,
721 1355 781 1388 est
824 1349 988 1401 aliquid,
1038 1350 1105 1388 sed
1151 1351 1217 1400 qui
1268 1350 1408 1388 format

76 1406 198 1459 Deus;
229 1420 301 1445 nec
328 1413 462 1459 mater,
494 1420 592 1458 quae
619 1413 849 1458 conceptum
876 1413 1003 1458 portat
1029 1414 1067 1446 et
1092 1414 1247 1458 partum
1273 1410 1408 1460 nutrit,

77 1470 137 1504 est
168 1465 330 1518 aliquid,
372 1466 440 1504 sed
473 1467 539 1516 qui
570 1467 856 1504 incrementum
889 1466 952 1504 dat
984 1463 1125 1504 Deusf‘
1184 1465 1269 1516 Ipse
1303 1478 1407 1504 nam-

78 1536 152 1574 que
185 1526 422 1575 operatione,
456 1535 530 1574 qua
556 1536 681 1574 usque
713 1536 817 1562 nunc
849 1529 1045 1574 operatur,
1078 1524 1168 1562 facit
1199 1530 1242 1562 ut
1273 1536 1406 1562 nume-

78 1594 143 1620 ros
177 1594 268 1620 suos
295 1582 490 1634 explicent
516 1583 662 1620 semina
688 1588 727 1620 et
752 1594 772 1619 a
798 1581 1029 1632 quibusdam
1055 1581 1265 1620 latentibus
1292 1588 1406 1632 atque

75 1639 335 1678 invisibilibus
383 1640 593 1678 involucris
643 1641 682 1678 in
732 1641 875 1678 formas
927 1639 1095 1678 visibiles
1144 1640 1259 1678 huius
1304 1640 1441 1690 quod·

77 1700 285 1749 aspicimus
324 1698 476 1736 decoris
516 1697 707 1749 evolvant3
745 1699 827 1749 ipse
859 1700 1130 1749 incorpoream
1162 1710 1405 1749 corpoream-

78 1768 152 1806 que
185 1762 384 1808 naturam,
423 1756 526 1794 illam
559 1757 838 1807 praepositam,
877 1757 989 1795 istam
1023 1756 1258 1808 subiectam,
1298 1758 1407 1794 miris

77 1814 200 1852 modis
227 1814 412 1865 copulans
439 1820 478 1852 et
503 1820 711 1852 conectens
737 1816 971 1853 animantem
1002 1815 1102 1853 facit.
1165 1814 1277 1859 Quod
1309 1826 1407 1865 opus

78 1874 161 1910 eius
200 1878 277 1910 tam
316 1884 496 1922 magnum
535 1877 574 1910 et
604 1872 778 1910 mirabile
811 1879 886 1924 est,
925 1878 968 1911 ut
999 1884 1076 1911 non
1109 1872 1235 1911 solum
1266 1874 1305 1910 in
1338 1872 1407 1910 ho-

172 1974 205 2016 7)
231 1973 289 2007 Ps.
315 1976 372 2016 48,
400 1977 453 2006 13.
506 1974 563 2016 19)
592 1977 608 2006 1
649 1972 728 2007 Cor.
755 1977 788 2014 3,
814 1977 844 2008 7.

170 2082 189 2112 3
217 2077 304 2112 data
328 2077 363 2112 R
393 2079 405 2121 ΙΙ
435 2077 689 2112 benedictione
715 2077 879 2122 generali
906 2079 964 2121 (=
991 2078 1039 2112 acl
1064 2078 1271 2111 universum
1295 2088 1407 2119 penus

75 2124 272 2159 humanum
298 2125 511 2168 pertinente)
543 2124 578 2158 R
611 2128 642 2158 et
672 2125 866 2166 „nonrmlli
887 2125 1022 2167 probae
1046 2128 1151 2158 notae
1176 2127 1269 2158 mss“
1293 2124 1406 2159 Bene-

75 2171 199 2205 dictin.
228 2171 306 2214 (vol.
334 2171 370 2212 Ι,
400 2174 478 2212 170,
504 2174 545 2211 3,·
571 2174 659 2212 218,
683 2173 764 2214 13>,·
790 2170 1045 2205 benedictione
1071 2170 1235 2215 generali
1260 2172 1320 2213 A,·
1344 2171 1405 2205 be-

75 2216 321 2252 nedictionem
340 2217 539 2261 generandi
558 2227 617 2260 eya
637 2218 648 2260 ΙΙ
671 2221 711 2251 15
731 2219 881 2261 possent
900 2216 955 2258 Ε,-
980 2218 1133 2261 possunt
1151 2218 1207 2250 Av
1227 2218 1238 2261 ΙΙ
1258 2221 1300 2251 22
1327 2217 1405 2261 ipse

75 2262 168 2297 RAv
195 2264 251 2307 (cf.
280 2266 364 2307 26)‚·
389 2263 470 2308 ipsa
491 2263 599 2298 Parr.
627 2264 713 2298 mell.
737 2265 810 2306 1123
836 2274 930 2298 nunc
950 2275 1064 2308 usque
1089 2275 1109 2297 υ
1136 2265 1309 2307 (61Ο,27)
1329 2265 1341 2307 Ι]
1361 2268 1404 2297 26

76 2310 225 2344 euoluat
248 2309 320 2344 ΕΑ

1053 2370 1123 2402 39*

1438 778 1479 809 10

1437 1069 1477 1099 15

1434 1359 1477 1390 20

1435 1649 1452 1679 Ιυ

1457 1649 1476 1680 0¹
