1548 2562
339 147 391 171 DE
412 145 598 172 CIVITATE
618 147 687 172 DEI
706 148 738 172 L.
758 147 840 173 XVI.
861 148 890 173 c.
911 149 952 173 17.
972 149 1013 173 18.
1035 149 1075 173 19.
1294 138 1377 179 155

49 240 132 272 erat
169 246 293 272 annus
331 236 487 272 circiter
528 235 781 273 millensimus
813 235 1132 274 ducentensimus
1166 241 1253 274 ante
1288 248 1377 274 con-

50 292 167 330 ditam
198 292 370 344 Romam,
401 292 519 330 veluti
551 292 710 331 alteram
741 295 781 331 in
813 294 1013 345 occidente
1045 293 1305 344 Babyloniam.

538 428 694 470 CAPUT
727 430 885 471 XVIII.

47 514 108 552 De
146 516 290 552 iterato
328 515 499 560 alloquio
538 514 615 551 Dei
651 515 707 552 ad
736 515 957 565 Abraham,
996 526 1072 562 quo
1105 516 1144 552 ei
1173 519 1212 552 et
1240 516 1382 553 semini

340 574 424 609 eius
460 572 654 609 chanaan
686 575 800 610 terra
825 574 1084 620 promittitur.
1406 580 1426 610 5

165 652 357 702 Egressus
407 664 498 702 ergo
549 651 739 690 Abraham
787 652 834 690 de
879 652 1022 690 Charra
1068 654 1380 704 septuagensimo

50 712 186 760 quinto
225 722 325 748 anno
364 712 500 748 aetatis
540 722 648 761 suae,
690 712 930 748 centensimo
971 717 1099 749 autem
1141 711 1379 761 quadragen-

47 770 144 806 simo
178 774 216 806 et
248 770 384 819 quinto
416 769 538 818 patris
571 769 642 815 sui,
675 780 765 806 cum
790 767 888 806 Loth
921 769 997 806 filio
1031 770 1160 807 fratris
1194 775 1232 807 et
1265 769 1380 807 Sarra

48 828 211 876 coniuge
240 828 414 877 perrexit
445 828 484 864 in
516 832 660 864 terram
688 826 865 864 Chanaan
898 832 937 865 et
968 829 1144 877 pervenit
1176 839 1300 877 usque
1333 827 1377 865 ad

48 884 215 936 Sichem,
247 884 315 922 ubi
341 896 479 922 rursus
512 885 682 923 divinum
716 886 865 934 accepit
896 885 1108 936 oraculum,
1140 884 1186 923 de
1219 897 1295 935 quo
1328 887 1380 923 ita
1408 893 1449 923 10

47 944 237 993 scriptum
276 947 351 980 est:
395 943 448 980 Et
491 945 683 991 apparuit
720 943 911 981 Domitms
950 945 1158 990 Abrahae,
1203 948 1241 981 et
1277 945 1381 981 dixit

47 1003 122 1039 illi:
168 1002 320 1039 Semini
362 1006 428 1039 tuo
472 1003 575 1039 dabo
618 1006 768 1039 terram
807 1002 923 1039 hanc.
984 1001 1087 1039 Nihil
1128 1001 1189 1039 hic
1227 1001 1273 1039 de
1316 1001 1379 1039 illo

49 1060 196 1096 semine
229 1058 377 1097 dictum
409 1064 480 1110 est,
512 1060 550 1096 in
585 1071 661 1108 quo
693 1064 803 1109 pater
836 1059 960 1097 sactus
993 1065 1053 1097 est
1083 1061 1256 1097 omnium
1288 1071 1378 1109 gen-

47 1117 155 1167 tium,
188 1116 255 1155 sed
282 1117 328 1154 de
355 1116 419 1154 illo
452 1116 623 1168 solo,‘de
657 1129 733 1167 quo
765 1122 875 1167 pater
907 1122 966 1155 est
997 1119 1113 1155 unius
1145 1117 1379 1156 Israeliticae

46 1176 194 1227 gentis3
226 1174 272 1214 ab
306 1174 379 1213 hoc
412 1176 515 1213 enim
548 1176 694 1213 semine
728 1181 831 1213 terra
863 1175 925 1213 illa
957 1187 1137 1226 possessa
1169 1181 1238 1214 est.
1408 1183 1449 1214 15

565 1322 718 1364 CAPUT
744 1323 857 1365 XIX.

80 1409 140 1446 De
172 1408 327 1445 Sarrae
353 1408 553 1455 pudicitia
585 1409 626 1445 2'71
658 1409 836 1456 Aeygspto
865 1421 941 1457 per
973 1409 1097 1447 Deum
1131 1410 1343 1455 custodita,

144 1477 263 1513 quam
294 1466 499 1503 Abraham
530 1477 607 1503 non
642 1477 807 1504 uxorem
838 1478 951 1505 suam
984 1479 1067 1504 esse
1099 1468 1272 1514 de'oeerat,

563 1525 635 1562 sed
663 1535 851 1562 sororem.

164 1604 310 1643 Deinde
342 1604 541 1642 aedificato
573 1604 625 1642 ibi
657 1604 767 1642 altari
798 1610 837 1642 et
868 1607 1043 1642 invocato
1077 1605 1154 1642 Deo
1187 1604 1378 1642 Abraham
1405 1612 1448 1643 20

44 1663 245 1713 profectus
283 1669 342 1701 est
379 1662 468 1700 inde
507 1667 545 1700 et
584 1662 766 1700 habitavit
805 1664 844 1700 in
882 1674 1013 1700 eremo
1052 1669 1166 1712 atque
1198 1662 1288 1700 inde
1320 1664 1376 1700 ire

44 1722 84 1758 in
105 1721 320 1771 Aegyptum
345 1721 456 1758 famis
482 1720 952 1771 necessitate‘conpulsus
979 1725 1048 1758 est.
1109 1719 1182 1758 Ubi
1214 1732 1377 1758 uxorem

43 1790 152 1816 suam
193 1779 288 1816 dixit
329 1790 524 1829 sororem,
565 1778 659 1816 nihil
698 1780 902 1829 mentitus3
944 1784 1026 1816 erat
1070 1780 1173 1816 enim
1212 1784 1250 1816 et
1291 1779 1377 1830 hoc,

42 1837 134 1886 quia
158 1838 376 1887 propinqua
405 1842 486 1874 erat
513 1838 719 1888 sanguine3
746 1838 847 1874 sieut
873 1838 987 1874 etiam
1015 1836 1112 1874 Loth
1134 1836 1267 1874 eadem
1288 1849 1374 1886 pro-

44 1895 282 1945 pinquitate,
324 1906 412 1932 cum
451 1894 582 1932 fratris
619 1896 703 1932 eius
741 1900 846 1933 esset
883 1894 1003 1946 filius,
1041 1895 1161 1932 frater
1200 1896 1284 1932 eius
1317 1899 1376 1932 est
1403 1903 1445 1935 25

45 1952 183 1990 dictus.
233 1952 366 2002 Itaque
392 1964 553 1990 uxorem
586 1953 717 2004 tacuit,
749 1964 827 1990 non
859 1954 1023 2004 negavit,
1056 1954 1232 2002 coniugis
1266 1958 1375 1990 tuen-

45 2010 130 2048 dam
157 2009 383 2060 pudicitiam
404 2012 651 2048 committens
672 2010 751 2048 Deo
778 2016 817 2049 et
842 2011 1030 2048 humanas
1050 2010 1210 2048 insidias
1237 2022 1375 2048 cavens

45 2073 87 2106 ut
118 2067 250 2119 h0m03
290 2070 489 2120 quoniam,
530 2069 562 2106 si
594 2068 811 2119 periculum
844 2074 1032 2118 quantum
1064 2069 1191 2106 caveri
1222 2073 1376 2119 poterat

138 2170 195 2211 12)
223 2167 310 2202 Gen.
340 2171 394 2211 12,
421 2171 451 2202 7.
511 2169 569 2211 23)
596 2167 684 2201 Gen.
714 2172 767 2211 12,
795 2172 814 2202 7
841 2180 916 2211 sqq.

138 2300 157 2330 6
184 2306 346 2340 egressus
372 2296 428 2329 est
451 2294 522 2329 RL
540 2296 551 2339 ΙΙ
573 2299 614 2329 13
641 2295 779 2329 dictum
812 2295 897 2337 VL;
922 2295 1143 2339 promissum
1168 2295 1225 2330 Rv
