1611 2465
146 123 230 162 616
691 130 716 155 s.
738 129 956 156 AUGUSTINI

146 224 185 260 in
212 226 289 259 tam
312 220 443 259 multis
464 219 583 258 rebus
610 218 776 258 tuendae
804 225 870 257 aut
894 219 1140 270 recipiendae
1168 220 1301 259 salutis
1329 219 1484 260 auxilia!

148 280 271 326 Quam
299 285 405 330 grata
432 278 660 316 vicissitudo
688 277 765 316 diei
791 277 1019 316 alternantis
1046 284 1085 316 et
1116 278 1259 318 noctis!
1292 279 1485 318 Aurarum

149 351 262 390 quam
296 336 434 376 blanda
467 335 696 387 temperies!
747 335 790 374 In
823 335 1031 375 fruticibus
1065 342 1103 375 et
1133 337 1343 388 pecoribus
1374 338 1484 377 indu-

148 403 372 436 mentorum
411 395 746 434 conticiendorum
789 400 930 445 quanta
964 394 1163 434 materies!
1215 395 1351 435 Omnia
1384 408 1486 435 com-

103 466 122 495 5
150 467 367 495 memorare
411 455 498 505 quis
542 451 695 505 possit?
755 452 859 491 Haec
911 459 1040 492 autem
1083 453 1181 506 sola,
1226 467 1323 505 quae
1364 467 1384 494 a
1425 467 1486 494 me

148 515 254 553 velut
285 515 325 552 in
359 512 551 564 quendam
585 517 677 550 sunt
709 524 888 563 aggerem
921 517 1109 565 coartata,
1151 514 1183 551 si
1215 513 1350 551 vellem
1382 513 1488 552 velut

149 573 339 623 conligata
380 571 581 611 involucra
622 571 772 609 solvere
815 575 931 621 atque
964 570 1180 623 discutere,
1219 578 1362 622 quanta
1394 572 1486 610 mihi

148 644 257 670 mora
296 636 401 669 esset
432 632 472 668 in
506 629 688 681 singulis,
727 628 869 679 quibus
908 629 1075 680 plurima
1108 629 1377 669 continentur!
1439 630 1489 669 Et

149 691 243 729 haec
277 691 405 728 omnia
439 690 674 727 miserorum
707 694 797 726 sunt
830 687 1179 739 damnatorumque
1214 689 1369 741 solacia,
1410 701 1487 727 non

80 760 122 789 10
149 750 318 800 praemia
359 747 576 786 beatorum.
640 746 747 792 Quae
779 748 899 797 igitur
930 746 994 784 illa
1027 752 1137 799 sunt,
1177 749 1207 785 si
1240 752 1299 786 tot
1331 753 1369 786 et
1400 748 1488 786 talia

150 821 193 847 ao
230 813 338 847 tanta
377 811 470 845 sunt
506 803 609 844 ista?
671 805 770 850 Quid
811 804 917 843 dabit
955 806 1010 843 eis
1050 818 1147 855 quos
1188 806 1490 857 praedestinavit

150 866 194 905 ad
222 868 351 918 vitam,
385 866 452 916 qui
478 864 573 902 haec
601 864 708 902 dedit
741 865 855 902 etiam
889 865 944 901 eis
978 876 1076 914 quos
1108 864 1411 915 praedestinavit
1443 864 1489 903 ad

151 922 345 964 mortem?
396 924 503 969 Quae
530 922 631 961 bona
664 924 703 960 in
729 922 792 960 illa
824 921 936 960 beata
967 923 1044 960 vita
1076 923 1191 961 faciet
1224 935 1290 961 eos
1322 935 1490 975 sumere,

150 997 221 1035 pro
255 982 398 1034 quibus
431 984 470 1020 in
508 981 579 1020 hac
618 983 760 1020 misera
792 982 1037 1031 unigenitum
1070 993 1183 1019 suum
1217 981 1338 1020 filium
1370 981 1491 1020 voluit

84 1053 124 1082 15
152 1054 277 1093 usque
317 1042 362 1080 ad
402 1045 569 1079 mortem
611 1039 708 1078 mala
746 1045 850 1077 tanta
882 1037 1089 1090 perferre?
1149 1039 1260 1078 Unde
1293 1040 1490 1091 apostolus

151 1101 197 1139 de
230 1102 326 1151 ipsis
357 1101 397 1138 in
423 1099 517 1137 illud
545 1110 709 1149 regnum
741 1098 1041 1148 praedestinatis
1073 1097 1255 1148 loquens:
1293 1100 1372 1145 Qui
1394 1110 1489 1148 pro-

147 1161 258 1210 ῃνῖο,
302 1159 447 1210 inquit,
488 1159 573 1204 filio
613 1168 691 1195 non
718 1159 919 1205 pepercit,
963 1158 1035 1195 sed
1059 1168 1137 1205 pro
1169 1158 1281 1196 nobis
1313 1159 1492 1196 omnibus

152 1219 324 1256 tradidit
368 1228 473 1263 eum,
518 1227 594 1263 quo
635 1217 749 1254 modo
787 1226 866 1253 non
904 1219 941 1254 et
979 1226 1068 1253 cum
1107 1217 1172 1253 illo
1209 1218 1342 1254 omnia
1380 1217 1491 1254 nobis

154 1272 346 1315 donabit?
398 1274 495 1312 Cum
528 1274 623 1312 haec
655 1274 863 1324 promissio
897 1272 1168 1324 complebitur,
1201 1273 1293 1323 quid
1326 1272 1491 1312 erimus!

81 1344 124 1374 20
152 1334 285 1386 quales
318 1331 485 1372 erimus!
519 1332 625 1378 Quae
658 1331 759 1369 bona
790 1332 830 1369 in
861 1331 926 1369 illo
959 1343 1079 1381 regno
1112 1333 1313 1383 accepturi
1344 1344 1491 1385 sumus,

154 1392 307 1444 quando
330 1391 489 1443 quidem
509 1390 665 1429 Christo
692 1391 884 1428 moriente
910 1402 982 1440 pro
1010 1389 1121 1428 nobis
1148 1390 1221 1428 tale
1249 1392 1324 1429 iam
1350 1392 1491 1442 pignus

154 1449 392 1502 accepimus!
438 1449 570 1495 Qualis
612 1451 687 1487 erit
729 1450 891 1499 spiritus
931 1448 1100 1486 hominis
1141 1448 1291 1487 nullum
1333 1451 1490 1488 omnino

154 1510 300 1548 habens
333 1510 490 1559 vitium,
531 1520 603 1546 nec
643 1507 715 1546 sub
755 1519 831 1557 quo
864 1508 1007 1558 iaceat,
1047 1519 1119 1545 nec
1153 1508 1215 1545 cui
1248 1507 1379 1560 cedat,
1420 1520 1492 1547 nec

156 1574 292 1608 contra
332 1567 435 1618 quod
475 1566 611 1605 saltem
649 1565 896 1604 laudabiliter
929 1565 1103 1617 dimicet,
1140 1567 1385 1616 pacatissima
1417 1568 1491 1605 vir-

86 1637 128 1666 ·25
158 1633 239 1666 tute
282 1625 499 1678 perfectus!
544 1624 692 1663 Rerum
736 1624 790 1662 ibi
827 1625 999 1662 omnium
1043 1630 1206 1676 quanta,
1249 1636 1364 1675 quam
1407 1637 1491 1676 spe-

156 1688 278 1736 ciosa,
311 1696 427 1736 quam
460 1691 566 1722 certa
600 1684 782 1734 scientia,
815 1684 897 1720 sine
931 1694 1064 1720 errore
1098 1682 1226 1733 aliquo
1258 1683 1317 1721 vel
1349 1683 1493 1736 labore,

155 1744 222 1783 ubi
254 1743 323 1782 Dei
356 1744 544 1793 sapientia
577 1742 623 1780 de
656 1743 740 1792 ipso
774 1753 844 1779 suo
879 1741 985 1779 fonte
1018 1740 1235 1793 potabitur,
1267 1753 1355 1780 cum
1389 1754 1493 1780 sum-

155 1815 216 1841 ma
255 1802 460 1852 felicitate,
507 1795 589 1838 sine
634 1800 709 1838 ulla
750 1797 995 1837 difficultate!
1059 1799 1179 1844 Quale
1221 1801 1296 1838 erit
1339 1812 1494 1851 corpus,

157 1860 259 1912 quod
293 1861 399 1898 omni
438 1858 551 1897 modo
592 1859 747 1909 spiritui
786 1857 985 1896 subditum
1019 1863 1057 1896 et
1090 1870 1135 1895 eo
1169 1858 1409 1897 sufficienter
1441 1860 1493 1897 vi-

86 1928 129 1959 30
158 1920 352 1957 vilicatum
396 1917 514 1956 nullis
558 1916 750 1954 alimoniis
794 1914 999 1966 indigebit!
1049 1915 1134 1953 Non
1177 1917 1278 1954 enim
1320 1917 1494 1969 animale,

156 1977 224 2016 sed
268 1976 440 2028 spiritale
483 1977 578 2027 erit,
619 1974 765 2012 liabens
805 1974 960 2024 quidem
999 1975 1147 2026 earnis,
1185 1974 1252 2012 sed
1293 1976 1376 2013 sine
1418 1974 1494 2014 ulla

157 2035 301 2074 carnali
335 2035 588 2085 corruptione
622 2032 889 2071 substantiam.

254 2137 311 2179 19)
338 2136 442 2170 Rom.
470 2139 501 2177 s,
529 2138 584 2169 32.

254 2256 270 2285 1
299 2254 363 2286 aut,
389 2251 444 2292 R‚·
470 2261 512 2285 ac
539 2261 557 2284 v
586 2251 598 2293 Η
628 2248 862 2294 recipiendae
889 2260 977 2291 mss‚·
1003 2249 1274 2293 recuperandae
1302 2261 1320 2284 v
1345 2252 1357 2294 Η
1384 2253 1428 2285 10
1454 2260 1495 2285 ac

156 2298 249 2333 talia
275 2300 312 2332 et
336 2309 355 2332 v
376 2300 387 2342 Η
409 2302 449 2331 12
478 2297 554 2342 qui]
583 2297 613 2331 si
639 2296 674 2330 R
