1611 2465
112 713 154 743 10

113 1006 153 1035 15

111 1296 154 1327 20

109 1585 152 1617 25

107 1958 153 1989 30

186 80 267 121 158
717 90 743 116 s.
765 89 985 117 AUGUSTINI

183 182 473 230 comparatione
519 179 778 218 multitudinis
821 180 1030 229 impiorum
1073 180 1249 230 profecto
1294 181 1334 218 in
1384 182 1521 231 paucis

182 243 259 289 est3
292 240 465 289 quamvis
497 244 536 276 et
566 239 640 288 ipsi
673 238 784 287 pauci
818 237 959 275 saciant
990 237 1313 276 innumerabilem
1345 238 1518 277 multitu-

182 296 311 334 dinem
354 309 479 347 suam,
525 308 623 346 quae
666 297 878 343 significata
920 301 979 334 est
1024 295 1239 334 secundum
1280 296 1519 347 hyperbolen

180 367 251 405 per
283 355 467 392 harenam
501 360 638 392 terrae.
702 353 802 391 Sane
834 355 906 391 ista
939 354 1164 405 multitudo,
1196 367 1293 404 quae
1327 356 1518 405 promitti-

182 419 247 451 tur
279 412 471 464 Abrahae,
509 424 587 450 non
619 412 698 450 Deo
737 417 797 450 est
827 412 1144 464 innumerabilis,
1177 412 1243 450 sed
1276 413 1520 465 hominibus3

182 471 260 509 Deo
293 477 422 509 aulem
455 483 526 509 nec
558 470 702 508 harena
733 475 872 508 terrae.
934 470 1102 509 Proinde
1136 472 1224 520 quia
1257 483 1333 509 non
1368 476 1519 510 tantum

181 542 276 580 gens
302 528 525 581 Israelitica,
559 529 626 567 sed
653 530 878 567 universnm
912 541 1045 567 semen
1071 528 1258 580 Abrahae,
1291 528 1357 567 ubi
1390 536 1450 568 est
1481 535 1520 568 et

180 589 388 638 promissio
421 600 499 625 non
532 587 747 626 secundum
780 599 957 639 carnem,
988 587 1055 625 sed
1089 587 1304 625 secundum
1338 589 1519 638 spiritum

180 646 352 696 plurium
390 645 577 697 filiorum,
616 647 898 695 congruentius
934 645 1101 684 harenae
1144 645 1384 684 multitudini
1416 658 1518 684 com-

180 710 358 755 paratur:
389 710 520 755 potest
545 704 607 742 1110
633 704 805 754 intellegi
837 705 1044 754 utriusque
1076 706 1134 742 rei
1166 704 1265 742 facta
1297 706 1516 755 promissio.

182 762 257 800 Sed
290 763 376 801 ideo
409 763 593 814 diximus,
633 762 735 813 quod
777 774 855 800 non
887 762 1087 800 evidenter
1119 769 1318 814 appareat,
1356 764 1446 813 quia
1478 769 1517 801 et

179 821 284 859 illius
310 823 437 872 gentis
465 823 581 859 nnius
607 821 827 871 multitudo,
860 832 958 870 quae
991 821 1208 859 seeundum
1240 832 1398 859 carnem
1430 827 1518 860 nata

180 885 239 918 est
272 892 318 917 ex
350 879 543 918 Abraham
573 892 644 930 per
677 881 760 917 eius
794 885 975 929 nepotem
1008 878 1139 930 Iacob,
1180 881 1219 917 in
1251 884 1403 918 tantum
1434 891 1517 918 cre-

180 939 250 989 vit,
296 944 337 976 ut
381 950 503 988 paene
547 950 682 976 omnes
726 943 856 988 partes
901 937 1006 975 orbis
1050 937 1278 988 impleverit.
1340 937 1389 976 Et
1429 937 1518 976 ideo

179 998 307 1047 potuit
347 1002 386 1034 et
423 998 506 1048 ipsa
545 996 759 1035 secundum
799 995 1038 1046 hyperbolen
1076 995 1243 1034 harenae
1277 996 1519 1034 multitudini

180 1056 415 1106 comparari,
447 1056 536 1105 quia
568 1061 607 1093 et
638 1054 732 1092 haec
765 1054 844 1092 sola
875 1056 1080 1092 innumera
1112 1061 1171 1092 est
1203 1054 1360 1092 hommi.
1423 1054 1517 1092 Ter-

180 1125 262 1151 ram
307 1118 413 1151 certe
457 1113 560 1151 illam
605 1113 725 1151 solam
769 1113 1039 1164 significatam,
1084 1124 1182 1162 quae
1227 1112 1417 1163 appellata
1458 1118 1518 1151 est

181 1171 372 1223 Chanaan,
404 1171 563 1221 ambigit
590 1183 714 1209 nemo.
777 1170 853 1208 Sed
880 1171 983 1221 quod
1009 1171 1155 1208 dictum
1183 1176 1258 1209 est:
1296 1171 1383 1209 Tibi
1413 1172 1517 1210 dabo

181 1241 267 1268 eam
311 1234 350 1268 et
387 1232 530 1268 semim·
571 1235 637 1268 tuo
681 1241 804 1277 usque
846 1232 885 1267 m
929 1232 1148 1276 saeculum,
1188 1235 1318 1279 potest
1359 1241 1515 1267 movere

181 1287 400 1339 nonnullos,
433 1290 464 1326 si
490 1300 614 1336 usque
640 1290 680 1326 in
704 1290 908 1326 saeculum
934 1287 1162 1337 intellegant
1186 1289 1250 1338 „in
1277 1283 1515 1326 aeternum“.

181 1345 221 1384 Si
254 1351 382 1384 autem
414 1349 617 1385 saeculum
649 1346 722 1384 hoc
755 1345 839 1383 loco
873 1347 928 1383 sio
960 1347 1168 1397 accipiant,
1208 1357 1323 1396 quem
1356 1345 1402 1383 ad
1434 1357 1513 1383 mo-

179 1404 270 1442 dum
304 1404 469 1442 fideliter
507 1410 686 1442 tenemus
727 1405 880 1442 initium
912 1404 1035 1442 futuri
1068 1404 1212 1442 saeculi
1243 1416 1264 1442 a
1295 1404 1371 1442 fine
1405 1415 1514 1455 prae-

180 1464 302 1500 sentis
341 1463 480 1514 ordiri,
524 1462 619 1500 nihil
657 1474 723 1501 eos
763 1462 950 1513 movebit3
983 1463 1090 1514 quia,
1128 1464 1202 1500 etsi
1240 1461 1391 1512 expulsi
1424 1468 1515 1501 sunt

178 1520 374 1559 Israelitae
407 1521 453 1559 de
485 1520 782 1572 Hierosolymis,
816 1525 973 1558 manent
1004 1526 1133 1558 tamen
1165 1521 1204 1558 in
1236 1520 1320 1558 aliis
1352 1521 1514 1559 civitati-

179 1578 252 1617 bus
278 1585 406 1617 terrae
434 1579 625 1631 Chanaan,
657 1584 696 1617 et
722 1591 845 1629 usque
877 1580 917 1616 in
949 1578 1066 1616 finem
1098 1577 1328 1629 manebunt3
1361 1584 1400 1617 et
1430 1579 1514 1617 uni-

178 1649 289 1675 versa
314 1643 419 1676 terra
444 1637 506 1675 illa
533 1649 621 1675 cum
648 1649 668 1675 a
695 1636 924 1675 Christianis
957 1636 1206 1688 inhabitatur,
1238 1637 1354 1675 etiam
1386 1637 1515 1688 ipsum

179 1707 313 1734 semen
345 1701 405 1733 est
436 1695 622 1734 Abrahae.

691 1819 846 1862 CAPUT
873 1819 1009 1861 XXII.

179 1894 238 1931 Be
268 1895 469 1941 superatis
501 1894 550 1931 ab
583 1894 788 1931 Abraham
825 1894 1002 1931 hostibus
1034 1893 1313 1940 Sodomorum,
1351 1895 1513 1941 quando

267 1956 306 1989 et
336 1951 436 1989 Loth
469 1953 517 1990 cle
549 1953 781 2000 captz‘vilate
813 1953 971 1999 eripuit,
1004 1955 1042 1989 et
1073 1962 1097 1988 α
1130 1951 1425 1990 Melchisedech

559 2010 769 2048 sacerdote
801 2010 1031 2047 benedictus
1063 2013 1129 2046 est.

298 2078 379 2116 1100
423 2090 611 2129 responso
657 2079 928 2129 promissionis
970 2084 1128 2128 accepto
1176 2079 1354 2129 migravit
1393 2078 1512 2117 Abra-

179 2136 266 2174 ham
305 2142 343 2174 et
382 2138 522 2175 mansit
559 2138 599 2175 in
638 2136 710 2174 3110
751 2136 926 2174 eiusdem
957 2142 1084 2175 terrae
1118 2136 1219 2183 1000,
1257 2138 1363 2175 iuxta
1395 2149 1508 2188 quer-

274 2252 315 2281 21
340 2259 431 2282 saec.
461 2248 620 2289 VRFL,·
640 2248 678 2282 in
699 2259 790 2283 saec.
812 2259 832 2282 v
851 2250 863 2292 Η
882 2252 925 2282 33
952 2248 1054 2282 iuxta
1081 2247 1165 2289 VL;
1190 2247 1228 2282 id
1254 2249 1310 2283 est,
1333 2247 1436 2283 iuxta
1453 2247 1511 2283 Rv
