1611 2465
92 721 134 752 10

92 1014 132 1043 15

91 1886 133 1916 30

162 91 246 131 548
705 99 732 124 s.
753 98 971 125 Auous'rnn

162 194 224 227 tus
269 188 417 237 fueris,
463 191 558 236 quia
598 186 734 235 frater
779 193 869 226 mus
916 189 1036 226 habet
1085 190 1241 237 aliquid
1289 189 1500 227 adversum

162 252 215 294 te,
257 249 438 295 relinque
475 247 532 284 ibi
568 257 710 284 mimus
748 250 857 284 tuum
895 247 952 284 ad
991 248 1122 285 alectre
1162 251 1200 285 et
1236 247 1338 285 vade
1371 249 1500 296 prius,

161 307 430 344 reconciliare
463 303 594 352 fratri
631 308 714 351 tuo,
760 310 797 343 et
841 308 936 343 tune
975 307 1134 343 veniens
1175 305 1320 352 offeres
1359 316 1502 344 mimus

161 359 310 415 tuum):
348 364 401 401 ita
441 374 579 413 parum
611 367 671 401 est
702 362 944 413 elemosynas
976 362 1236 413 quantaslibet
1268 363 1396 401 facere
1428 376 1500 414 pro

162 433 409 473 quocumque
455 420 603 459 scelere
659 425 698 459 et
753 422 793 459 in
837 420 1121 459 consuetudine
1177 420 1371 460 scelerum
1412 433 1501 472 per-

161 491 330 518 manere.

279 537 411 576 Oratio
444 549 535 576 vero
568 536 777 589 cotidiana,
810 549 925 588 qnam
957 537 1089 576 docuit
1120 539 1204 589 ipse
1236 536 1365 589 Iesus,
1398 538 1501 577 unde

161 603 199 635 et
240 596 433 634 dominica
474 597 717 648 nominatur,
757 595 861 634 delet
902 595 1059 646 quidem
1098 596 1290 634 cotidiana
1330 602 1502 649 peccata,

161 667 248 693 cum
288 654 430 692 cotidie
469 654 629 693 dicitur:
671 655 834 693 Dimitte
871 655 983 693 nobis
1022 655 1156 693 debita
1188 659 1346 702 nostra,
1385 660 1501 705 atque

160 713 196 751 id
231 713 335 763 quod
368 714 547 763 sequitur
579 724 657 751 non
691 712 817 750 solum
849 711 1010 764 dicitur,
1042 712 1109 750 sed
1143 714 1258 751 etiam
1290 713 1349 752 fit:
1388 713 1503 752 Sicut

160 778 196 810 et
225 783 296 810 nos
323 773 553 810 dimittimus
580 771 827 810 debitoribus
858 773 1027 816 nostris;
1060 770 1127 809 sed
1160 772 1250 821 quia
1281 771 1381 810 fiunt
1410 783 1500 822 pec-

160 837 264 882 cata,
302 830 389 868 ideo
429 829 593 880 dicitur,
631 841 709 867 non
741 834 785 867 ut
815 829 902 868 ideo
936 830 1048 880 fiant,
1087 830 1176 879 quia
1208 829 1362 868 dicitur.
1424 829 1501 868 Per

160 889 258 926 hanc
298 889 401 926 enim
442 887 554 926 nobis
594 887 716 926 voluit
750 887 924 926 Salvator
956 887 1183 939 ostendere,
1216 886 1502 938 quantumlibet

159 949 260 985 iuste
305 948 345 984 in
389 946 506 984 huius
550 947 650 984 vitae
696 946 858 996 caligine
900 953 1015 996 atque
1055 946 1279 984 infirmitate
1317 947 1501 999 vivamus,

161 1017 238 1043 non
271 1004 383 1042 nobis
416 1004 552 1042 deesse
584 1009 759 1055 peccata,
799 1016 869 1055 pro
911 1003 1052 1054 quihus
1091 1004 1331 1043 dimittendis
1363 1004 1500 1043 debea-

161 1075 247 1101 mus
280 1074 392 1100 orare
426 1068 464 1101 et
497 1064 570 1115 eis,
610 1064 677 1113 qui
707 1064 748 1100 in
781 1074 851 1100 nos
883 1068 1064 1114 peccant,
1103 1069 1146 1101 ut
1177 1068 1214 1101 et
1248 1062 1361 1101 nobis
1392 1064 1499 1114 igno-

160 1127 302 1173 scatur,
335 1123 551 1171 ignoscere.
593 1120 700 1164 ,Non
731 1122 861 1171 itaque
894 1127 1099 1172 propterea
1133 1120 1322 1160 Dominus
1354 1122 1423 1160 ait:
1456 1122 1503 1160 Si

161 1181 391 1218 dimiseritis
431 1183 604 1228 peccata
648 1180 894 1231 hominibus,
939 1180 1107 1218 dimittet
1150 1180 1257 1218 vobis
1301 1184 1340 1219 et
1379 1184 1501 1229 pater

160 1243 289 1277 vester
327 1242 502 1287 peccata
540 1242 690 1285 vestra,
729 1243 773 1275 ut
810 1237 857 1275 de
890 1237 961 1275 hac
994 1239 1167 1276 oratione
1203 1238 1338 1276 confisi
1370 1239 1500 1277 securi

161 1296 353 1334 cotidiana
386 1295 534 1334 scelera
566 1296 797 1346 faceremus,
828 1295 889 1333 vel
919 1297 1094 1346 potentia
1126 1308 1200 1346 qua
1234 1307 1310 1334 non
1343 1297 1499 1334 timere-

161 1367 246 1394 mus
283 1354 486 1392 hominum
529 1353 636 1404 leges
676 1353 735 1391 vel
768 1355 908 1392 astutia
940 1366 1015 1404 qua
1046 1355 1152 1405 ipsos
1184 1354 1361 1393 homines
1393 1354 1496 1392 falle-

160 1425 310 1464 remus3
344 1412 412 1451 sed
444 1417 487 1451 ut
518 1423 589 1463 per
620 1411 724 1450 illam
756 1412 997 1450 disceremus
1030 1424 1108 1450 non
1139 1417 1277 1463 putare
1309 1424 1380 1451 nos
1412 1425 1498 1452 esse

161 1473 243 1510 sine
276 1472 459 1522 peccatis,
493 1471 644 1509 etiamsi
670 1482 691 1508 a
723 1469 953 1509 criminibus
985 1482 1162 1509 essemus
1193 1472 1393 1523 inmunes3
1426 1473 1498 1510 sic-

160 1535 203 1568 ut
247 1531 361 1568 etiam
405 1528 502 1579 legis
552 1530 694 1567 veteris
746 1529 968 1567 sacerdotes
1012 1528 1086 1567 hoc
1129 1530 1258 1580 ipsum
1303 1528 1407 1568 Deus
1451 1529 1499 1568 de

116 1597 128 1603 ⁷
160 1588 359 1626 sacrificiis
403 1587 624 1635 admonuit,
670 1599 766 1637 quae
811 1588 925 1625 iussit
970 1599 1036 1625 eos
1080 1588 1249 1638 primum
1292 1599 1363 1639 pro
1406 1589 1499 1639 suis,

160 1646 299 1684 deinde
338 1657 409 1696 pro
448 1645 582 1696 populi
620 1646 761 1684 offerre
801 1646 982 1696 peccatis.
1050 1645 1147 1684 Nam
1187 1651 1225 1684 et
1262 1647 1345 1697 ipsa
1382 1646 1499 1685 verba

160 1706 256 1742 tanti
296 1705 470 1754 magistri
511 1709 549 1742 et
586 1703 739 1742 Domini
777 1705 902 1742 nostri
942 1703 1146 1754 vigilanter
1177 1703 1363 1742 intuenda
1395 1710 1497 1743 sunt.

160 1762 244 1800 Non
278 1764 380 1800 enim
407 1763 476 1800 ait:
507 1762 574 1814 „Si
606 1762 830 1800 dimiseritis
862 1768 1018 1813 peccata
1051 1761 1286 1814 hominibus,
1319 1768 1357 1801 et
1386 1769 1498 1814 pater

160 1826 288 1859 vester
315 1821 483 1859 dimittet
510 1819 617 1858 vobis
644 1820 940 1870 qualiacumque
966 1817 1165 1872 peccata“,
1198 1820 1265 1859 sed
1298 1822 1367 1859 ait:
1399 1821 1496 1860 Pec-

161 1884 254 1918 cata
298 1884 440 1918 vestra.
516 1877 755 1917 Cotidianam
801 1880 943 1929 quippe
995 1880 1208 1917 orationem
1253 1878 1416 1917 docebat
1460 1884 1498 1917 et

160 1937 380 1976 iustificatis
421 1938 557 1987 utique
597 1936 797 1987 discipulis
837 1936 1080 1987 loquebatur.
1144 1936 1243 1982 Quid
1286 1942 1346 1975 est
1387 1949 1497 1988 ergo:

162 1996 338 2034 Peccata
377 2000 510 2034 vestra
548 1996 623 2033 nisi
660 2001 841 2046 „peccata
881 1996 963 2033 sine
997 1994 1140 2045 quihus
1173 2006 1244 2033 nec
1278 2007 1344 2033 vos
1376 1996 1497 2047 eritis,

163 2054 228 2103 qui
255 2054 453 2092 iustificati
479 2059 518 2092 et
549 2054 776 2092 sanctificati
809 2049 954 2091 estis“?
998 2052 1073 2090 Ubi
1105 2065 1198 2104 ergo
1230 2052 1296 2104 illi,
1329 2055 1396 2104 qui
1426 2065 1498 2104 per

255 2156 288 2197 4)
316 2153 379 2188 Mt*
408 2157 439 2196 5,
468 2158 510 2188 23
537 2165 590 2198 sq.
642 2156 700 2197 26)
727 2152 842 2188 Levita.
873 2157 926 2195 16,
954 2157 983 2187 6.

255 2262 272 2292 7
301 2258 397 2292 iesus
423 2268 511 2299 mss,·
536 2257 714 2293 Dominus
739 2269 759 2292 v
