1611 2465
109 746 150 776 10

109 1040 150 1070 15

108 1331 151 1362 20

110 1709 153 1740 25

113 2049 157 2079 30

173 107 258 149 438
715 116 740 141 s.
761 114 979 142 AUGUSTLM

175 209 291 246 etiam
324 206 556 257 corporibus
594 207 668 244 iam
702 205 972 243 inmortalibus
1004 212 1180 256 regnent.
1242 206 1410 244 Proinde
1444 207 1511 244 tri-

174 265 248 305 bus
280 265 354 303 illis
393 267 503 303 annis
542 270 656 315 atque
699 263 857 302 dimidio
890 265 1038 302 animae
1071 266 1291 302 occisorum
1324 276 1394 315 pro
1428 266 1511 302 eius

174 325 378 375 martyri0‚
416 329 455 362 et
487 336 586 374 quae
618 329 729 361 antea
762 323 808 360 de
842 322 1074 373 corporibus
1107 324 1304 374 exierunt,
1343 328 1382 361 et
1414 334 1511 373 quae

175 385 258 434 ipsa
284 383 492 421 novissima
520 383 795 433 persecutione
828 387 919 419 sunt
952 383 1138 434 exiturae,
1170 382 1392 432 regnabunt
1423 393 1511 419 cum

174 442 252 492 illo,
284 440 408 479 donec
447 441 604 479 finiatur
636 440 796 478 mortale
830 439 1027 478 saeculum
1059 446 1098 478 et
1130 440 1176 478 ad
1208 440 1302 479 illud
1335 452 1512 492 regnum,

176 500 242 540 ubi
268 511 374 538 mors
400 512 478 537 non
505 501 591 550 erit,
623 504 855 537 transeatur.
918 499 1111 544 Quocirca
1142 511 1231 537 cum
1265 498 1418 537 Christo
1452 510 1512 536 re·

175 560 377 610 gnantium
416 565 639 596 sanctorum
677 558 809 608 plures
842 559 932 595 anni
964 563 1080 595 erunt
1112 570 1226 608 quam
1261 557 1403 595 vinculi
1436 557 1513 596 dia-

174 618 253 657 boli
285 623 401 667 atque
429 617 639 668 custodiae,
672 618 760 666 quia
792 615 847 653 illi
879 628 967 654 cum
1001 628 1071 654 suo
1104 628 1195 667 rege
1227 615 1296 654 Dei
1329 615 1405 653 filio
1439 617 1512 653 iam

176 676 328 716 diaholo
355 688 433 713 non
459 676 574 726 ligato
602 677 717 714 etiam
750 687 820 725 per
852 680 932 712 tres
964 674 1048 712 illos
1081 687 1202 712 annos
1234 687 1278 713 ac
1311 675 1513 712 semissem

175 734 407 787 regnabunt.
470 734 658 772 Remanet
683 735 814 785 igitur,
843 739 898 784 ut,
930 745 1019 771 cum
1046 733 1240 772 audimus:
1274 733 1515 772 Sacerdotes

176 796 254 834 Dei
295 799 334 832 et
375 794 525 832 Christe·
559 794 788 841 remeabunt
825 803 914 830 eum
952 804 996 830 eo
1038 794 1142 830 mille
1174 794 1310 839 annis,
1356 798 1392 829 el
1425 803 1515 830 cum

171 856 281 902 fim'lz'
300 852 459 901 fuerint
482 854 586 890 mille
613 854 720 898 armi,
753 853 925 889 solvetur
951 856 1117 889 satanas
1145 852 1194 889 cle
1219 852 1402 889 custodia
1427 862 1514 897 sua,

176 918 242 951 aut
274 923 352 950 non
390 912 501 962 regni
538 910 654 949 huius
693 915 917 948 sanctorum
955 909 1225 960 intellegamus
1257 921 1378 947 annos
1410 908 1513 947 mille

175 972 291 1023 finiri,
323 970 392 1009 sed
423 969 567 1008 vinculi
599 968 740 1007 diaboli
773 974 890 1017 atque
921 968 1139 1020 custodiae,
1170 974 1214 1006 ut
1245 979 1368 1005 annos
1399 966 1515 1019 mille,

177 1030 215 1068 id
258 1036 318 1068 est
358 1040 480 1067 annos
524 1040 659 1065 omnes
703 1040 814 1078 suos,
860 1038 1035 1076 quaeque
1077 1038 1168 1077 pars
1212 1026 1350 1064 habeat
1391 1026 1514 1063 diver-

179 1090 232 1127 sis
258 1101 301 1127 ac
327 1087 498 1139 propriis
524 1085 810 1137 prolixitatibus
837 1085 1039 1136 finiendos,
1072 1084 1256 1135 ampliore
1290 1090 1515 1122 sanctorum

178 1160 311 1198 regno,
343 1147 520 1184 breviore
554 1145 695 1183 diaboli
727 1143 899 1194 vinculo;
932 1149 998 1181 aut
1030 1150 1148 1194 certe,
1181 1144 1364 1193 quoniam
1396 1144 1515 1181 trium

178 1218 369 1244 annorum
402 1210 440 1243 et
472 1216 538 1242 sex
571 1215 749 1241 mensum
787 1202 1061 1240 brevissimum
1094 1203 1261 1252 spatium
1293 1207 1370 1253 est,
1411 1213 1513 1239 com-

178 1266 307 1315 putari
339 1264 509 1302 noluisse
550 1261 749 1313 credatur,
788 1263 867 1299 sive
901 1260 1003 1311 quod
1037 1261 1164 1298 minus
1197 1266 1350 1298 satanae
1383 1261 1514 1298 vincu-

178 1324 270 1374 lum,
302 1324 381 1361 sive
409 1322 512 1372 quod
539 1320 703 1372 amplius
730 1320 882 1358 videtur
908 1331 1072 1369 regnum
1103 1318 1247 1356 habere
1280 1324 1516 1369 sanctorum,

179 1384 280 1420 sicut
306 1382 352 1420 de
381 1381 675 1431 quadringentis
701 1380 812 1417 annis
842 1380 882 1416 in
915 1383 1023 1415 sexto
1056 1377 1206 1415 decimo
1238 1376 1354 1415 huius
1387 1378 1517 1427 operis

178 1440 373 1478 volumine
406 1440 617 1490 disputavi;
650 1439 833 1488 quoniam
865 1437 952 1488 plus
986 1436 1129 1486 aliquid
1162 1441 1284 1486 erant,
1317 1441 1355 1474 et
1387 1441 1515 1473 tamen

180 1499 454 1549 quadringenti
496 1503 588 1536 sunt
625 1497 855 1546 nuncupati3
898 1501 937 1534 et
977 1494 1067 1533 talia
1108 1506 1223 1545 saepe
1264 1495 1515 1544 reperiuntur

178 1559 218 1596 in
251 1557 391 1596 litteris
423 1557 556 1608 sacris,
588 1556 621 1594 si
653 1556 740 1606 quis
772 1554 955 1592 advertat.

697 1691 851 1734 CAPUT
882 1691 996 1732 XIV.

180 1782 239 1819 De
272 1781 527 1819 damnatione
558 1779 709 1817 diaboli
738 1788 828 1815 cum
858 1778 940 1815 suis
972 1780 1010 1814 et
1036 1787 1113 1824 per
1143 1776 1516 1823 recapitulationem

228 1841 277 1878 de
308 1834 608 1877 resurrectione
639 1847 838 1884 corporea
870 1836 1042 1873 omnium
1074 1838 1321 1872 mortuorum
1353 1837 1392 1871 et
1422 1834 1471 1870 de

516 1897 666 1934 iudicio
698 1896 860 1932 ullimae
891 1894 1177 1931 retributionis.

300 1979 393 2017 Post
424 1978 523 2016 hanc
562 1982 691 2015 autem
731 1975 1137 2013 commemorationem
1170 1975 1399 2011 novissimae
1430 1984 1518 2023 per—

185 2039 397 2077 secutionis
434 2036 604 2074 breviter
643 2033 916 2084 complectitur
957 2037 1100 2083 totum,
1140 2031 1242 2082 quod
1277 2031 1412 2070 ultimo
1443 2032 1519 2069 iam

280 2141 336 2181 12)
362 2140 476 2182 Apoc.
504 2142 558 2180 20,
587 2141 606 2171 6
633 2147 684 2178 sq.
736 2138 792 2176 22)
822 2139 898 2176 163,
925 2137 981 2167 24„

282 2249 321 2278 11
363 2255 444 2278 cum
482 2243 547 2277 illo
586 2253 604 2276 υ
642 2243 653 2285 ΙΙ
693 2246 733 2275 13
773 2239 881 2274 huius
913 2249 977 2273 om.
1011 2237 1046 2272 R
1082 2240 1094 2282 ss
1133 2240 1173 2271 18
1207 2248 1398 2272 mensuum
1430 2236 1519 2270 R¹A

184 2296 283 2334 1437,
309 2296 346 2334 1)
