1548 2562
442 149 493 174 DE
513 148 700 175 OIVITATE
719 149 788 174 DEI
807 149 840 174 L.
859 149 938 174 XXI.
960 149 990 174 o.
1010 151 1054 175 11.
1326 142 1409 182 513

74 238 134 276 vel
164 235 356 288 plagavit?
404 237 481 275 Iam
514 250 604 275 vero
638 237 833 289 damnum,
865 238 1087 289 ignominia,
1121 238 1292 289 exilium,
1327 251 1408 276 ser-

74 297 175 334 vitus
212 308 299 334 cum
336 295 568 346 plerumque
608 297 662 333 sic
701 295 951 347 infliguntur,
993 302 1035 334 ut
1068 296 1171 334 nulla
1204 299 1314 334 venia
1347 309 1407 334 re-

73 353 268 405 laxentur,
306 365 434 391 nonne
472 365 544 404 pro
583 353 699 391 huius
736 355 836 391 vitae
869 353 981 391 modo
1016 354 1154 392 similia
1186 356 1322 405 poenis
1356 356 1408 392 vi-

74 412 216 450 dentur
248 409 445 450 aeternis?
505 411 596 449 Ideo
637 413 778 462 quippe
812 418 969 450 aeterna
1001 424 1085 450 esse
1118 424 1196 450 non
1228 418 1408 464 possunt,

73 471 163 520 quia
194 482 265 508 nec
291 471 373 520 ipsa
398 472 486 520 vita,
518 481 614 520 quae
647 469 707 507 his
738 469 933 521 plectitur,
963 472 1178 520 porrigitur
1209 471 1249 508 in
1281 476 1404 508 aeter-
1434 479 1452 509 5

73 540 183 580 num,
215 534 253 566 et
283 533 412 566 tamen
445 533 620 578 peccata,
654 539 750 577 qnae
783 527 1028 566 vindicantur
1061 528 1274 578 longissimi
1308 534 1403 566 tem-

71 587 178 636 poris
210 588 363 637 poenis,
401 586 629 624 brevissimo
662 590 838 636 tempore
870 592 1164 637 perpetrantur3
1199 599 1269 624 nec
1302 588 1405 636 quis-

73 656 188 694 quam
234 645 360 682 extitit
405 645 470 694 qui
515 649 695 682 censeret
738 650 815 682 tam
860 645 935 682 cito
977 646 1201 682 nocentium
1240 644 1407 682 finienda

73 714 158 740 esse
190 707 400 753 tormenta,
439 714 555 752 quam
594 704 670 740 cito
703 702 846 740 factum
880 708 937 740 est
970 702 1029 740 vel
1061 703 1314 740 homicidium
1347 702 1406 740 vel

72 760 305 798 adulterium
337 760 396 798 vel
429 761 674 811 sacrilegium
707 760 765 797 vel
799 760 999 810 quodlibet
1031 760 1133 798 aliud
1167 761 1295 799 scelus
1329 773 1404 798 non
1435 769 1477 799 10

71 820 258 869 temporis
297 818 555 869 longitudine,
595 819 661 856 sed
700 819 915 868 iniquitatis
949 824 987 857 et
1019 820 1229 869 impietatis
1261 820 1405 869 magni-

71 877 205 915 tudine
244 877 495 915 metiendum.
558 876 633 921 Qui
671 888 761 914 vero
800 888 871 926 pro
914 877 1041 926 aliquo
1074 876 1210 927 grandi
1244 879 1405 914 crimine

71 940 196 973 morte
228 935 432 986 multatur,
470 934 659 984 numquid
692 946 799 971 mora
831 946 905 984 qua
938 934 1146 985 occiditur,
1189 947 1287 985 quae
1320 947 1405 985 per-

71 993 200 1031 brevis
233 998 308 1045 est,
352 995 436 1031 eius
476 992 708 1043 supplicium
740 992 845 1041 leges
877 994 1081 1030 aestimant
1121 999 1159 1030 et
1191 1005 1267 1030 non
1303 993 1405 1042 qnod

71 1063 160 1089 eum
204 1052 244 1089 in
289 1053 569 1101 sempiternum
614 1051 797 1088 auferunt
840 1050 885 1087 de
932 1052 1120 1088 societate
1168 1048 1408 1088 viventium?
1437 1059 1477 1088 15

71 1109 183 1154 Quod
216 1114 275 1147 est
301 1114 430 1147 autem
455 1109 501 1146 de
534 1110 607 1146 ista
633 1109 785 1146 civitate
819 1108 971 1146 mortali
1003 1108 1182 1146 homines
1215 1109 1404 1158 supplicio

69 1169 217 1218 primae
250 1169 407 1218 mortis,
438 1166 512 1204 hoc
545 1172 605 1204 est
638 1167 683 1204 de
716 1165 779 1203 illa
812 1167 964 1204 civitate
997 1166 1194 1204 inmortali
1228 1167 1404 1204 homines

71 1225 260 1276 supplicio
299 1224 492 1263 secundae
532 1225 670 1262 mortis
708 1224 874 1262 auferre.
938 1224 1047 1262 Sicut
1091 1226 1194 1262 enim
1232 1237 1309 1262 non
1353 1225 1404 1262 ef-

70 1285 205 1321 ficiunt
236 1283 340 1333 leges
371 1283 487 1321 huius
521 1284 705 1332 civitatis,
737 1287 779 1319 ut
810 1283 848 1319 in
882 1294 966 1320 eam
999 1284 1163 1332 quisque
1197 1288 1403 1320 revocetur

70 1343 240 1379 occisus:
285 1342 340 1379 sic
378 1353 449 1379 nec
487 1340 608 1390 illius,
647 1345 690 1377 ut
726 1341 765 1377 in
804 1341 918 1377 vitam
958 1346 1164 1378 revocetur
1208 1345 1406 1378 aeternam
1434 1349 1475 1378 20

71 1399 241 1438 secunda
284 1404 408 1437 morte
453 1399 667 1436 damnatus.
731 1397 815 1442 Quo
862 1398 974 1435 modo
1017 1410 1109 1448 ergo
1153 1410 1289 1436 verum
1337 1404 1407 1449 est,

70 1458 265 1508 inquiunt,
296 1457 399 1507 quod
426 1458 477 1494 ait
503 1455 681 1495 Christus
707 1461 854 1493 vester:
888 1457 936 1494 In
962 1468 1041 1503 qua
1068 1468 1255 1494 mensura
1283 1459 1409 1495 mensi

66 1515 246 1566 fueritis,
284 1517 325 1553 in
363 1527 411 1553 ea
448 1516 679 1553 remetietur
715 1514 840 1560 vobis,
879 1515 910 1551 si
949 1514 1160 1564 temporale
1202 1520 1407 1565 peccatum

71 1573 261 1624 supplicio
300 1574 463 1623 punitur
500 1569 688 1610 aeterno?
749 1571 828 1609 Nec
868 1572 1083 1610 adtendunt
1124 1584 1202 1610 non
1244 1579 1405 1623 propter

71 1631 229 1681 aequale
255 1632 443 1681 temporis
470 1632 649 1680 spatium,
682 1629 747 1667 sed
775 1635 936 1680 propter
962 1630 1271 1668 vicissitudinem
1306 1630 1407 1681 mali,
1434 1639 1477 1668 25

70 1689 109 1727 id
142 1694 202 1727 est
240 1694 284 1727 ut
315 1690 381 1739 qui
412 1688 509 1726 mala
541 1688 679 1725 fecerit
718 1687 814 1725 mala
846 1690 1032 1739 patiatur,
1071 1689 1232 1726 eandem
1265 1689 1407 1726 dictam

73 1748 193 1785 fuisse
231 1758 464 1785 mensuram.
528 1745 710 1790 Quamvis
748 1745 821 1782 hoc
858 1747 898 1783 in
937 1758 980 1783 ea
1018 1758 1060 1783 re
1093 1747 1249 1796 proprie
1283 1748 1406 1796 possit

72 1807 214 1856 accipi,
253 1805 299 1843 de
339 1817 412 1854 qua
444 1804 631 1842 Dominus
671 1815 759 1841 cum
796 1803 870 1841 hoc
903 1803 1051 1842 diceret
1082 1803 1336 1855 loquebatur,
1368 1804 1406 1842 id

72 1869 132 1902 est
164 1862 210 1901 de
243 1862 397 1901 iudiciis
430 1867 469 1900 et
500 1861 897 1900 condemnationibus.
961 1861 1128 1899 Proinde
1163 1864 1228 1911 qui
1261 1862 1406 1900 iudicat

72 1927 111 1960 et
143 1921 375 1959 condemnat
411 1922 572 1970 iniuste,
611 1921 642 1957 si
684 1919 877 1957 iudicatur
910 1925 947 1958 θῖ
979 1920 1261 1957 condemnatur
1294 1921 1406 1972 iuste,
1434 1929 1477 1958 30

70 1981 111 2017 in
144 1979 277 2017 eadem
316 1990 497 2017 mensura
540 1979 694 2028 recipit,
734 1979 907 2027 quamvis
940 1990 1016 2015 non
1049 1978 1121 2015 hoc
1154 1977 1257 2027 quod
1291 1978 1406 2015 dedit.

71 2037 218 2075 Iudicio
246 2038 349 2075 enim
376 2038 478 2087 fecit,
510 2035 652 2074 iudicio
679 2037 842 2086 patitur3
876 2037 1050 2085 quamvis
1083 2036 1220 2073 fecerit
1252 2036 1405 2073 damna-

71 2097 177 2133 tione
222 2094 324 2145 quod
368 2096 545 2144 iniquum
589 2099 668 2145 est,
710 2095 879 2143 patiatur
917 2094 1162 2131 damnatione
1202 2094 1304 2143 quod
1350 2096 1406 2132 iu-

72 2158 175 2191 stum
208 2158 276 2190 est.

165 2256 223 2295 23)
253 2252 309 2287 Le.
337 2256 368 2294 6,
396 2256 451 2286 38.

142 2369 217 2387 Ano.
236 2369 277 2388 m:
298 2369 358 2387 cxv.
378 2369 439 2388 Dm.
467 2363 505 2387 Π.
1077 2360 1120 2390 33
