1611 2465
51 708 104 758 ¹10

64 999 104 1028 15

62 1289 105 1320 20

62 1579 104 1609 25

61 1906 104 1935 30

131 57 215 97 276
665 65 692 91 s,
713 65 927 92 Aoous‘mm

655 149 809 193 CAPUT
835 151 950 193 XVI.

131 228 192 265 ,De
224 227 413 264 Diomede
441 229 530 273 post
567 224 710 262 Troiae
742 226 945 263 excidium
977 227 1018 264 in
1050 226 1142 265 deos
1175 228 1319 272 relato,
1353 227 1468 264 cuius

287 286 388 322 socii
418 284 562 321 traditi
592 287 685 320 sunt
717 284 756 320 in
788 285 970 322 volucres
1002 295 1085 322 esse
1116 286 1309 323 conversi.

251 353 365 390 Troia
403 364 495 389 vero
535 364 669 390 eversa
708 352 857 390 excidio
896 351 960 390 illo
1001 364 1281 404 usquequaque
1315 358 1467 392 cantato

132 413 343 463 puerisque
376 411 602 461 notissimo,
634 409 737 460 quod
772 416 809 449 et
842 411 1106 461 magnitudine
1140 412 1201 449 sui
1232 417 1271 449 et
1303 413 1466 462 scripto-

131 483 217 508 rum
244 468 525 507 excellentibus
560 468 700 519 linguis
732 470 937 518 insiguiter
969 469 1207 508 diffamatum
1240 475 1355 520 atque
1388 469 1467 507 vul-

131 534 261 579 gatum
294 532 353 565 est
385 532 617 577 gestumque
649 533 835 577 regnante
868 528 945 565 iam
976 526 1111 565 Latino
1145 527 1266 565 Fauni
1299 527 1389 579 filio,
1422 540 1468 566 ex

131 599 207 636 quo
239 584 466 623 Latinorum
505 596 668 635 regnum
707 584 783 622 dici
822 587 950 635 coepit
981 584 1298 636 Laurentumque
1343 597 1467 624 cessa-

130 646 204 694 vit,
247 643 383 681 Graeci
422 644 590 681 victores
635 642 800 681 deletam
838 642 992 681 Troiam
1035 643 1302 694 relinquentes
1344 649 1382 682 et
1422 644 1468 682 ad

131 705 287 753 propria
314 706 533 739 remeantes
560 700 722 739 diversis
756 706 793 739 et
824 700 1031 739 horrendis
1064 701 1237 739 cladibus
1270 701 1469 740 dilacerati

131 767 247 810 atque
286 761 445 797 contriti
484 764 592 809 sunt3
631 765 669 797 et
707 765 836 797 tamen
870 755 985 797 etiam
1018 771 1063 797 ex
1097 761 1152 797 eis
1184 759 1347 798 deorum
1380 772 1467 798 suo-

131 830 219 857 rum
263 829 471 856 numerum
521 823 724 855 auxerunt.
797 816 893 855 Nam
944 823 983 855 et
1027 816 1236 855 Diomeden
1290 818 1469 857 fecerunt

132 877 268 926 deum,
309 887 426 926 quem
466 887 590 925 poena
629 875 813 913 divinitus
851 877 1026 926 inrogata
1057 875 1266 926 perhibent
1297 875 1343 914 ad
1377 888 1468 914 suos

132 946 209 972 non
242 935 468 984 revertisse,
507 934 669 983 eiusque
709 935 834 971 socios
872 935 912 971 in
944 934 1122 972 volucres
1156 934 1275 972 fuisse
1308 946 1467 972 conver-

132 1005 195 1031 sos
229 1004 306 1029 non
346 991 521 1029 fabuloso
563 993 794 1041 poeticoque
829 991 1047 1042 mendacio,
1086 992 1152 1030 sed
1185 991 1371 1030 historica
1404 992 1466 1030 ad—

132 1052 339 1089 testatione
373 1050 621 1100 confirmant3
661 1049 802 1099 quibus
834 1062 906 1087 nec
939 1050 1055 1100 deus,
1088 1055 1130 1088 ut
1161 1055 1310 1102 putant,
1342 1051 1468 1088 factus

131 1109 338 1147 humanam
380 1119 562 1145 revocare
606 1113 782 1145 naturam
820 1107 879 1145 vel
919 1109 1001 1158 ipse
1040 1109 1167 1158 potuit
1203 1107 1263 1145 vel
1301 1113 1407 1146 certe
1448 1120 1466 1146 a

132 1166 220 1204 Iove
272 1178 342 1204 suo
393 1177 482 1215 rege
534 1171 730 1215 tamquam
781 1165 961 1203 caelicola
1011 1167 1186 1204 novicius
1235 1167 1466 1216 impetravit.

134 1224 236 1269 Quin
269 1225 386 1262 etiam
418 1223 606 1274 templum
645 1225 729 1261 eius
761 1235 846 1261 esse
880 1225 987 1262 aiunt
1019 1225 1058 1262 in
1090 1223 1216 1262 insula
1248 1223 1467 1275 Diomedea,

133 1295 210 1321 non
249 1282 362 1332 longe
402 1293 421 1319 a
461 1287 590 1319 monte
625 1280 821 1332 GarganO,
864 1283 930 1331 qui
962 1286 1022 1319 est
1053 1283 1093 1319 in
1124 1281 1282 1332 Apulia,
1323 1289 1362 1320 et
1393 1281 1467 1320 hoc

131 1340 319 1391 templum
346 1339 625 1377 circumvolare
653 1345 767 1389 atque
799 1339 970 1377 incolere
1003 1339 1070 1377 has
1103 1339 1212 1377 alites
1245 1344 1322 1377 tam
1354 1341 1466 1377 mira-

131 1398 198 1436 bili
239 1398 446 1448 obsequio,
485 1403 527 1435 ut
565 1409 702 1447 aquam
744 1397 928 1448 impleant
960 1403 998 1435 et
1030 1403 1255 1448 aspergant,
1288 1402 1326 1435 et
1357 1409 1402 1436 eo
1436 1400 1468 1435 si

132 1456 269 1494 Graeci
296 1457 474 1493 venerint
500 1455 559 1493 vel
585 1455 823 1493 Graecorum
856 1457 977 1506 stirpe
1010 1457 1200 1507 prognati,
1232 1467 1309 1494 non
1341 1455 1467 1494 solum

133 1516 282 1565 quietas
322 1526 425 1564 esse,
464 1525 600 1551 verum
633 1520 671 1551 et
702 1515 865 1564 insuper
897 1513 1071 1564 adulare;
1111 1515 1142 1551 si
1175 1519 1304 1552 autem
1336 1513 1466 1552 alieni-

132 1584 250 1623 genas
282 1572 467 1623 viderint,
506 1571 709 1609 subvolare
749 1571 793 1609 ad
827 1573 951 1622 capita
982 1578 1139 1622 tamque
1172 1571 1352 1621 gravibus
1383 1573 1466 1611 icti-

132 1631 215 1681 bus,
249 1636 291 1669 ut
318 1632 433 1668 etiam
459 1631 664 1681 perimant,
696 1629 913 1668 vulnerare.
975 1629 1071 1667 Nam
1103 1629 1211 1668 duris
1244 1635 1282 1668 et
1314 1629 1466 1680 grandi-

131 1689 203 1727 bus
236 1689 375 1726 rostris
408 1689 499 1725 satis
532 1688 577 1725 ad
611 1688 704 1726 haec
737 1687 883 1738 proelia
914 1687 1173 1738 perhibentur
1205 1694 1384 1727 armatae.

637 1776 791 1819 CAPUT
822 1777 959 1819 XVII.

134 1841 190 1878 De
223 1840 526 1879 incredibilibus
559 1840 929 1877 commutationibus
969 1839 1168 1877 hominum
1201 1840 1300 1886 quid
1338 1839 1467 1877 Varro

255 1939 259 1944 1
683 1897 910 1934 tradiderit.

217 1965 330 2004 ‘'lloc
363 1966 482 2003 Varro
522 1972 563 2003 ut
605 1971 770 2016 astruat,
815 1971 1092 2004 commemorat
1125 1966 1194 2004 alia
1228 1978 1305 2004 non
1338 1967 1467 2004 minus

131 2024 373 2062 incredibilia
411 2024 457 2061 de
497 2023 559 2061 illa
598 2035 704 2073 maga
743 2024 999 2061 famosissima
1032 2023 1159 2074 Circe,
1201 2035 1299 2074 quae
1340 2025 1467 2062 socios

219 2100 244 2158 ⁷4
271 2100 307 2158 et
333 2123 472 2158 excidio
499 2123 570 2158 ΒΑ
590 2125 640 2167 119
669 2098 962 2167 derelinquentes
987 2134 1007 2157 v
1033 2125 1045 2167 ΙΙ
1072 2128 1113 2158 12
1140 2124 1334 2159 diomeden
1359 2123 1431 2158 RA
1457 2123 1468 2169 Η

129 2175 172 2205 22
201 2182 337 2214 aquam
362 2181 450 2211 oizss;
476 2171 636 2205 rostrum
663 2181 760 2214 aqua
783 2182 803 2204 v
840 2171 851 2213 ΙΙ
889 2174 932 2204 23
960 2171 1132 2215 prognati
1158 2171 1249 2212 RA‚·
1281 2170 1467 2215 progeniti

128 2228 148 2252 v
167 2219 179 2262 ΙΙ
199 2221 242 2251 24
264 2217 411 2251 adolare
431 2216 509 2251 RF
530 2219 635 2259 (280,
656 2220 722 2258 15‚·
742 2216 914 2259 Romi-sch,
942 2217 1029 2251 Ital.
1045 2227 1084 2261 p.
1105 2220 1211 2260 464ss
1237 2216 1412 2252 aduolare
1431 2218 1468 2251 A
