1548 2562
378 131 430 156 DE
450 130 639 156 crva'rE
658 131 727 156 DEI
745 131 780 156 L.
801 131 865 156 xv.
885 131 914 156 c.
935 132 975 157 15.
1288 122 1342 162 89

17 219 64 257 de
95 218 177 270 illo,
216 230 332 269 quem
369 220 503 269 genuit
534 219 653 257 Adam
690 221 730 257 in
768 221 852 258 eius
883 220 1189 271 successionem,
1228 232 1341 270 quem

17 277 137 315 frater
169 277 327 328 occidit,
366 281 405 314 et
436 277 639 327 appellavit
670 289 811 315 nomen
843 277 945 315 illius
978 277 1071 315 Seth
1112 277 1263 329 dicens,
1301 283 1344 316 ut

16 336 205 385 scriptum
231 340 306 373 est:
338 335 557 373 Suscitavit
581 338 683 374 enlm
708 338 805 374 mihi
829 337 936 374 Deus
965 347 1095 374 semen
1128 337 1242 374 allud
1266 348 1343 385 pro

16 394 129 440 Abel,
166 404 279 441 quem
317 395 466 431 occidit
501 394 609 431 Cain.
673 393 769 432 Cum
800 395 931 444 itaque
963 395 1058 432 istae
1090 393 1188 432 duae
1221 395 1343 432 series

15 452 328 503 generationum,
360 463 435 489 una
467 450 513 489 de
547 451 659 503 Seth,
691 451 809 490 altera
841 452 887 490 de
920 451 1024 504 Cain,
1055 452 1124 490 has
1155 452 1262 504 duas,
1295 452 1341 490 de

17 509 159 560 quibus
208 511 376 561 agimus,
422 508 616 547 distinctis
659 510 861 548 ordinibus
911 512 1110 548 insinuent
1156 512 1343 562 civitates,

15 580 131 606 unam
157 567 362 606 caelestem
388 569 427 605 in
453 569 569 605 terris
600 569 926 619 peregrinantem,
958 568 1116 607 alteram
1148 575 1344 607 terrenam

15 627 182 664 terrenis
219 631 416 675 tamquam
452 625 531 663 sola
572 627 650 664 sint
686 626 836 676 gaudiis
873 626 1085 664 inhiantem
1123 627 1182 664 vel
1213 627 1342 665 inhae-

16 689 184 722 rentem:
227 684 355 722 nullus
401 683 448 722 de
495 685 681 734 progenie
723 683 836 733 Cain,
881 696 969 722 cum
1011 685 1253 723 dinumerata
1294 687 1344 723 sit

14 747 292 780 connumerato
324 741 444 780 Adam
475 754 599 792 usque
632 742 678 780 ad
711 748 882 780 octavam
915 744 1216 795 generationem,
1249 748 1343 793 quot

14 812 203 838 annorum
242 800 380 838 fuisset
418 812 627 850 expressus
660 806 735 851 est,
774 800 926 850 quando
966 802 1101 851 genuit
1133 813 1239 853 eum,
1277 803 1343 852 qui

14 864 340 897 commemoratur
380 864 468 909 post
506 870 606 897 eum.
675 858 806 897 Noluit
847 861 950 896 enim
989 858 1157 909 Spiritus
1195 859 1263 897 Dei
1303 861 1343 897 in

13 922 192 955 terrenae
231 918 394 955 civitatis
433 916 749 966 generationibus
788 922 960 967 tempora
1000 923 1134 955 notare
1167 923 1255 955 ante
1288 917 1341 955 di-

12 975 169 1026 luvium,
202 974 269 1013 sed
301 976 341 1013 in
373 975 550 1012 caelestis
583 974 734 1027 maluit,
768 980 964 1025 tamquam
996 980 1127 1013 essent
1158 977 1343 1013 memoria

12 1033 220 1083 digniores.
280 1032 402 1070 Porro
435 1039 565 1071 autem
592 1033 685 1071 Seth
718 1033 870 1083 quando
903 1038 1015 1071 natus
1048 1038 1118 1084 est,
1150 1046 1227 1071 non
1259 1035 1340 1083 qui-

13 1091 103 1129 dem
136 1092 241 1129 taciti
273 1096 364 1129 sunt
396 1092 485 1129 anni
516 1092 638 1142 patris
671 1092 774 1143 eius,
807 1091 873 1129 sed
906 1093 980 1129 iam
1012 1097 1201 1142 genuerat
1232 1091 1342 1143 alios3

12 1155 50 1187 et
82 1154 214 1187 utrum
241 1149 342 1187 solos
369 1148 461 1187 Cain
488 1155 526 1187 et
551 1149 657 1201 Abel,
688 1150 892 1187 adfirmare
925 1151 1013 1200 quis
1045 1147 1210 1187 audeat?
1258 1149 1343 1187 Non

13 1209 116 1246 enim
155 1209 243 1258 quia
282 1207 353 1245 soli
391 1209 578 1245 nominati
616 1213 707 1246 sunt
744 1213 905 1258 propter
937 1208 1094 1246 ordines
1127 1209 1341 1258 generatio—

12 1278 105 1304 num
131 1277 226 1316 quas
253 1277 557 1303 commemorare
584 1265 800 1317 oportebat,
831 1266 917 1304 ideo
945 1278 1189 1316 consequens
1223 1266 1343 1304 videri

12 1323 128 1362 debet
171 1323 273 1361 solos
311 1324 431 1361 fuisse
470 1329 563 1362 tunc
601 1330 807 1374 generatos
838 1336 884 1361 ex
917 1324 1047 1362 Adam.
1110 1324 1206 1362 Cum
1239 1325 1341 1361 enim

13 1381 167 1420 silentio
209 1383 403 1433 coopertis
451 1383 625 1420 omnium
666 1382 888 1421 nominibus
930 1387 1152 1420 ceterorum
1193 1382 1343 1432 legatur

12 1452 100 1478 eum
127 1441 307 1491 genuisse
335 1440 433 1478 filios
466 1446 504 1479 et
535 1440 649 1479 filias:
681 1446 799 1491 quota
832 1441 950 1478 fuerit
980 1442 1054 1478 ista
1086 1440 1216 1491 proles
1248 1442 1343 1490 enm,

12 1499 99 1548 quis
143 1504 365 1549 praesumat
409 1499 612 1549 adserere,
653 1500 686 1537 si
730 1498 881 1549 eulpam
926 1500 1156 1536 temeritatis
1198 1496 1343 1536 evitat?

11 1556 144 1595 Potuit
182 1558 324 1607 quippe
366 1556 485 1594 Adam
528 1557 711 1595 divinitus
753 1557 973 1595 admonitus
1014 1556 1164 1607 dicere,
1208 1562 1342 1607 postea

12 1626 126 1665 quam
165 1614 259 1653 Seth
298 1620 411 1653 natus
450 1621 526 1653 est:
565 1616 782 1653 Suscitavit
813 1617 915 1653 em‘m
947 1616 1044 1652 milae·
1075 1616 1180 1652 Deus
1211 1626 1342 1653 semen

11 1674 126 1712 aliud
149 1684 227 1721 pro
259 1674 373 1720 Abel,
412 1674 594 1723 quoniam
626 1673 712 1710 talis
745 1678 828 1710 erat
859 1673 1033 1723 futurus,
1065 1673 1131 1722 qui
1164 1672 1344 1722 impleret

10 1731 114 1769 illius
140 1732 397 1782 sanctitatem,
428 1743 505 1768 non
533 1731 635 1780 quod
662 1732 744 1781 ipse
777 1732 884 1781 prior
915 1736 1003 1780 post
1035 1742 1124 1768 eum
1156 1731 1342 1780 temporis

11 1789 147 1827 ordine
199 1795 437 1827 nasceretur.
512 1788 657 1826 Deinde
708 1789 810 1839 quod
862 1790 1050 1839 scriptum
1096 1793 1172 1827 est:
1238 1789 1345 1826 Vixit

11 1852 143 1886 autem
180 1847 276 1885 Seth
319 1849 492 1895 qumque
536 1852 573 1885 et
611 1849 801 1885 ducentos
842 1858 967 1885 annos
1008 1843 1086 1899 (vel
1128 1846 1342 1884 secundum

10 1904 209 1943 Hebraeos
234 1907 407 1953 quinque
433 1910 471 1943 et
495 1910 651 1943 centum
677 1900 834 1957 annos),
867 1910 903 1943 el
931 1907 1072 1953 qemcit
1098 1905 1223 1942 Enos:
1255 1906 1342 1954 quis

10 1965 134 2014 possit
159 1964 233 2001 nisi
258 1963 569 2002 inconsideratus
596 1963 823 2002 adseverare
855 1963 960 2001 hunc
993 1964 1076 2001 eius
1108 1964 1342 2013 primogeni-

103 2053 139 2095 4)
166 2051 253 2085 Gen.
280 2055 313 2095 4,
339 2056 393 2087 25.

108 2195 124 2225 1
152 2190 380 2225 successione
405 2190 483 2223 AF
497 2192 509 2234 ΙΙ
528 2194 550 2224 4
574 2202 683 2234 quem
714 2190 899 2235 iugulauit
924 2190 1005 2225 cain
1031 2190 1066 2223 R
1084 2191 1096 2234 ΙΙ
1118 2194 1158 2225 19
1187 2201 1342 2225 comme-

11 2248 152 2272 morare
197 2236 342 2271 VRAF
376 2237 416 2280 (e.
444 2240 490 2271 21
526 2238 612 2272 med.
651 2238 845 2282 oportebat
882 2265 888 2272 .
929 2265 936 2273 .
975 2238 1212 2281 proponere);
1246 2248 1342 2272 com-

10 2283 206 2319 memorari
230 2294 249 2318 v
269 2285 280 2328 ΙΙ
300 2286 342 2317 28
368 2282 472 2327 vixit]
498 2283 612 2318 habet
635 2284 671 2317 R

1371 752 1413 782 10

1371 1041 1412 1072 15

1369 1332 1413 1363 20

1368 1623 1412 1654 25

1368 1914 1414 1945 30
