<?xml version="1.0" encoding="UTF-8"?>
<!DOCTYPE html PUBLIC "-//W3C//DTD XHTML 1.0 Transitional//EN"
    "http://www.w3.org/TR/xhtml1/DTD/xhtml1-transitional.dtd">
<html xmlns="http://www.w3.org/1999/xhtml" xml:lang="en" lang="en">
 <head>
  <title>
</title>
<meta http-equiv="Content-Type" content="text/html;charset=utf-8" />
  <meta name='ocr-system' content='tesseract 3.04.00' />
  <meta name='ocr-capabilities' content='ocr_page ocr_carea ocr_par ocr_line ocrx_word'/>
</head>
<body>
  <div class='ocr_page' id='page_1' title='image "./sanctiaureliiaug02auguuoft_0602.png"; bbox 0 0 1611 2465; ppageno 0'>
   <div class='ocr_carea' id='block_1_1' title="bbox 79 748 119 778">
    <p class='ocr_par' dir='ltr' id='par_1_1' title="bbox 79 748 119 778">
     <span class='ocr_line' id='line_1_1' title="bbox 79 748 119 778; baseline 0.025 -1"><span class='ocrx_word' id='word_1_1' title='bbox 79 748 119 778; x_wconf 84' lang='lat'><em>10</em></span> 
     </span>
    </p>
   </div>
   <div class='ocr_carea' id='block_1_2' title="bbox 79 1040 120 1070">
    <p class='ocr_par' dir='ltr' id='par_1_2' title="bbox 79 1040 120 1070">
     <span class='ocr_line' id='line_1_2' title="bbox 79 1040 120 1070; baseline 0 0"><span class='ocrx_word' id='word_1_2' title='bbox 79 1040 120 1070; x_wconf 78' lang='lat'><em>15</em></span> 
     </span>
    </p>
   </div>
   <div class='ocr_carea' id='block_1_3' title="bbox 79 1333 121 1363">
    <p class='ocr_par' dir='ltr' id='par_1_3' title="bbox 79 1333 121 1363">
     <span class='ocr_line' id='line_1_3' title="bbox 79 1333 121 1363; baseline 0 -2"><span class='ocrx_word' id='word_1_3' title='bbox 79 1333 121 1363; x_wconf 68' lang='lat'><em>⁶20</em></span> 
     </span>
    </p>
   </div>
   <div class='ocr_carea' id='block_1_4' title="bbox 80 1625 122 1654">
    <p class='ocr_par' dir='ltr' id='par_1_4' title="bbox 80 1625 122 1654">
     <span class='ocr_line' id='line_1_4' title="bbox 80 1625 122 1654; baseline -0.024 0"><span class='ocrx_word' id='word_1_4' title='bbox 80 1625 122 1654; x_wconf 74' lang='lat'><em>25</em></span> 
     </span>
    </p>
   </div>
   <div class='ocr_carea' id='block_1_5' title="bbox 81 1918 124 1948">
    <p class='ocr_par' dir='ltr' id='par_1_5' title="bbox 81 1918 124 1948">
     <span class='ocr_line' id='line_1_5' title="bbox 81 1918 124 1948; baseline 0 0"><span class='ocrx_word' id='word_1_5' title='bbox 81 1918 124 1948; x_wconf 86' lang='lat'><em>30</em></span> 
     </span>
    </p>
   </div>
   <div class='ocr_carea' id='block_1_6' title="bbox 143 115 943 155">
    <p class='ocr_par' dir='ltr' id='par_1_6' title="bbox 143 115 943 155">
     <span class='ocr_line' id='line_1_6' title="bbox 143 115 943 155; baseline -0.011 0"><span class='ocrx_word' id='word_1_6' title='bbox 143 115 227 155; x_wconf 76' lang='lat'><em>596</em></span> <span class='ocrx_word' id='word_1_7' title='bbox 679 122 704 147; x_wconf 81' lang='lat' dir='ltr'><em>s.</em></span> <span class='ocrx_word' id='word_1_8' title='bbox 726 122 943 148; x_wconf 64' lang='lat' dir='ltr'><em>AUGcsnn</em></span> 
     </span>
    </p>
   </div>
   <div class='ocr_carea' id='block_1_7' title="bbox 139 210 1487 1081">
    <p class='ocr_par' dir='ltr' id='par_1_7' title="bbox 139 210 1487 1081">
     <span class='ocr_line' id='line_1_7' title="bbox 139 210 1481 263; baseline -0.001 -10"><span class='ocrx_word' id='word_1_9' title='bbox 139 216 305 263; x_wconf 74' lang='lat' dir='ltr'><em>parvuli</em></span> <span class='ocrx_word' id='word_1_10' title='bbox 342 215 483 252; x_wconf 80' lang='lat' dir='ltr'><em>iactati</em></span> <span class='ocrx_word' id='word_1_11' title='bbox 519 216 556 251; x_wconf 87' lang='lat' dir='ltr'><em>et</em></span> <span class='ocrx_word' id='word_1_12' title='bbox 594 210 934 260; x_wconf 73' lang='lat' dir='ltr'><em>circumferamur</em></span> <span class='ocrx_word' id='word_1_13' title='bbox 972 214 1079 250; x_wconf 91' lang='lat' dir='ltr'><em>omni</em></span> <span class='ocrx_word' id='word_1_14' title='bbox 1115 217 1228 251; x_wconf 79' lang='lat' dir='ltr'><em>vento</em></span> <span class='ocrx_word' id='word_1_15' title='bbox 1260 214 1481 260; x_wconf 85' lang='lat' dir='ltr'><em>doctrinae,</em></span> 
     </span>
     <span class='ocr_line' id='line_1_8' title="bbox 144 272 1481 317; baseline -0.001 -5"><span class='ocrx_word' id='word_1_16' title='bbox 144 276 183 311; x_wconf 85' lang='lat' dir='ltr'><em>in</em></span> <span class='ocrx_word' id='word_1_17' title='bbox 224 274 418 312; x_wconf 70' lang='lat' dir='ltr'><em>inlusione</em></span> <span class='ocrx_word' id='word_1_18' title='bbox 454 272 670 317; x_wconf 77' lang='lat' dir='ltr'><em>hominum,</em></span> <span class='ocrx_word' id='word_1_19' title='bbox 713 273 754 308; x_wconf 87' lang='lat' dir='ltr'><em>in</em></span> <span class='ocrx_word' id='word_1_20' title='bbox 787 272 935 309; x_wconf 79' lang='lat' dir='ltr'><em>astutia</em></span> <span class='ocrx_word' id='word_1_21' title='bbox 967 272 1024 308; x_wconf 81' lang='lat' dir='ltr'><em>ad</em></span> <span class='ocrx_word' id='word_1_22' title='bbox 1052 272 1387 310; x_wconf 73' lang='lat' dir='ltr'><em>machinationem</em></span> <span class='ocrx_word' id='word_1_23' title='bbox 1419 283 1481 310; x_wconf 89' lang='lat' dir='ltr'><em>er-</em></span> 
     </span>
     <span class='ocr_line' id='line_1_9' title="bbox 144 328 1481 379; baseline -0.001 -10"><span class='ocrx_word' id='word_1_24' title='bbox 144 334 262 379; x_wconf 87' lang='lat' dir='ltr'><em>roris,</em></span> <span class='ocrx_word' id='word_1_25' title='bbox 294 333 501 369; x_wconf 79' lang='lat' dir='ltr'><em>veritatem</em></span> <span class='ocrx_word' id='word_1_26' title='bbox 528 334 659 368; x_wconf 82' lang='lat' dir='ltr'><em>autem</em></span> <span class='ocrx_word' id='word_1_27' title='bbox 682 328 880 377; x_wconf 74' lang='lat' dir='ltr'><em>facientes</em></span> <span class='ocrx_word' id='word_1_28' title='bbox 907 331 947 367; x_wconf 90' lang='lat' dir='ltr'><em>in</em></span> <span class='ocrx_word' id='word_1_29' title='bbox 981 331 1154 368; x_wconf 81' lang='lat' dir='ltr'><em>caritate</em></span> <span class='ocrx_word' id='word_1_30' title='bbox 1186 341 1410 378; x_wconf 67' lang='lat' dir='ltr'><em>auyeamur</em></span> <span class='ocrx_word' id='word_1_31' title='bbox 1442 332 1481 368; x_wconf 85' lang='lat' dir='ltr'><em>in</em></span> 
     </span>
     <span class='ocr_line' id='line_1_10' title="bbox 145 388 1483 439; baseline -0.001 -10"><span class='ocrx_word' id='word_1_32' title='bbox 145 392 209 429; x_wconf 82' lang='lat' dir='ltr'><em>illo</em></span> <span class='ocrx_word' id='word_1_33' title='bbox 244 402 321 439; x_wconf 85' lang='lat' dir='ltr'><em>per</em></span> <span class='ocrx_word' id='word_1_34' title='bbox 358 390 507 436; x_wconf 82' lang='lat' dir='ltr'><em>omnia,</em></span> <span class='ocrx_word' id='word_1_35' title='bbox 552 390 623 436; x_wconf 72' lang='lat' dir='ltr'><em>qui</em></span> <span class='ocrx_word' id='word_1_36' title='bbox 659 392 717 427; x_wconf 84' lang='lat' dir='ltr'><em>est</em></span> <span class='ocrx_word' id='word_1_37' title='bbox 754 392 876 437; x_wconf 75' lang='lat' dir='ltr'><em>eaput</em></span> <span class='ocrx_word' id='word_1_38' title='bbox 918 388 1120 433; x_wconf 80' lang='lat' dir='ltr'><em>Christus;</em></span> <span class='ocrx_word' id='word_1_39' title='bbox 1157 400 1209 427; x_wconf 77' lang='lat' dir='ltr'><em>ex</em></span> <span class='ocrx_word' id='word_1_40' title='bbox 1246 400 1322 436; x_wconf 83' lang='lat' dir='ltr'><em>quo</em></span> <span class='ocrx_word' id='word_1_41' title='bbox 1361 393 1483 427; x_wconf 81' lang='lat' dir='ltr'><em>totum</em></span> 
     </span>
     <span class='ocr_line' id='line_1_11' title="bbox 145 447 1482 497; baseline -0.001 -10"><span class='ocrx_word' id='word_1_42' title='bbox 145 460 291 497; x_wconf 81' lang='lat' dir='ltr'><em>eorpus</em></span> <span class='ocrx_word' id='word_1_43' title='bbox 330 459 525 486; x_wconf 73' lang='lat' dir='ltr'><em>conexam</em></span> <span class='ocrx_word' id='word_1_44' title='bbox 563 451 603 486; x_wconf 89' lang='lat' dir='ltr'><em>et</em></span> <span class='ocrx_word' id='word_1_45' title='bbox 639 451 887 495; x_wconf 80' lang='lat' dir='ltr'><em>compactum</em></span> <span class='ocrx_word' id='word_1_46' title='bbox 920 458 998 495; x_wconf 83' lang='lat' dir='ltr'><em>per</em></span> <span class='ocrx_word' id='word_1_47' title='bbox 1031 458 1181 485; x_wconf 87' lang='lat' dir='ltr'><em>omnem</em></span> <span class='ocrx_word' id='word_1_48' title='bbox 1213 451 1362 485; x_wconf 83' lang='lat' dir='ltr'><em>tactum</em></span> <span class='ocrx_word' id='word_1_49' title='bbox 1393 447 1482 486; x_wconf 82' lang='lat' dir='ltr'><em>sub-</em></span> 
     </span>
     <span class='ocr_line' id='line_1_12' title="bbox 145 506 1482 554; baseline -0.001 -9"><span class='ocrx_word' id='word_1_50' title='bbox 145 508 451 545; x_wconf 70' lang='lat' dir='ltr'><em>ministrationis</em></span> <span class='ocrx_word' id='word_1_51' title='bbox 477 506 696 545; x_wconf 78' lang='lat' dir='ltr'><em>secundum</em></span> <span class='ocrx_word' id='word_1_52' title='bbox 722 507 993 554; x_wconf 77' lang='lat' dir='ltr'><em>operationem</em></span> <span class='ocrx_word' id='word_1_53' title='bbox 1020 507 1060 543; x_wconf 88' lang='lat' dir='ltr'><em>in</em></span> <span class='ocrx_word' id='word_1_54' title='bbox 1089 516 1317 544; x_wconf 83' lang='lat' dir='ltr'><em>mensuram</em></span> <span class='ocrx_word' id='word_1_55' title='bbox 1348 507 1482 544; x_wconf 81' lang='lat' dir='ltr'><em>unius-</em></span> 
     </span>
     <span class='ocr_line' id='line_1_13' title="bbox 146 563 1483 614; baseline 0 -11"><span class='ocrx_word' id='word_1_56' title='bbox 146 568 338 614; x_wconf 75' lang='lat' dir='ltr'><em>cuiusque</em></span> <span class='ocrx_word' id='word_1_57' title='bbox 372 566 504 614; x_wconf 85' lang='lat' dir='ltr'><em>partis</em></span> <span class='ocrx_word' id='word_1_58' title='bbox 543 566 831 602; x_wconf 77' lang='lat' dir='ltr'><em>incrementum</em></span> <span class='ocrx_word' id='word_1_59' title='bbox 870 565 1054 613; x_wconf 83' lang='lat' dir='ltr'><em>corporis</em></span> <span class='ocrx_word' id='word_1_60' title='bbox 1081 563 1188 612; x_wconf 84' lang='lat' dir='ltr'><em>facit</em></span> <span class='ocrx_word' id='word_1_61' title='bbox 1219 566 1260 602; x_wconf 91' lang='lat' dir='ltr'><em>in</em></span> <span class='ocrx_word' id='word_1_62' title='bbox 1293 565 1483 611; x_wconf 76' lang='lat' dir='ltr'><em>aedifica-</em></span> 
     </span>
     <span class='ocr_line' id='line_1_14' title="bbox 146 621 1485 674; baseline -0.001 -11"><span class='ocrx_word' id='word_1_63' title='bbox 146 627 289 663; x_wconf 85' lang='lat' dir='ltr'><em>tionem</em></span> <span class='ocrx_word' id='word_1_64' title='bbox 315 625 380 662; x_wconf 81' lang='lat' dir='ltr'><em>sui</em></span> <span class='ocrx_word' id='word_1_65' title='bbox 403 625 444 662; x_wconf 88' lang='lat' dir='ltr'><em>in</em></span> <span class='ocrx_word' id='word_1_66' title='bbox 471 624 656 662; x_wconf 81' lang='lat' dir='ltr'><em>caritate.</em></span> <span class='ocrx_word' id='word_1_67' title='bbox 718 621 819 660; x_wconf 85' lang='lat' dir='ltr'><em>Ecce</em></span> <span class='ocrx_word' id='word_1_68' title='bbox 848 623 914 672; x_wconf 84' lang='lat' dir='ltr'><em>qui</em></span> <span class='ocrx_word' id='word_1_69' title='bbox 946 627 1005 660; x_wconf 86' lang='lat' dir='ltr'><em>est</em></span> <span class='ocrx_word' id='word_1_70' title='bbox 1036 623 1094 660; x_wconf 87' lang='lat' dir='ltr'><em>vir</em></span> <span class='ocrx_word' id='word_1_71' title='bbox 1126 622 1338 673; x_wconf 84' lang='lat' dir='ltr'><em>perfectus,</em></span> <span class='ocrx_word' id='word_1_72' title='bbox 1370 629 1485 674; x_wconf 82' lang='lat' dir='ltr'><em>caput</em></span> 
     </span>
     <span class='ocr_line' id='line_1_15' title="bbox 146 679 1484 734; baseline -0.002 -13"><span class='ocrx_word' id='word_1_73' title='bbox 146 688 184 721; x_wconf 83' lang='lat' dir='ltr'><em>et</em></span> <span class='ocrx_word' id='word_1_74' title='bbox 216 694 372 734; x_wconf 80' lang='lat' dir='ltr'><em>corpus,</em></span> <span class='ocrx_word' id='word_1_75' title='bbox 405 681 508 732; x_wconf 84' lang='lat' dir='ltr'><em>quod</em></span> <span class='ocrx_word' id='word_1_76' title='bbox 535 686 686 720; x_wconf 83' lang='lat' dir='ltr'><em>constat</em></span> <span class='ocrx_word' id='word_1_77' title='bbox 712 679 893 719; x_wconf 88' lang='lat' dir='ltr'><em>omnibus</em></span> <span class='ocrx_word' id='word_1_78' title='bbox 925 679 1122 728; x_wconf 76' lang='lat' dir='ltr'><em>membris,</em></span> <span class='ocrx_word' id='word_1_79' title='bbox 1155 692 1253 731; x_wconf 80' lang='lat' dir='ltr'><em>quae</em></span> <span class='ocrx_word' id='word_1_80' title='bbox 1286 693 1356 719; x_wconf 84' lang='lat' dir='ltr'><em>suo</em></span> <span class='ocrx_word' id='word_1_81' title='bbox 1389 686 1484 719; x_wconf 84' lang='lat' dir='ltr'><em>tem-</em></span> 
     </span>
     <span class='ocr_line' id='line_1_16' title="bbox 145 738 1483 792; baseline -0.001 -13"><span class='ocrx_word' id='word_1_82' title='bbox 145 753 240 792; x_wconf 74' lang='lat' dir='ltr'><em>pore</em></span> <span class='ocrx_word' id='word_1_83' title='bbox 268 740 582 791; x_wconf 85' lang='lat' dir='ltr'><em>complebuntur,</em></span> <span class='ocrx_word' id='word_1_84' title='bbox 616 739 756 778; x_wconf 81' lang='lat' dir='ltr'><em>cotidie</em></span> <span class='ocrx_word' id='word_1_85' title='bbox 784 745 913 778; x_wconf 84' lang='lat' dir='ltr'><em>tamen</em></span> <span class='ocrx_word' id='word_1_86' title='bbox 939 738 1065 777; x_wconf 89' lang='lat' dir='ltr'><em>eidem</em></span> <span class='ocrx_word' id='word_1_87' title='bbox 1092 740 1249 790; x_wconf 84' lang='lat' dir='ltr'><em>corpori</em></span> <span class='ocrx_word' id='word_1_88' title='bbox 1281 738 1483 792; x_wconf 81' lang='lat' dir='ltr'><em>accedunt,</em></span> 
     </span>
     <span class='ocr_line' id='line_1_17' title="bbox 147 797 1486 850; baseline -0.001 -12"><span class='ocrx_word' id='word_1_89' title='bbox 147 799 238 838; x_wconf 87' lang='lat' dir='ltr'><em>dnm</em></span> <span class='ocrx_word' id='word_1_90' title='bbox 283 799 510 838; x_wconf 81' lang='lat' dir='ltr'><em>aedificatur</em></span> <span class='ocrx_word' id='word_1_91' title='bbox 553 797 739 850; x_wconf 83' lang='lat' dir='ltr'><em>ecclesia,</em></span> <span class='ocrx_word' id='word_1_92' title='bbox 783 799 847 836; x_wconf 89' lang='lat' dir='ltr'><em>cui</em></span> <span class='ocrx_word' id='word_1_93' title='bbox 891 797 1051 836; x_wconf 81' lang='lat' dir='ltr'><em>dicitur:</em></span> <span class='ocrx_word' id='word_1_94' title='bbox 1104 797 1177 837; x_wconf 88' lang='lat' dir='ltr'><em>Vos</em></span> <span class='ocrx_word' id='word_1_95' title='bbox 1218 802 1348 837; x_wconf 84' lang='lat' dir='ltr'><em>autem</em></span> <span class='ocrx_word' id='word_1_96' title='bbox 1393 800 1486 837; x_wconf 84' lang='lat' dir='ltr'><em>estis</em></span> 
     </span>
     <span class='ocr_line' id='line_1_18' title="bbox 147 855 1485 908; baseline -0.002 -11"><span class='ocrx_word' id='word_1_97' title='bbox 147 871 293 908; x_wconf 80' lang='lat' dir='ltr'><em>eorpus</em></span> <span class='ocrx_word' id='word_1_98' title='bbox 331 859 481 896; x_wconf 86' lang='lat' dir='ltr'><em>Christi</em></span> <span class='ocrx_word' id='word_1_99' title='bbox 511 863 548 896; x_wconf 90' lang='lat' dir='ltr'><em>et</em></span> <span class='ocrx_word' id='word_1_100' title='bbox 579 858 774 904; x_wconf 84' lang='lat' dir='ltr'><em>membra,</em></span> <span class='ocrx_word' id='word_1_101' title='bbox 808 861 845 894; x_wconf 87' lang='lat' dir='ltr'><em>et</em></span> <span class='ocrx_word' id='word_1_102' title='bbox 878 855 984 895; x_wconf 82' lang='lat' dir='ltr'><em>alibi:</em></span> <span class='ocrx_word' id='word_1_103' title='bbox 1019 857 1099 894; x_wconf 86' lang='lat' dir='ltr'><em>Pro</em></span> <span class='ocrx_word' id='word_1_104' title='bbox 1132 867 1313 905; x_wconf 81' lang='lat' dir='ltr'><em>corpore,</em></span> <span class='ocrx_word' id='word_1_105' title='bbox 1346 857 1485 908; x_wconf 84' lang='lat' dir='ltr'><em>inquit,</em></span> 
     </span>
     <span class='ocr_line' id='line_1_19' title="bbox 147 913 1487 966; baseline -0.001 -11"><span class='ocrx_word' id='word_1_106' title='bbox 147 920 231 956; x_wconf 73' lang='lat' dir='ltr'><em>eins</em></span> <span class='ocrx_word' id='word_1_107' title='bbox 263 918 372 965; x_wconf 80' lang='lat' dir='ltr'><em>quod</em></span> <span class='ocrx_word' id='word_1_108' title='bbox 401 921 460 956; x_wconf 85' lang='lat' dir='ltr'><em>est</em></span> <span class='ocrx_word' id='word_1_109' title='bbox 491 918 679 962; x_wconf 81' lang='lat' dir='ltr'><em>ecclesia,</em></span> <span class='ocrx_word' id='word_1_110' title='bbox 712 917 884 965; x_wconf 79' lang='lat' dir='ltr'><em>itemque</em></span> <span class='ocrx_word' id='word_1_111' title='bbox 917 913 1024 953; x_wconf 80' lang='lat' dir='ltr'><em>alibi:</em></span> <span class='ocrx_word' id='word_1_112' title='bbox 1064 915 1171 954; x_wconf 79' lang='lat' dir='ltr'><em>Unus</em></span> <span class='ocrx_word' id='word_1_113' title='bbox 1198 916 1332 966; x_wconf 85' lang='lat' dir='ltr'><em>panis,</em></span> <span class='ocrx_word' id='word_1_114' title='bbox 1365 926 1487 953; x_wconf 80' lang='lat' dir='ltr'><em>unum</em></span> 
     </span>
     <span class='ocr_line' id='line_1_20' title="bbox 147 973 1487 1025; baseline -0.002 -10"><span class='ocrx_word' id='word_1_115' title='bbox 147 988 294 1025; x_wconf 77' lang='lat' dir='ltr'><em>corpus</em></span> <span class='ocrx_word' id='word_1_116' title='bbox 332 977 446 1014; x_wconf 78' lang='lat' dir='ltr'><em>multi</em></span> <span class='ocrx_word' id='word_1_117' title='bbox 480 986 626 1013; x_wconf 76' lang='lat' dir='ltr'><em>sumus.</em></span> <span class='ocrx_word' id='word_1_118' title='bbox 689 973 742 1012; x_wconf 92' lang='lat' dir='ltr'><em>De</em></span> <span class='ocrx_word' id='word_1_119' title='bbox 782 975 894 1012; x_wconf 81' lang='lat' dir='ltr'><em>cuius</em></span> <span class='ocrx_word' id='word_1_120' title='bbox 933 974 1109 1024; x_wconf 83' lang='lat' dir='ltr'><em>corporis</em></span> <span class='ocrx_word' id='word_1_121' title='bbox 1150 973 1415 1011; x_wconf 82' lang='lat' dir='ltr'><em>aedificatione</em></span> <span class='ocrx_word' id='word_1_122' title='bbox 1448 978 1487 1012; x_wconf 86' lang='lat' dir='ltr'><em>et</em></span> 
     </span>
     <span class='ocr_line' id='line_1_21' title="bbox 146 1034 1486 1081; baseline -0.001 -9"><span class='ocrx_word' id='word_1_123' title='bbox 146 1034 207 1072; x_wconf 90' lang='lat' dir='ltr'><em>hic</em></span> <span class='ocrx_word' id='word_1_124' title='bbox 242 1034 390 1072; x_wconf 86' lang='lat' dir='ltr'><em>dictum</em></span> <span class='ocrx_word' id='word_1_125' title='bbox 430 1038 506 1071; x_wconf 81' lang='lat' dir='ltr'><em>est:</em></span> <span class='ocrx_word' id='word_1_126' title='bbox 546 1034 610 1071; x_wconf 80' lang='lat' dir='ltr'><em>Ad</em></span> <span class='ocrx_word' id='word_1_127' title='bbox 646 1034 1021 1071; x_wconf 75' lang='lat' dir='ltr'><em>consummationem</em></span> <span class='ocrx_word' id='word_1_128' title='bbox 1052 1037 1285 1071; x_wconf 85' lang='lat' dir='ltr'><em>sanctorum</em></span> <span class='ocrx_word' id='word_1_129' title='bbox 1317 1034 1357 1070; x_wconf 90' lang='lat' dir='ltr'><em>in</em></span> <span class='ocrx_word' id='word_1_130' title='bbox 1389 1043 1486 1081; x_wconf 78' lang='lat' dir='ltr'><em>opus</em></span> 
     </span>
    </p>
   </div>
   <div class='ocr_carea' id='block_1_8' title="bbox 147 1086 1535 1139">
    <p class='ocr_par' dir='ltr' id='par_1_8' title="bbox 147 1086 1535 1139">
     <span class='ocr_line' id='line_1_22' title="bbox 147 1086 1535 1139; baseline -0.002 -8"><span class='ocrx_word' id='word_1_131' title='bbox 147 1094 376 1139; x_wconf 83' lang='lat' dir='ltr'><em>ministerii,</em></span> <span class='ocrx_word' id='word_1_132' title='bbox 415 1094 456 1130; x_wconf 89' lang='lat' dir='ltr'><em>in</em></span> <span class='ocrx_word' id='word_1_133' title='bbox 494 1093 815 1138; x_wconf 79' lang='lat' dir='ltr'><em>aedificationem</em></span> <span class='ocrx_word' id='word_1_134' title='bbox 853 1092 1036 1139; x_wconf 84' lang='lat' dir='ltr'><em>eorporis</em></span> <span class='ocrx_word' id='word_1_135' title='bbox 1072 1091 1222 1129; x_wconf 75' lang='lat' dir='ltr'><em>Christi</em></span> <span class='ocrx_word' id='word_1_136' title='bbox 1260 1102 1303 1128; x_wconf 82' lang='lat' dir='ltr'><em>ac</em></span> <span class='ocrx_word' id='word_1_137' title='bbox 1347 1089 1485 1129; x_wconf 87' lang='lat' dir='ltr'><em>deinde</em></span> <span class='ocrx_word' id='word_1_138' title='bbox 1533 1086 1535 1089; x_wconf 72' lang='grc'>’</span> 
     </span>
    </p>
   </div>
   <div class='ocr_carea' id='block_1_9' title="bbox 144 1149 1489 1959">
    <p class='ocr_par' dir='ltr' id='par_1_9' title="bbox 144 1149 1489 1959">
     <span class='ocr_line' id='line_1_23' title="bbox 148 1149 1487 1200; baseline -0.001 -11"><span class='ocrx_word' id='word_1_139' title='bbox 148 1151 369 1189; x_wconf 85' lang='lat' dir='ltr'><em>subiectum</em></span> <span class='ocrx_word' id='word_1_140' title='bbox 407 1149 510 1188; x_wconf 89' lang='lat' dir='ltr'><em>unde</em></span> <span class='ocrx_word' id='word_1_141' title='bbox 544 1161 648 1188; x_wconf 88' lang='lat' dir='ltr'><em>nunc</em></span> <span class='ocrx_word' id='word_1_142' title='bbox 681 1151 847 1200; x_wconf 79' lang='lat' dir='ltr'><em>agimus:</em></span> <span class='ocrx_word' id='word_1_143' title='bbox 886 1149 1022 1188; x_wconf 85' lang='lat' dir='ltr'><em>Donec</em></span> <span class='ocrx_word' id='word_1_144' title='bbox 1051 1160 1317 1188; x_wconf 76' lang='lat' dir='ltr'><em>occurramus</em></span> <span class='ocrx_word' id='word_1_145' title='bbox 1355 1160 1487 1188; x_wconf 91' lang='lat' dir='ltr'><em>omnes</em></span> 
     </span>
     <span class='ocr_line' id='line_1_24' title="bbox 148 1207 1486 1258; baseline -0.001 -10"><span class='ocrx_word' id='word_1_146' title='bbox 148 1212 187 1248; x_wconf 86' lang='lat' dir='ltr'><em>in</em></span> <span class='ocrx_word' id='word_1_147' title='bbox 220 1211 413 1248; x_wconf 79' lang='lat' dir='ltr'><em>miitatem</em></span> <span class='ocrx_word' id='word_1_148' title='bbox 448 1210 549 1255; x_wconf 74' lang='lat' dir='ltr'><em>fidei</em></span> <span class='ocrx_word' id='word_1_149' title='bbox 586 1213 623 1246; x_wconf 88' lang='lat' dir='ltr'><em>et</em></span> <span class='ocrx_word' id='word_1_150' title='bbox 654 1210 896 1255; x_wconf 72' lang='lat' dir='ltr'><em>affliitionem</em></span> <span class='ocrx_word' id='word_1_151' title='bbox 924 1209 1004 1254; x_wconf 81' lang='lat' dir='ltr'><em>filii</em></span> <span class='ocrx_word' id='word_1_152' title='bbox 1033 1207 1125 1258; x_wconf 85' lang='lat' dir='ltr'><em>Dei,</em></span> <span class='ocrx_word' id='word_1_153' title='bbox 1163 1209 1204 1246; x_wconf 88' lang='lat' dir='ltr'><em>in</em></span> <span class='ocrx_word' id='word_1_154' title='bbox 1236 1209 1366 1246; x_wconf 79' lang='lat' dir='ltr'><em>virum</em></span> <span class='ocrx_word' id='word_1_155' title='bbox 1392 1214 1486 1256; x_wconf 86' lang='lat' dir='ltr'><em>per·-</em></span> 
     </span>
     <span class='ocr_line' id='line_1_25' title="bbox 144 1265 1486 1316; baseline -0.001 -10"><span class='ocrx_word' id='word_1_156' title='bbox 144 1268 312 1316; x_wconf 72' lang='lat' dir='ltr'><em>fectitm,</em></span> <span class='ocrx_word' id='word_1_157' title='bbox 351 1269 392 1306; x_wconf 90' lang='lat' dir='ltr'><em>in</em></span> <span class='ocrx_word' id='word_1_158' title='bbox 425 1277 653 1305; x_wconf 80' lang='lat' dir='ltr'><em>mensuram</em></span> <span class='ocrx_word' id='word_1_159' title='bbox 686 1267 830 1304; x_wconf 84' lang='lat' dir='ltr'><em>aetatis</em></span> <span class='ocrx_word' id='word_1_160' title='bbox 857 1267 1120 1314; x_wconf 75' lang='lat' dir='ltr'><em>plenitudinis</em></span> <span class='ocrx_word' id='word_1_161' title='bbox 1157 1265 1322 1312; x_wconf 76' lang='lat' dir='ltr'><em>Christi,</em></span> <span class='ocrx_word' id='word_1_162' title='bbox 1355 1270 1394 1304; x_wconf 87' lang='lat' dir='ltr'><em>et</em></span> <span class='ocrx_word' id='word_1_163' title='bbox 1426 1277 1486 1304; x_wconf 86' lang='lat' dir='ltr'><em>ce-</em></span> 
     </span>
     <span class='ocr_line' id='line_1_26' title="bbox 151 1322 1488 1378; baseline -0.001 -14"><span class='ocrx_word' id='word_1_164' title='bbox 151 1332 249 1378; x_wconf 73' lang='lat' dir='ltr'><em>tera3</em></span> <span class='ocrx_word' id='word_1_165' title='bbox 288 1325 412 1363; x_wconf 84' lang='lat' dir='ltr'><em>donee</em></span> <span class='ocrx_word' id='word_1_166' title='bbox 451 1324 585 1363; x_wconf 84' lang='lat' dir='ltr'><em>eadem</em></span> <span class='ocrx_word' id='word_1_167' title='bbox 624 1335 807 1362; x_wconf 81' lang='lat' dir='ltr'><em>mensura</em></span> <span class='ocrx_word' id='word_1_168' title='bbox 845 1325 885 1361; x_wconf 87' lang='lat' dir='ltr'><em>in</em></span> <span class='ocrx_word' id='word_1_169' title='bbox 924 1335 999 1373; x_wconf 86' lang='lat' dir='ltr'><em>quo</em></span> <span class='ocrx_word' id='word_1_170' title='bbox 1034 1335 1197 1374; x_wconf 82' lang='lat' dir='ltr'><em>corpore</em></span> <span class='ocrx_word' id='word_1_171' title='bbox 1229 1322 1325 1362; x_wconf 88' lang='lat' dir='ltr'><em>intel</em></span> <span class='ocrx_word' id='word_1_172' title='bbox 1341 1322 1488 1374; x_wconf 81' lang='lat' dir='ltr'><em>egenda</em></span> 
     </span>
     <span class='ocr_line' id='line_1_27' title="bbox 149 1383 1487 1432; baseline -0.002 -9"><span class='ocrx_word' id='word_1_173' title='bbox 149 1390 269 1432; x_wconf 84' lang='lat' dir='ltr'><em>esset,</em></span> <span class='ocrx_word' id='word_1_174' title='bbox 309 1383 536 1422; x_wconf 78' lang='lat' dir='ltr'><em>ostenderet</em></span> <span class='ocrx_word' id='word_1_175' title='bbox 580 1383 730 1421; x_wconf 88' lang='lat' dir='ltr'><em>dicens:</em></span> <span class='ocrx_word' id='word_1_176' title='bbox 782 1383 1015 1430; x_wconf 72' lang='lat' dir='ltr'><em>Augseamur</em></span> <span class='ocrx_word' id='word_1_177' title='bbox 1051 1384 1094 1420; x_wconf 87' lang='lat' dir='ltr'><em>in</em></span> <span class='ocrx_word' id='word_1_178' title='bbox 1132 1384 1197 1420; x_wconf 85' lang='lat' dir='ltr'><em>illo</em></span> <span class='ocrx_word' id='word_1_179' title='bbox 1229 1394 1307 1431; x_wconf 88' lang='lat' dir='ltr'><em>per</em></span> <span class='ocrx_word' id='word_1_180' title='bbox 1344 1384 1487 1430; x_wconf 85' lang='lat' dir='ltr'><em>omnia,</em></span> 
     </span>
     <span class='ocr_line' id='line_1_28' title="bbox 149 1442 1485 1491; baseline -0.002 -9"><span class='ocrx_word' id='word_1_181' title='bbox 149 1446 219 1491; x_wconf 77' lang='lat' dir='ltr'><em>qui</em></span> <span class='ocrx_word' id='word_1_182' title='bbox 255 1447 313 1481; x_wconf 89' lang='lat' dir='ltr'><em>est</em></span> <span class='ocrx_word' id='word_1_183' title='bbox 350 1447 472 1491; x_wconf 79' lang='lat' dir='ltr'><em>eaput</em></span> <span class='ocrx_word' id='word_1_184' title='bbox 514 1442 716 1486; x_wconf 72' lang='lat' dir='ltr'><em>Christus;</em></span> <span class='ocrx_word' id='word_1_185' title='bbox 754 1453 806 1479; x_wconf 76' lang='lat' dir='ltr'><em>ex</em></span> <span class='ocrx_word' id='word_1_186' title='bbox 843 1451 919 1488; x_wconf 80' lang='lat' dir='ltr'><em>quo</em></span> <span class='ocrx_word' id='word_1_187' title='bbox 957 1445 1078 1479; x_wconf 82' lang='lat' dir='ltr'><em>totum</em></span> <span class='ocrx_word' id='word_1_188' title='bbox 1111 1451 1258 1489; x_wconf 84' lang='lat' dir='ltr'><em>eorpus</em></span> <span class='ocrx_word' id='word_1_189' title='bbox 1290 1452 1485 1479; x_wconf 72' lang='lat' dir='ltr'><em>conexum</em></span> 
     </span>
     <span class='ocr_line' id='line_1_29' title="bbox 149 1499 1485 1550; baseline -0.001 -10"><span class='ocrx_word' id='word_1_190' title='bbox 149 1507 188 1541; x_wconf 86' lang='lat' dir='ltr'><em>et</em></span> <span class='ocrx_word' id='word_1_191' title='bbox 224 1505 473 1550; x_wconf 79' lang='lat' dir='ltr'><em>compactum</em></span> <span class='ocrx_word' id='word_1_192' title='bbox 510 1512 586 1550; x_wconf 90' lang='lat' dir='ltr'><em>per</em></span> <span class='ocrx_word' id='word_1_193' title='bbox 626 1510 777 1538; x_wconf 86' lang='lat' dir='ltr'><em>omnem</em></span> <span class='ocrx_word' id='word_1_194' title='bbox 818 1503 967 1537; x_wconf 84' lang='lat' dir='ltr'><em>tactum</em></span> <span class='ocrx_word' id='word_1_195' title='bbox 1008 1499 1389 1538; x_wconf 78' lang='lat' dir='ltr'><em>subministrationis</em></span> <span class='ocrx_word' id='word_1_196' title='bbox 1427 1511 1485 1538; x_wconf 91' lang='lat' dir='ltr'><em>se-</em></span> 
     </span>
     <span class='ocr_line' id='line_1_30' title="bbox 150 1559 1487 1609; baseline -0.002 -10"><span class='ocrx_word' id='word_1_197' title='bbox 150 1562 325 1599; x_wconf 77' lang='lat' dir='ltr'><em>cundam</em></span> <span class='ocrx_word' id='word_1_198' title='bbox 357 1561 629 1609; x_wconf 81' lang='lat' dir='ltr'><em>operationem</em></span> <span class='ocrx_word' id='word_1_199' title='bbox 668 1560 708 1596; x_wconf 91' lang='lat' dir='ltr'><em>in</em></span> <span class='ocrx_word' id='word_1_200' title='bbox 745 1569 973 1596; x_wconf 78' lang='lat' dir='ltr'><em>mensuram</em></span> <span class='ocrx_word' id='word_1_201' title='bbox 1004 1559 1318 1606; x_wconf 80' lang='lat' dir='ltr'><em>uniuscuiusque</em></span> <span class='ocrx_word' id='word_1_202' title='bbox 1344 1559 1487 1607; x_wconf 86' lang='lat' dir='ltr'><em>partis.</em></span> 
     </span>
     <span class='ocr_line' id='line_1_31' title="bbox 152 1617 1488 1669; baseline -0.002 -12"><span class='ocrx_word' id='word_1_203' title='bbox 152 1619 261 1657; x_wconf 86' lang='lat' dir='ltr'><em>Sicut</em></span> <span class='ocrx_word' id='word_1_204' title='bbox 299 1630 392 1669; x_wconf 83' lang='lat' dir='ltr'><em>ergo</em></span> <span class='ocrx_word' id='word_1_205' title='bbox 433 1623 493 1656; x_wconf 82' lang='lat' dir='ltr'><em>est</em></span> <span class='ocrx_word' id='word_1_206' title='bbox 531 1628 715 1655; x_wconf 78' lang='lat' dir='ltr'><em>mensura</em></span> <span class='ocrx_word' id='word_1_207' title='bbox 751 1617 1061 1666; x_wconf 76' lang='lat' dir='ltr'><em>uniuscuiusque</em></span> <span class='ocrx_word' id='word_1_208' title='bbox 1100 1617 1239 1667; x_wconf 80' lang='lat' dir='ltr'><em>partis,</em></span> <span class='ocrx_word' id='word_1_209' title='bbox 1276 1617 1329 1654; x_wconf 79' lang='lat' dir='ltr'><em>ita</em></span> <span class='ocrx_word' id='word_1_210' title='bbox 1370 1617 1488 1655; x_wconf 82' lang='lat' dir='ltr'><em>totius</em></span> 
     </span>
     <span class='ocr_line' id='line_1_32' title="bbox 151 1673 1488 1728; baseline -0.002 -13"><span class='ocrx_word' id='word_1_211' title='bbox 151 1678 345 1728; x_wconf 81' lang='lat' dir='ltr'><em>corporis,</em></span> <span class='ocrx_word' id='word_1_212' title='bbox 385 1676 488 1726; x_wconf 89' lang='lat' dir='ltr'><em>quod</em></span> <span class='ocrx_word' id='word_1_213' title='bbox 522 1674 703 1714; x_wconf 85' lang='lat' dir='ltr'><em>omnibus</em></span> <span class='ocrx_word' id='word_1_214' title='bbox 735 1676 816 1713; x_wconf 83' lang='lat' dir='ltr'><em>suis</em></span> <span class='ocrx_word' id='word_1_215' title='bbox 848 1673 1024 1725; x_wconf 78' lang='lat' dir='ltr'><em>partibus</em></span> <span class='ocrx_word' id='word_1_216' title='bbox 1057 1679 1225 1726; x_wconf 82' lang='lat' dir='ltr'><em>constat,</em></span> <span class='ocrx_word' id='word_1_217' title='bbox 1264 1679 1324 1713; x_wconf 87' lang='lat' dir='ltr'><em>est</em></span> <span class='ocrx_word' id='word_1_218' title='bbox 1353 1675 1488 1725; x_wconf 85' lang='lat' dir='ltr'><em>utique</em></span> 
     </span>
     <span class='ocr_line' id='line_1_33' title="bbox 150 1733 1489 1786; baseline -0.001 -13"><span class='ocrx_word' id='word_1_219' title='bbox 150 1747 333 1773; x_wconf 78' lang='lat' dir='ltr'><em>mensura</em></span> <span class='ocrx_word' id='word_1_220' title='bbox 372 1734 643 1786; x_wconf 76' lang='lat' dir='ltr'><em>plenitudinis,</em></span> <span class='ocrx_word' id='word_1_221' title='bbox 681 1733 728 1771; x_wconf 89' lang='lat' dir='ltr'><em>de</em></span> <span class='ocrx_word' id='word_1_222' title='bbox 768 1745 842 1784; x_wconf 82' lang='lat' dir='ltr'><em>qua</em></span> <span class='ocrx_word' id='word_1_223' title='bbox 883 1733 1029 1771; x_wconf 85' lang='lat' dir='ltr'><em>dictum</em></span> <span class='ocrx_word' id='word_1_224' title='bbox 1062 1737 1138 1771; x_wconf 82' lang='lat' dir='ltr'><em>est:</em></span> <span class='ocrx_word' id='word_1_225' title='bbox 1183 1733 1231 1772; x_wconf 89' lang='lat' dir='ltr'><em>In</em></span> <span class='ocrx_word' id='word_1_226' title='bbox 1263 1744 1489 1772; x_wconf 80' lang='lat' dir='ltr'><em>mensuram</em></span> 
     </span>
     <span class='ocr_line' id='line_1_34' title="bbox 151 1790 1486 1842; baseline -0.002 -10"><span class='ocrx_word' id='word_1_227' title='bbox 151 1796 295 1832; x_wconf 84' lang='lat' dir='ltr'><em>aetatis</em></span> <span class='ocrx_word' id='word_1_228' title='bbox 335 1794 598 1842; x_wconf 79' lang='lat' dir='ltr'><em>plenitudinis</em></span> <span class='ocrx_word' id='word_1_229' title='bbox 647 1792 805 1830; x_wconf 83' lang='lat' dir='ltr'><em>Christi.</em></span> <span class='ocrx_word' id='word_1_230' title='bbox 877 1791 1000 1836; x_wconf 78' lang='lat' dir='ltr'><em>Quam</em></span> <span class='ocrx_word' id='word_1_231' title='bbox 1044 1790 1328 1842; x_wconf 84' lang='lat' dir='ltr'><em>plenitudinem</em></span> <span class='ocrx_word' id='word_1_232' title='bbox 1371 1792 1486 1830; x_wconf 82' lang='lat' dir='ltr'><em>etiam</em></span> 
     </span>
     <span class='ocr_line' id='line_1_35' title="bbox 150 1849 1487 1902; baseline -0.001 -12"><span class='ocrx_word' id='word_1_233' title='bbox 150 1852 213 1890; x_wconf 93' lang='lat' dir='ltr'><em>illo</em></span> <span class='ocrx_word' id='word_1_234' title='bbox 242 1852 559 1890; x_wconf 84' lang='lat' dir='ltr'><em>commemoravit</em></span> <span class='ocrx_word' id='word_1_235' title='bbox 584 1849 683 1902; x_wconf 84' lang='lat' dir='ltr'><em>loco,</em></span> <span class='ocrx_word' id='word_1_236' title='bbox 715 1849 782 1888; x_wconf 88' lang='lat' dir='ltr'><em>ubi</em></span> <span class='ocrx_word' id='word_1_237' title='bbox 814 1851 867 1888; x_wconf 82' lang='lat' dir='ltr'><em>ait</em></span> <span class='ocrx_word' id='word_1_238' title='bbox 898 1850 944 1888; x_wconf 90' lang='lat' dir='ltr'><em>de</em></span> <span class='ocrx_word' id='word_1_239' title='bbox 978 1849 1151 1888; x_wconf 81' lang='lat' dir='ltr'><em>Christo:</em></span> <span class='ocrx_word' id='word_1_240' title='bbox 1183 1850 1236 1888; x_wconf 89' lang='lat' dir='ltr'><em>Et</em></span> <span class='ocrx_word' id='word_1_241' title='bbox 1266 1852 1391 1899; x_wconf 79' lang='lat' dir='ltr'><em>ipsum</em></span> <span class='ocrx_word' id='word_1_242' title='bbox 1423 1851 1487 1889; x_wconf 83' lang='lat' dir='ltr'><em>de-</em></span> 
     </span>
     <span class='ocr_line' id='line_1_36' title="bbox 151 1910 1488 1959; baseline -0.001 -10"><span class='ocrx_word' id='word_1_243' title='bbox 151 1913 210 1949; x_wconf 82' lang='lat' dir='ltr'><em>dit</em></span> <span class='ocrx_word' id='word_1_244' title='bbox 241 1915 365 1959; x_wconf 80' lang='lat' dir='ltr'><em>caput</em></span> <span class='ocrx_word' id='word_1_245' title='bbox 394 1922 516 1959; x_wconf 81' lang='lat' dir='ltr'><em>super</em></span> <span class='ocrx_word' id='word_1_246' title='bbox 547 1920 698 1947; x_wconf 90' lang='lat' dir='ltr'><em>omnem</em></span> <span class='ocrx_word' id='word_1_247' title='bbox 731 1910 959 1955; x_wconf 80' lang='lat' dir='ltr'><em>eeclesiam,</em></span> <span class='ocrx_word' id='word_1_248' title='bbox 992 1920 1096 1956; x_wconf 80' lang='lat' dir='ltr'><em>quae</em></span> <span class='ocrx_word' id='word_1_249' title='bbox 1127 1913 1186 1946; x_wconf 90' lang='lat' dir='ltr'><em>est</em></span> <span class='ocrx_word' id='word_1_250' title='bbox 1216 1919 1362 1957; x_wconf 81' lang='lat' dir='ltr'><em>corpus</em></span> <span class='ocrx_word' id='word_1_251' title='bbox 1393 1910 1488 1955; x_wconf 87' lang='lat' dir='ltr'><em>eius,</em></span> 
     </span>
    </p>
   </div>
   <div class='ocr_carea' id='block_1_10' title="bbox 153 2007 1488 2101">
    <p class='ocr_par' dir='ltr' id='par_1_10' title="bbox 153 2007 1488 2101">
     <span class='ocr_line' id='line_1_37' title="bbox 245 2007 1488 2055; baseline -0.002 -10"><span class='ocrx_word' id='word_1_252' title='bbox 245 2013 280 2053; x_wconf 77' lang='lat'><em>8)</em></span> <span class='ocrx_word' id='word_1_253' title='bbox 317 2010 408 2055; x_wconf 81' lang='lat' dir='ltr'><em>Eph.</em></span> <span class='ocrx_word' id='word_1_254' title='bbox 444 2014 481 2051; x_wconf 80' lang='lat'><em>4,</em></span> <span class='ocrx_word' id='word_1_255' title='bbox 518 2013 559 2043; x_wconf 90' lang='lat'><em>10</em></span> <span class='ocrx_word' id='word_1_256' title='bbox 594 2020 670 2053; x_wconf 84' lang='lat' dir='ltr'><em>sqq.</em></span> <span class='ocrx_word' id='word_1_257' title='bbox 723 2010 779 2051; x_wconf 79' lang='lat'><em>12)</em></span> <span class='ocrx_word' id='word_1_258' title='bbox 809 2012 838 2042; x_wconf 88' lang='lat'><em>1.</em></span> <span class='ocrx_word' id='word_1_259' title='bbox 867 2007 947 2043; x_wconf 85' lang='lat' dir='ltr'><em>Cor.</em></span> <span class='ocrx_word' id='word_1_260' title='bbox 977 2011 1035 2050; x_wconf 77' lang='lat'><em>12,</em></span> <span class='ocrx_word' id='word_1_261' title='bbox 1069 2011 1123 2042; x_wconf 79' lang='lat'><em>27.</em></span> <span class='ocrx_word' id='word_1_262' title='bbox 1176 2009 1233 2051; x_wconf 83' lang='lat'><em>13)</em></span> <span class='ocrx_word' id='word_1_263' title='bbox 1260 2007 1336 2043; x_wconf 82' lang='lat' dir='ltr'><em>Col.</em></span> <span class='ocrx_word' id='word_1_264' title='bbox 1365 2012 1401 2052; x_wconf 84' lang='lat'><em>1,</em></span> <span class='ocrx_word' id='word_1_265' title='bbox 1434 2011 1488 2042; x_wconf 80' lang='lat'><em>24.</em></span> 
     </span>
     <span class='ocr_line' id='line_1_38' title="bbox 153 2057 543 2101; baseline 0 -10"><span class='ocrx_word' id='word_1_266' title='bbox 153 2059 209 2101; x_wconf 72' lang='lat'><em>14)</em></span> <span class='ocrx_word' id='word_1_267' title='bbox 238 2062 267 2092; x_wconf 91' lang='lat'><em>1.</em></span> <span class='ocrx_word' id='word_1_268' title='bbox 296 2057 377 2092; x_wconf 81' lang='lat' dir='ltr'><em>Cor.</em></span> <span class='ocrx_word' id='word_1_269' title='bbox 410 2061 461 2099; x_wconf 90' lang='lat'><em>10,</em></span> <span class='ocrx_word' id='word_1_270' title='bbox 490 2060 543 2091; x_wconf 82' lang='lat'><em>17.</em></span> 
     </span>
    </p>
   </div>
   <div class='ocr_carea' id='block_1_11' title="bbox 151 2193 1488 2333">
    <p class='ocr_par' dir='ltr' id='par_1_11' title="bbox 151 2193 1488 2333">
     <span class='ocr_line' id='line_1_39' title="bbox 247 2193 1487 2240; baseline 0 -10"><span class='ocrx_word' id='word_1_271' title='bbox 247 2201 262 2230; x_wconf 90' lang='lat'>1</span> <span class='ocrx_word' id='word_1_272' title='bbox 293 2196 593 2231; x_wconf 80' lang='lat' dir='ltr'><em>circumferamur</em></span> <span class='ocrx_word' id='word_1_273' title='bbox 630 2194 665 2229; x_wconf 84' lang='lat' dir='ltr'><em>R</em></span> <span class='ocrx_word' id='word_1_274' title='bbox 707 2194 882 2236; x_wconf 78' lang='lat' dir='ltr'><em>Clarom.,·</em></span> <span class='ocrx_word' id='word_1_275' title='bbox 914 2193 1122 2228; x_wconf 75' lang='lat' dir='ltr'><em>circumlati</em></span> <span class='ocrx_word' id='word_1_276' title='bbox 1153 2195 1208 2228; x_wconf 84' lang='lat' dir='ltr'><em>Av</em></span> <span class='ocrx_word' id='word_1_277' title='bbox 1240 2195 1252 2238; x_wconf 84' lang='grc' dir='ltr'><em>ΙΙ</em></span> <span class='ocrx_word' id='word_1_278' title='bbox 1285 2197 1304 2229; x_wconf 89' lang='grc'>5</span> <span class='ocrx_word' id='word_1_279' title='bbox 1331 2205 1487 2240; x_wconf 85' lang='lat' dir='ltr'><em>conpun—</em></span> 
     </span>
     <span class='ocr_line' id='line_1_40' title="bbox 153 2241 1488 2287; baseline 0 -9"><span class='ocrx_word' id='word_1_280' title='bbox 153 2246 251 2278; x_wconf 86' lang='lat' dir='ltr'><em>ctum</em></span> <span class='ocrx_word' id='word_1_281' title='bbox 279 2243 313 2276; x_wconf 81' lang='lat' dir='ltr'><em>R</em></span> <span class='ocrx_word' id='word_1_282' title='bbox 344 2245 355 2287; x_wconf 86' lang='grc' dir='ltr'><em>ΙΙ</em></span> <span class='ocrx_word' id='word_1_283' title='bbox 386 2247 430 2277; x_wconf 81' lang='grc'><em>23</em></span> <span class='ocrx_word' id='word_1_284' title='bbox 457 2244 704 2286; x_wconf 80' lang='lat' dir='ltr'><em>conpunctum</em></span> <span class='ocrx_word' id='word_1_285' title='bbox 737 2241 883 2286; x_wconf 77' lang='lat' dir='ltr'>R¹1130</span> <span class='ocrx_word' id='word_1_286' title='bbox 910 2252 1055 2276; x_wconf 87' lang='lat' dir='ltr'><em>omnem</em></span> <span class='ocrx_word' id='word_1_287' title='bbox 1087 2241 1277 2276; x_wconf 85' lang='lat' dir='ltr'><em>ecclesiam</em></span> <span class='ocrx_word' id='word_1_288' title='bbox 1302 2241 1338 2276; x_wconf 89' lang='lat' dir='ltr'><strong><em>R</em></strong></span> <span class='ocrx_word' id='word_1_289' title='bbox 1361 2242 1488 2286; x_wconf 74' lang='lat' dir='ltr'><em>fraym.</em></span> 
     </span>
     <span class='ocr_line' id='line_1_41' title="bbox 151 2288 1124 2333; baseline -0.002 -9"><span class='ocrx_word' id='word_1_290' title='bbox 151 2290 336 2333; x_wconf 69' lang='lat' dir='ltr'><em>Frisinq.;</em></span> <span class='ocrx_word' id='word_1_291' title='bbox 364 2289 464 2323; x_wconf 88' lang='lat' dir='ltr'><em>omni</em></span> <span class='ocrx_word' id='word_1_292' title='bbox 489 2289 645 2324; x_wconf 84' lang='lat' dir='ltr'><em>ecclesia</em></span> <span class='ocrx_word' id='word_1_293' title='bbox 669 2289 728 2331; x_wconf 85' lang='lat' dir='ltr'><em>A‚·</em></span> <span class='ocrx_word' id='word_1_294' title='bbox 754 2288 877 2323; x_wconf 80' lang='lat' dir='ltr'><em>omnia</em></span> <span class='ocrx_word' id='word_1_295' title='bbox 902 2288 1079 2322; x_wconf 82' lang='lat' dir='ltr'><em>ecelesiae</em></span> <span class='ocrx_word' id='word_1_296' title='bbox 1104 2299 1124 2322; x_wconf 83' lang='lat' dir='ltr'><em>v</em></span> 
     </span>
    </p>
   </div>
  </div>
 </body>
</html>
