1548 2562
427 143 479 167 DE
499 142 688 168 οΙνΙΤΑΤΕ
707 144 775 168 DEI
795 144 827 168 L.
847 143 943 168 xvn.
963 143 991 169 o.
1013 145 1054 169 20.
1323 135 1407 175 249

78 232 125 270 de
159 231 312 270 Christo
346 236 385 269 et
417 230 598 282 ecclesia,
629 243 717 268 mox
750 238 792 269 ut
824 232 959 283 suerit,
990 233 1285 282 pronuntiatum
1317 245 1407 271 con-

80 291 205 328 suevit
235 289 408 339 intellegi
439 288 485 326 ab
518 290 592 340 eis,
635 291 699 339 qui
733 288 929 328 Christum
962 291 1188 340 sapientiam
1220 290 1289 329 Dei
1322 303 1406 329 esse

78 353 287 386 noverunt:
330 348 539 396 Sapientia
583 349 811 394 (testificavit
847 344 925 386 sibi
963 350 1118 388 domum
1158 354 1197 387 et
1234 350 1409 397 suffulsit

78 409 282 445 columnas
321 411 489 454 septem;
532 407 746 443 immolavit
786 418 880 444 suas
926 409 1122 455 victimas,
1166 410 1325 446 miscuit
1368 410 1407 445 in

78 468 240 503 cratere
282 465 414 502 vinum
456 475 570 502 suum
612 469 650 502 et
687 466 853 512 paravit
894 476 1069 503 mensam
1112 477 1235 504 suam.
1298 465 1407 503 Misit
1434 473 1456 503 5

77 533 211 561 servos
253 533 343 560 suos
381 533 604 560 convocans
642 533 731 560 cum
768 525 980 561 excellenti
1010 526 1317 572 praedieatione
1355 526 1411 562 ad

78 585 242 620 cratera
275 582 429 619 dicens:
468 581 561 626 Quis
593 584 651 618 est
682 582 895 629 insipiens?
946 582 1129 619 Diaertat
1153 584 1209 620 ad
1237 594 1307 621 me.
1357 583 1409 620 Et

77 639 258 687 inopibus
283 651 399 677 sensu
427 640 548 677 dixit:
590 638 735 686 Venite,
766 641 1006 678 manducate
1033 642 1081 678 de
1112 643 1206 678 meis
1233 642 1408 689 panibus

77 702 116 735 et
141 697 260 735 bibite
285 699 417 735 vinum
442 698 551 745 quod
574 699 717 735 miscui
742 698 858 735 vobis.
920 697 990 735 Hic
1023 703 1128 736 certe
1162 700 1407 748 agnoscimus

76 754 146 792 Dei
187 756 436 806 sapientiam,
476 754 549 793 hoc
594 760 653 793 est
697 754 865 793 Verbum
906 755 1012 794 Patri
1054 762 1324 808 coaeternum,
1368 759 1406 794 in
1435 764 1479 794 10

78 819 189 851 utero
228 813 403 863 virginali
444 813 602 851 domum
640 812 712 851 sibi
751 813 972 852 aedificasse
1013 827 1155 865 corpus
1197 815 1408 853 humanum

78 877 116 909 et
156 871 264 923 huic,
303 877 497 921 tamquam
537 873 651 921 capiti
684 871 872 923 membra,
914 872 1116 911 ecclesiam
1149 872 1408 925 subiunxisse‚

77 934 291 980 martyrum
328 931 502 968 victimas
541 929 776 981 immolasse,
814 942 987 968 mensam
1025 932 1064 968 in
1105 932 1190 968 vino
1232 937 1270 969 et
1301 932 1408 981 pani-

77 987 149 1026 bus
180 999 444 1039 praeparasse,
477 987 543 1026 ubi
568 993 727 1038 apparet
753 989 867 1026 etiam
899 988 1161 1027 sacerdotium
1194 990 1408 1028 secundum

78 1045 254 1083 ordinem
280 1045 577 1097 Melchisedech,
608 1047 836 1096 insipientes
864 1051 902 1085 et
926 1048 1063 1097 inopes
1089 1059 1207 1085 sensu
1239 1059 1408 1099 vocasse,
1436 1054 1480 1084 15

77 1105 178 1155 quia,
210 1105 311 1141 sicut
339 1104 432 1142 dicit
458 1103 666 1155 apostolus,
699 1106 858 1151 infirma
889 1106 1007 1143 liuius
1039 1107 1178 1144 mundi
1208 1108 1334 1153 eleuet,
1367 1111 1411 1144 ut

78 1161 343 1210 confunderet
363 1161 501 1210 fortia.
564 1161 713 1207 Quibus
740 1168 868 1201 tamen
900 1164 1063 1201 infirmis
1095 1163 1198 1213 quod
1231 1165 1410 1213 sequitur

77 1220 187 1258 dicit:
232 1221 506 1268 Derelinquite
543 1222 830 1269 insipientiam,
874 1226 918 1260 ut
954 1224 1115 1269 vivatis,
1160 1227 1199 1261 et
1228 1224 1410 1269 quaerite

73 1280 350 1328 prudentiam,
390 1284 435 1317 ut
473 1279 654 1317 habeatis
692 1281 821 1317 vitam.
882 1279 1116 1330 Participem
1155 1286 1284 1318 autem
1325 1281 1409 1317 tieri

77 1348 232 1374 mensae
265 1336 386 1388 illius,
426 1338 554 1387 ipsum
587 1342 646 1375 est
677 1338 847 1387 incipere
880 1337 1023 1375 habere
1057 1340 1182 1376 vitam.
1245 1338 1341 1376 Nam
1372 1344 1410 1376 et
1436 1346 1482 1376 20

76 1395 116 1432 in
158 1394 230 1432 alio
269 1394 385 1441 libro,
425 1397 491 1445 qui
530 1400 688 1433 vocatur
721 1395 983 1447 ecclesiastes,
1023 1395 1088 1434 ubi
1129 1398 1196 1434 ait:
1235 1397 1321 1435 Non
1354 1401 1411 1435 est

78 1453 220 1491 bonum
246 1454 404 1501 homini,
436 1455 514 1491 nisi
537 1455 644 1501 quod
667 1455 926 1492 manducabit
952 1459 989 1493 et
1014 1456 1128 1502 bibet,
1161 1455 1253 1504 quid
1286 1454 1409 1493 credi-

77 1509 192 1548 bilius
232 1510 361 1549 dicere
399 1511 655 1562 intellegitur,
693 1524 807 1561 quam
846 1512 949 1562 quod
988 1512 1033 1550 ad
1072 1514 1410 1563 participationem

77 1580 233 1607 mensae
258 1568 374 1607 huius
399 1571 582 1621 pertinet,
614 1582 728 1619 quam
754 1570 934 1608 sacerdos
966 1572 1049 1621 ipse
1074 1571 1262 1609 Mediator
1294 1576 1408 1608 testa-

77 1628 198 1665 menti
241 1629 330 1665 novi
374 1627 528 1665 exhibet
571 1628 785 1665 secundum
824 1628 1000 1665 ordinem
1037 1628 1322 1666 Melchisedech
1362 1628 1409 1666 de
1437 1635 1482 1666 25

78 1696 240 1735 corpore
281 1691 319 1723 et
357 1687 542 1735 sanguine
583 1683 681 1723 suo?
732 1685 773 1724 Id
813 1687 915 1724 enim
954 1687 1187 1724 sacriticiiun
1221 1687 1410 1725 successit

78 1742 257 1781 omnibus
296 1742 371 1781 illis
410 1744 608 1781 sacrificiis
646 1745 790 1782 veteris
829 1746 1069 1795 testamenti,
1109 1756 1205 1795 quae
1239 1744 1408 1782 immola-

77 1800 219 1839 bantur
250 1802 289 1838 in
321 1800 457 1839 umbra
490 1802 628 1853 futuri,
668 1807 828 1852 propter
861 1802 962 1852 quod
995 1804 1109 1840 etiam
1142 1815 1275 1840 vocem
1308 1802 1410 1840 illam

77 1859 115 1896 in
165 1858 311 1909 psalmo
356 1860 582 1898 tricensimo
627 1865 665 1898 et
709 1872 810 1897 nono
856 1860 1028 1898 eiusdem
1074 1860 1296 1898 Mediatoris
1340 1872 1410 1911 per

76 1916 319 1967 prophetiam
351 1917 545 1967 loquentis
584 1919 850 1967 agnoscimus:
889 1918 1146 1964 Sacrificium
1179 1924 1217 1956 et
1248 1920 1408 1957 oblatio·
1437 1926 1483 1957 30

77 1985 164 2012 nem
190 1977 360 2023 noluisti,
393 1987 539 2024 eorpus
565 1980 694 2014 autem
722 1975 933 2023 perfecisti
962 1978 1081 2021 milii,·
1113 1978 1201 2026 quia
1233 1988 1303 2026 pro
1335 1976 1410 2014 illis

78 2031 258 2070 omnihus
290 2034 490 2070 sacrificiis
523 2038 562 2070 et
593 2032 852 2071 oblationibus
886 2046 1028 2083 corpus
1061 2036 1144 2072 eius
1176 2034 1340 2072 offertur
1373 2040 1411 2072 et

172 2122 205 2163 9)
232 2120 336 2155 Prov.
365 2125 403 2163 9,
432 2125 449 2154 1
477 2133 552 2164 sqq.
606 2123 662 2162 17)
692 2126 719 2155 1.
748 2120 827 2155 Cor.
858 2126 893 2164 1,
920 2125 962 2155 27
990 2133 1041 2164 sq.
1096 2123 1150 2164 19)
1176 2121 1281 2156 Prov.
1310 2126 1350 2164 9,
1378 2126 1409 2156 6.

78 2167 138 2209 22)
163 2165 282 2201 Eoele.
310 2169 341 2208 8,
370 2170 423 2201 15.
474 2169 531 2209 31)
557 2168 613 2201 Ps.
641 2171 696 2208 39,
725 2171 754 2202 7.

173 2295 191 2325 7
218 2292 359 2326 cratera
383 2291 419 2325 R
426 2305 438 2333 ;
464 2294 641 2327 craterem
666 2303 685 2326 v
705 2294 716 2336 ΙΙ
737 2293 895 2328 diuertat
919 2293 996 2335 Rv,·
1022 2294 1101 2327 deU.
1129 2293 1261 2337 AFefy
