1611 2465
116 810 157 840 10

118 1105 157 1134 15

115 1398 158 1428 20

116 1692 158 1722 25

116 1984 159 2013 30

181 45 267 86 400
715 56 741 80 S.
762 56 981 82 AUGUSTmI

681 212 835 255 CAPUT
867 213 1022 255 XXIV.

190 300 276 344 Qua
303 300 531 344 definitione
562 303 714 337 constet
733 300 873 347 populi
897 296 1023 337 et'rez‘
1040 299 1230 348 publicae
1256 302 1520 348 nuncupatio-

221 368 306 394 nem
340 362 450 395 recte
480 358 559 395 sibe·
589 368 668 395 non
699 359 824 395 solum
855 357 1069 409 Romanos,
1100 360 1171 396 sed
1201 361 1320 396 eliam
1352 370 1481 406 reqna

685 417 767 454 alia
800 418 1019 454 vindicare.

302 508 342 547 Si
369 515 498 547 autem
524 509 693 560 populus
719 521 796 547 non
828 511 915 561 isto,
947 509 1015 547 sed
1048 509 1122 547 alio
1154 509 1362 548 definiatur
1395 511 1522 563 modo,

182 567 288 606 velut
314 569 357 606 ‘si
397 568 564 606 dicatur:
606 568 809 620 „Populus
848 573 907 606 est
945 574 1079 606 coetus
1113 568 1374 607 multitudinis
1405 570 1520 607 ratio-

183 626 280 664 nalis
317 638 450 665 rerum
489 639 585 677 quas
623 626 745 677 diligit
784 626 969 664 concordi
1010 629 1282 665 commuuione
1316 625 1521 679 sociatus“,

183 686 372 737 profecte,
403 691 446 723 ut
478 685 654 723 videatur
687 685 809 735 qualis
843 686 1008 735 quisque
1042 685 1209 736 populus
1243 688 1303 738 sit,
1335 686 1398 724 illa
1430 693 1522 725 sunt

184 744 381 795 intuenda,
414 756 511 793 quae
539 744 672 794 diligit.
736 743 1014 794 Quaecumque
1040 749 1170 782 tamen
1197 744 1339 795 diligat,
1373 747 1405 783 si
1432 757 1518 783 coe-

184 808 246 841 tus
286 809 344 840 est
382 803 642 841 multitudinis
674 815 751 841 non
785 814 993 854 pecorum,
1037 803 1104 840 sed
1137 804 1383 841 rationalium
1415 815 1520 842 crea-

183 868 361 900 turarum
400 867 438 899 et
477 873 613 899 eorum
653 873 750 912 quae
783 861 907 912 diligit
939 861 1123 899 concordi
1156 864 1429 900 communione
1462 874 1520 900 so-

184 921 308 958 ciatus
341 926 411 972 est,
444 932 521 958 non
547 920 715 958 absurde
748 920 915 971 populus
948 926 1214 972 nuncupatur3
1246 926 1353 959 tanto
1385 922 1520 972 utique

184 978 342 1030 melior,
385 985 529 1029 quanto
561 980 600 1016 in
634 978 891 1029 melioribus,'
924 984 1110 1029 tantoque
1144 979 1333 1031 deterior,
1377 985 1521 1030 quanto

185 1043 245 1075 est
269 1039 309 1075 in
337 1037 598 1076 deterioribus
625 1049 800 1076 concors.
864 1037 1089 1075 Secundum
1115 1039 1228 1075 istam
1254 1037 1522 1076 definitionem

185 1102 358 1134 nostram
397 1095 594 1134 Romanus
632 1096 798 1147 populus
836 1095 1003 1146 populus
1042 1101 1102 1134 est
1139 1101 1178 1134 et
1216 1108 1279 1134 res
1321 1098 1405 1134 eius
1437 1098 1521 1135 sine

185 1154 426 1193 dubitatione
466 1167 529 1192 res
566 1154 732 1205 publica.
795 1155 895 1200 Quid
934 1160 1062 1192 autem
1101 1156 1237 1205 primis
1279 1155 1522 1206 temporibus

185 1215 266 1251 suis
305 1213 444 1263 quidve
484 1213 740 1263 sequentibus
777 1213 945 1264 populus
982 1212 1045 1250 ille
1079 1213 1259 1251 dilexerit
1302 1220 1341 1252 et
1379 1213 1522 1264 quibus

184 1271 360 1310 moribus
387 1271 432 1309 ad
460 1273 754 1310 cruentissimas
782 1272 994 1310 seditiones
1022 1277 1137 1322 atque
1164 1272 1253 1310 inde
1287 1271 1332 1310 ad
1366 1272 1521 1311 socialia

185 1336 301 1381 atque
354 1330 478 1368 civilia
522 1329 621 1368 bella
664 1332 896 1381 perveniens
940 1332 1064 1381 ipsam
1107 1331 1378 1383 concordiam,
1423 1343 1521 1381 quae

185 1389 290 1428 salus
323 1395 382 1427 est
414 1390 580 1439 quodam
614 1389 726 1427 modo
768 1389 918 1440 populi,
956 1390 1108 1439 ruperit
1139 1395 1254 1440 atque
1287 1391 1523 1441 corruperit,

185 1453 352 1487 testatur
395 1447 574 1500 historia,
619 1447 665 1486 de
704 1460 778 1498 qua
817 1449 856 1486 in
893 1447 1219 1498 praecedentibus
1260 1447 1370 1486 libris
1401 1448 1522 1487 multa

184 1508 398 1558 posuimus.
459 1506 540 1545 Nec
580 1506 666 1545 ideo
693 1512 822 1545 tamen
854 1506 914 1544 vel
945 1507 1074 1557 ipsum
1106 1519 1184 1544 non
1216 1518 1302 1545 esse
1334 1507 1522 1558 populum

184 1565 244 1603 vel
283 1567 366 1604 eius
405 1577 488 1604 rem
526 1566 691 1604 dixerim
730 1577 808 1603 non
847 1577 932 1603 esse
967 1577 1049 1602 rem
1081 1565 1294 1616 publicam,
1336 1565 1521 1616 quamdiu

184 1630 316 1662 manet
347 1624 642 1675 qualiscumque
675 1623 873 1662 rationalis
906 1623 1166 1662 multitudinis
1198 1629 1355 1676 coetus,
1387 1635 1521 1662 rerum

187 1695 282 1733 quas
315 1683 438 1733 diligit
469 1683 655 1721 concordi
693 1683 967 1721 communione
1005 1684 1185 1721 sociatus.
1248 1682 1359 1728 Quod
1392 1688 1521 1721 autem

186 1741 232 1779 de
265 1742 340 1780 isto
377 1741 521 1792 populo
560 1747 599 1780 et
631 1741 677 1780 de
716 1743 789 1780 ista
827 1753 869 1779 re
900 1740 1055 1792 publica
1087 1740 1182 1792 dixi,
1219 1739 1293 1779 hoc
1325 1741 1373 1779 de
1404 1741 1520 1779 Athe-

186 1801 380 1838 niensium
421 1799 479 1837 vel
523 1812 861 1850 quorumcumque
903 1799 1161 1851 Graecorum,
1202 1798 1275 1837 hoc
1315 1799 1362 1838 de
1400 1799 1520 1850 Aegy-

185 1860 368 1909 ptiorum,
400 1858 473 1896 hoc
506 1858 553 1896 de
585 1858 648 1896 illa
680 1860 810 1909 priore
844 1857 1036 1908 Babylone
1068 1858 1334 1909 Assyriorum,
1366 1858 1521 1908 quando

185 1918 225 1954 in
267 1916 385 1955 rebus
423 1916 589 1967 publicis
628 1919 708 1955 suis
748 1918 910 1967 imperia
947 1916 1006 1954 vel
1042 1928 1158 1966 parva
1197 1916 1255 1954 vel
1296 1928 1431 1967 magna
1464 1922 1519 1955 te-

186 1981 368 2026 nuerunt,
401 1981 440 2013 et
465 1975 512 2013 de
539 1975 609 2013 alia
641 1987 886 2025 quacumque
919 1974 1080 2012 aliarum
1112 1976 1286 2025 gentium
1318 1975 1521 2026 intellegar

186 2033 328 2071 dixisse
370 2039 485 2084 atque
525 2035 705 2072 sensisse.
769 2033 1010 2071 Generaliter
1043 2034 1185 2083 quippe
1219 2034 1351 2072 civitas
1383 2035 1519 2084 impio-

185 2103 285 2143 rum,
317 2093 380 2130 cui
412 2104 490 2130 non
515 2094 680 2143 imperat
706 2091 808 2131 Deus
841 2091 1062 2130 oboedienti
1095 2091 1180 2138 sibi,
1212 2097 1255 2130 ut
1286 2092 1520 2131 sacrificium

282 2233 322 2263 10
348 2229 623 2265 rationabilium
648 2228 700 2263 Ιι)ι
