1611 2465
79 893 119 922 10

80 1186 119 1215 15

79 1479 121 1508 20

149 115 233 156 592
681 124 708 150 s.
728 123 947 150 AUGtsrrm

146 220 280 265 posset
319 214 422 253 unde
462 213 623 252 adderet
661 213 764 264 quod
803 212 1024 252 addendum
1061 224 1148 252 esse
1187 214 1311 252 mirus
1350 214 1489 252 artifex

149 270 310 312 nosset?

680 396 834 440 CAPUT
865 397 959 440 XV.

186 497 249 535 An
281 496 338 534 ad
367 496 559 534 dominici
589 497 772 544 corporis
803 497 961 534 modum
992 496 1165 534 omnium
1195 499 1442 534 mortuorum

507 559 797 592 resurrectura
828 556 907 592 sint
939 565 1124 603 corpora.

265 647 341 686 Sed
374 648 511 698 utique
545 647 724 686 Christus
755 648 795 685 in
829 659 873 685 ea
905 659 1089 686 mensura
1122 648 1310 699 eorporis,
1341 648 1382 685 in
1415 658 1491 698 qua

147 713 325 745 mortuus
359 711 428 758 est,
461 707 690 754 resurrexit,
723 718 795 744 nec
829 705 884 744 fas
918 712 977 744 est
1009 705 1159 759 dicere,
1192 718 1281 744 cum
1313 717 1489 744 resurre-

147 767 287 804 ctionis
325 766 499 803 omnium
537 770 692 815 tempus
732 765 900 817 venerit,
938 776 1186 803 accessuram
1218 765 1375 815 corpori
1406 765 1491 803 eius

147 837 230 863 eam
256 823 576 875 magnitudinem,
610 835 725 874 quam
752 835 830 861 non
862 822 1008 875 habuit,
1042 823 1195 873 quando
1228 824 1268 861 in
1301 835 1345 860 ea
1377 822 1491 861 disci-

145 883 258 935 pulis,
290 884 329 920 in
358 894 434 933 qua
459 881 534 920 illis
562 888 645 920 erat
677 887 806 933 notus,
838 883 1028 934 apparuit,
1061 886 1105 920 ut
1137 881 1374 932 longissimis
1405 882 1491 919 fieri

146 943 268 993 possit
295 940 477 992 aequalis.
542 940 582 978 Si
609 946 739 979 autem
771 940 985 978 dixerimus
1018 940 1065 979 ad
1097 940 1282 978 dominici
1315 941 1492 991 corporis

146 1001 305 1039 modum
339 1001 454 1037 etiam
488 1011 735 1049 quorumque
769 1000 914 1037 maiora
948 1010 1113 1050 corpora
1144 998 1372 1050 redigenda,
1403 1010 1490 1050 per·

145 1059 217 1097 ibit
261 1059 307 1096 de
354 1057 566 1096 multorum
609 1056 840 1108 corporibus
885 1057 1116 1108 plurimum,
1162 1069 1251 1096 cum
1294 1058 1378 1108 ipse
1420 1069 1493 1095 nec

147 1117 329 1168 capillum
355 1118 578 1167 periturum
605 1128 690 1154 esse
717 1117 954 1166 promiserit.
1011 1115 1148 1154 Restat
1174 1128 1279 1167 ergo,
1312 1121 1356 1154 ut
1382 1127 1492 1154 suam

146 1177 309 1226 recipiat
336 1177 503 1225 quisque
529 1186 765 1226 mensuram,
799 1186 915 1224 quam
946 1174 1006 1212 vel
1036 1174 1172 1213 habuit
1203 1176 1243 1212 in
1275 1176 1491 1226 iuventute,

147 1236 298 1273 etiamsi
343 1245 462 1271 senex
502 1239 560 1271 est
598 1238 795 1284 mortuus,
840 1233 900 1271 vel
938 1233 1063 1271 fuerat
1097 1232 1322 1284 habiturus,
1363 1234 1396 1271 si
1429 1238 1490 1270 est

147 1299 233 1332 ante
262 1292 483 1343 defunctus,
517 1296 632 1342 atque
659 1291 766 1343 illud,
800 1291 903 1342 quod
939 1292 1257 1330 commemoravit
1290 1290 1490 1342 apostolus

147 1352 192 1390 de
226 1362 410 1389 mensura
443 1351 579 1388 aetatis
611 1349 866 1400 plenitudinis
900 1349 1062 1402 Christi,
1096 1355 1163 1388 aut
1193 1355 1355 1401 propter
1388 1349 1491 1388 aliud

147 1410 417 1460 intellegamus
450 1408 599 1447 dictum
631 1420 734 1460 esse,
767 1408 806 1446 id
840 1414 920 1460 est,
952 1414 995 1447 ut
1026 1408 1081 1447 illi
1114 1410 1231 1459 capiti
1262 1410 1303 1446 in
1335 1407 1489 1459 populis

149 1468 378 1507 Christianis
430 1467 639 1506 accedente
698 1468 872 1505 omnium
924 1468 1167 1518 perfectione
1219 1465 1490 1505 membrorum

147 1528 283 1566 aetatis
316 1528 400 1565 eius
433 1538 617 1564 mensura
650 1525 909 1578 compleatur,
943 1531 1008 1564 aut
1018 1557 1028 1578 ‚
1061 1527 1094 1564 si
1125 1525 1199 1564 hoc
1231 1525 1278 1564 de
1311 1537 1488 1564 resurre-

147 1587 275 1625 ctione
318 1596 529 1636 corporum
569 1584 716 1622 dictum
755 1589 834 1635 est,
876 1585 931 1623 sic
974 1586 1210 1636 accipiamus
1242 1584 1408 1636 dictum,
1447 1589 1491 1623 ut

147 1657 219 1683 nec
251 1644 352 1682 infra
390 1655 462 1681 nec
495 1642 596 1682 ultra
638 1642 856 1681 iuvenalem
888 1643 1052 1681 sormam
1085 1647 1293 1694 resurgant
1327 1654 1493 1694 corpora

147 1709 405 1753 mortuorum,
437 1701 505 1740 sed
531 1702 572 1739 in
605 1702 688 1739 eius
721 1706 845 1739 aetate
879 1707 917 1740 et
948 1701 1103 1753 robore,
1134 1713 1260 1752 usque
1293 1700 1340 1740 ad
1373 1713 1491 1752 quam

78 1772 88 1785 ⁶
148 1762 346 1800 Christum
373 1761 435 1798 hic
462 1761 688 1811 pervenisse
715 1761 967 1810 cognovimus
994 1756 1118 1813 (circa
1151 1761 1310 1810 triginta
1347 1761 1491 1811 quippe

149 1832 269 1858 annos
320 1819 557 1857 definierunt
608 1830 693 1857 esse
744 1820 861 1857 etiam
911 1819 1057 1857 saeculi
1106 1818 1222 1857 huius
1275 1817 1492 1857 doctissimi

149 1878 326 1917 homines
359 1879 620 1928 iuventutem,
661 1889 758 1927 quae
792 1889 881 1915 cum
913 1877 1032 1916 fuerit
1064 1879 1187 1928 spatio
1219 1878 1380 1928 proprio
1413 1882 1490 1915 ter-

150 1939 310 1988 minata,
348 1935 438 1974 inde
471 1937 546 1974 iam
578 1935 776 1973 hominem
808 1937 848 1974 in
881 1936 1115 1974 detrimenta
1148 1947 1308 1986 vergere
1342 1936 1489 1986 gravio-

149 1997 203 2034 ris
242 2008 283 2034 ac
323 1994 456 2033 senilis
495 1989 671 2046 aetatis);
710 1999 749 2032 et
780 1994 868 2032 ideo
901 2006 978 2033 non
1011 2006 1096 2033 esse
1130 1994 1278 2032 dictum
1310 1995 1350 2032 in
1383 2005 1489 2032 men·

245 2111 300 2151 18)
327 2107 418 2152 Eph.
447 2111 477 2148 4,
506 2111 560 2142 13.

245 2253 286 2282 10
314 2249 417 2282 fieret
442 2259 520 2292 aeq.
547 2247 583 2282 R
602 2249 613 2292 Η
633 2251 676 2282 23
702 2247 910 2282 iuuenalem
934 2257 1023 2288 mss‚·
1048 2246 1246 2281 iuvenilem
1271 2257 1291 2282 v
1311 2248 1323 2291 ΙΙ
1342 2250 1386 2281 24
1417 2257 1490 2281 ma·

150 2297 211 2331 lim
237 2295 370 2330 aetatis
395 2295 524 2329 robore
