1548 2562
424 141 477 166 DE
498 141 687 167 CIVITATE
706 142 775 166 DEI
795 142 827 167 L.
848 142 944 167 XVII.
964 141 993 167 C.
1014 142 1055 167 12.
1327 131 1411 172 233

79 236 220 278 mento,
252 231 436 281 Domine,
469 231 543 267 nisi
576 234 619 268 ut
649 231 870 268 miserearis
903 235 942 268 et
972 242 1042 280 pro
1074 229 1235 268 tolerata
1266 231 1412 280 patien-

80 295 141 327 ter
190 288 405 327 humilitate
455 299 539 325 mea
591 287 731 325 reddas
781 288 1069 340 celsitudinem,
1119 300 1233 338 quam
1277 289 1414 326 iurasti

80 346 198 385 David
230 348 269 384 in
296 347 456 384 veritate
484 343 578 383 tua?
629 345 669 383 Si
702 350 830 383 antem
856 342 1008 384 Indaeis
1040 346 1287 396 adsignemus
1318 346 1413 384 haec

79 404 207 455 verba,
239 404 293 443 illi
326 405 427 442 servi
458 403 528 441 Dei
560 403 648 441 talia
681 404 810 442 dicere
843 410 1067 456 potuerunt,
1099 406 1165 454 qni
1198 410 1414 454 expugnata

80 468 236 501 terrena
277 461 538 513 Hierusalem,
577 467 781 512 antequam
824 462 933 500 Iesus
971 462 1149 501 Christus
1188 462 1413 501 humanitus

79 526 326 572 nasceretur,
363 522 401 558 in
445 521 705 570 captivitatem
737 520 843 558 ducti
875 526 977 572 sunt,
1009 521 1278 571 intellegentes
1310 533 1412 559 com-

81 580 335 617 mutationem
379 577 542 630 Christi,
587 579 675 628 quia
717 578 865 616 scillcet
906 591 982 617 non
1022 591 1093 629 per
1131 591 1220 617 eum
1258 585 1414 618 terrena

81 637 324 687 carnalisque
365 636 545 687 felicitas,
584 636 707 686 qualis
744 638 878 686 paucis
920 639 1029 675 annis
1061 639 1164 687 regis
1198 637 1414 676 Salomonis

80 697 271 746 apparuit,
304 695 371 733 sed
398 694 574 733 caelestis
601 707 644 733 ac
671 695 855 745 spiritalis
883 700 986 733 esset
1012 695 1176 734 fideliter
1209 701 1412 746 expectan-

79 753 143 805 da3
194 765 309 804 quam
352 758 446 791 tunc
500 754 682 803 ignorans
726 753 930 791 infidelitas
974 755 1167 803 gentium,
1212 766 1300 792 cum
1344 754 1413 792 Dei

78 811 266 862 populum
305 811 500 849 exultabat
541 816 655 861 atque
696 811 905 849 insultabat
946 824 1030 849 esse
1065 813 1279 863 captivum,
1321 812 1413 862 quid

80 870 183 908 aliud
211 882 325 920 quam
346 869 490 907 Christi
511 871 866 921 commutationem,
893 869 960 907 sed
988 869 1202 908 scientibus
1223 872 1414 922 1163016113,

80 926 368 978 exprobrabat?
417 927 465 965 Et
506 927 593 965 ideo
635 927 737 978 quod
780 929 979 979 sequitur,
1023 927 1087 965 ubi
1128 928 1299 978 psalmus
1340 930 1413 966 iste

80 986 344 1025 concluditur:
389 987 619 1025 Benedictio
652 987 813 1024 Dmm'm'
850 988 887 1024 2'71
932 991 1157 1024 aeternum:
1197 989 1291 1034 fiat,
1328 990 1413 1037 fiat,

79 1046 262 1083 universo
303 1044 446 1095 populo
487 1043 554 1081 Dei
593 1044 638 1081 ad
679 1044 884 1082 caelestem
916 1043 1159 1081 Hierusalem
1200 1045 1414 1094 pertinenti

81 1104 160 1141 sive
193 1104 233 1140 in
266 1102 358 1153 illis,
391 1104 457 1152 qui
489 1102 658 1140 latebant
689 1104 727 1140 in
761 1107 994 1140 testamento
1028 1108 1176 1153 vetere,
1208 1108 1414 1153 antequam

80 1160 320 1199 revelaretur
352 1173 512 1212 novum,
555 1162 633 1198 sive
666 1162 705 1198 in
737 1160 815 1207 his,
849 1162 914 1210 qui
945 1162 1020 1198 iam
1052 1165 1283 1199 testamento
1317 1174 1414 1199 novo

79 1219 248 1256 revelato
281 1219 483 1256 manifeste
515 1220 712 1269 pertinere
745 1224 961 1257 cernuntur
994 1219 1039 1257 ad
1073 1218 1293 1270 Christum,
1323 1222 1415 1257 satis

81 1278 273 1327 congruit.
322 1276 549 1315 Benedictio
582 1278 724 1327 quippe
752 1276 904 1314 Domini
935 1279 974 1314 in
1007 1278 1154 1314 semine
1188 1277 1303 1316 David
1337 1290 1414 1316 non

81 1335 127 1373 ad
159 1335 313 1385 aliquod
347 1340 519 1386 tempus,
551 1335 675 1385 qualis
707 1335 844 1373 diebus
878 1334 1094 1372 Salomonis
1126 1338 1314 1387 apparuit,
1347 1336 1413 1373 sed

80 1395 119 1431 in
153 1399 356 1431 aeternum
388 1393 577 1443 speranda
610 1399 685 1445 est,
727 1395 766 1431 111
800 1405 874 1443 (1113
907 1395 1123 1431 certissima
1155 1406 1221 1444 spe
1255 1394 1414 1432 dicitur:

80 1453 193 1499 Fiat,
230 1454 317 1498 fiat.
379 1451 485 1490 Illius
523 1453 626 1490 enim
665 1453 747 1502 spei
785 1457 844 1489 est
885 1452 1126 1489 confirmatio
1160 1451 1267 1490 verbi
1298 1452 1415 1491 huius

81 1511 246 1548 iteratio.
308 1508 389 1547 Hoc
417 1522 508 1560 ergo
535 1510 764 1560 intellegens
791 1509 907 1547 David
936 1511 987 1547 ait
1012 1511 1051 1547 in
1079 1510 1250 1547 secundo
1277 1522 1414 1561 regno-

80 1580 167 1606 rum
208 1567 326 1619 libro,
367 1568 470 1606 unde
509 1568 554 1606 ad
594 1570 710 1606 istum
749 1568 939 1618 psalmum
978 1567 1142 1617 digressi
1175 1580 1326 1606 sumus:
1365 1569 1417 1606 Et

81 1629 236 1665 locutus
262 1638 302 1664 es
323 1638 400 1674 pro
428 1628 540 1665 domo
565 1629 673 1664 serve·
697 1629 756 1664 11ιὶ
786 1629 826 1664 in
853 1628 1119 1673 lonqinquum.
1169 1625 1259 1663 Ideo
1287 1631 1415 1665 autem

81 1690 171 1734 post
201 1684 401 1734 paululum
434 1686 502 1723 ait:
548 1686 663 1722 Nunc
696 1687 826 1732 incipe
859 1689 895 1722 et
927 1685 1092 1722 benedic
1125 1686 1279 1722 domum
1310 1688 1418 1723 servi

82 1745 141 1780 teci
171 1754 294 1790 usque
327 1744 366 1780 in
394 1748 600 1781 aeternum
627 1748 666 1780 et
691 1748 831 1794 cetera,
865 1743 952 1792 quia
979 1747 1071 1779 tunc
1098 1743 1301 1792 geniturus
1334 1748 1417 1782 erat

81 1800 213 1851 filium,
246 1812 292 1837 ex
326 1812 402 1850 quo
434 1802 640 1851 progenies
673 1802 756 1839 eius
789 1800 999 1838 duceretur
1032 1801 1077 1838 ad
1105 1800 1314 1852 Christum,
1346 1813 1416 1851 per

82 1869 198 1908 quem
239 1858 369 1896 sutura
412 1864 494 1897 erat
535 1859 672 1897 domus
711 1860 795 1897 eius
833 1863 989 1896 aeterna
1027 1858 1239 1908 eademque
1278 1859 1415 1897 domus

83 1915 163 1954 Dei.
232 1915 377 1954 Domus
418 1918 522 1955 enim
564 1916 681 1954 David
725 1922 886 1967 propter
933 1929 1056 1967 genus
1098 1916 1233 1968 David,
1277 1916 1415 1955 domus

82 1978 214 2012 autem
240 1973 309 2012 Dei
335 1974 469 2013 eadem
494 1977 575 2026 ipsa
608 1980 768 2026 propter
800 1975 986 2025 templum
1014 1974 1082 2012 Dei
1115 1974 1161 2012 de
1193 1974 1415 2014 hominibus

83 2032 239 2084 sactum,
271 2045 348 2070 non
375 2033 422 2071 de
448 2033 651 2084 lapidibus,
683 2033 750 2072 ubi
776 2032 923 2071 habitet
948 2034 987 2070 in
1015 2038 1217 2071 aeternum
1247 2034 1415 2084 populus

83 2102 172 2128 cnm
204 2089 283 2128 Deo
322 2096 360 2128 et
397 2093 436 2129 in
470 2091 547 2129 Deo
590 2104 682 2143 suo,
721 2097 760 2129 et
792 2091 894 2129 Deus
933 2103 1022 2129 cum
1053 2091 1196 2141 populo
1229 2097 1343 2142 atque
1376 2093 1415 2129 in

83 2148 228 2198 populo
266 2160 354 2199 suo3
396 2151 447 2187 ita
488 2155 530 2187 ut
568 2150 671 2188 Deus
713 2151 761 2188 sit
793 2149 957 2199 implens
989 2149 1176 2199 populum
1209 2161 1339 2201 suum,
1378 2155 1416 2188 et

1441 762 1483 792 10

1442 1054 1483 1084 15

1442 1636 1486 1667 25

1442 1928 1485 1958 30

82 2206 250 2256 populus
291 2206 429 2257 plenus
462 2207 539 2245 Deo
573 2220 661 2259 3110,
700 2220 788 2246 (111111
820 2207 924 2245 Deus
957 2209 1031 2245 erit
1062 2208 1190 2245 omnia
1221 2209 1261 2246 in
1294 2209 1413 2246 omni-
1441 2216 1484 2246 35

178 2298 233 2333 14)
260 2294 318 2329 Ps.
347 2299 402 2338 88,
430 2299 474 2330 50
500 2307 577 2339 sqq.
627 2298 686 2340 27)
712 2300 743 2331 2.
772 2296 867 2330 Sam.
896 2300 927 2339 7,
955 2299 1014 2338 193
1042 2299 1096 2331 29.
