1611 2465
113 444 132 472 5
159 439 287 471 vestra
320 436 357 469 et
388 432 429 469 in
461 430 601 469 melius
634 430 755 480 gratia
788 440 884 480 mea,
916 440 987 479 ego
1020 439 1100 467 non
1130 433 1271 467 mutor.

92 735 134 765 10

94 1426 136 1455 *ΞΟ

95 1740 137 1771 25

158 100 244 141 476
699 106 724 131 s.
745 105 964 132 Auens'rm

160 205 197 238 et
228 210 297 238 ero
331 200 439 237 testis
466 199 580 236 velox
604 208 727 244 super
758 197 960 242 maleficos
992 199 1030 233 et
1059 206 1181 244 super
1212 196 1427 243 adulteros,
1459 199 1499 234 et

160 263 307 309 cetera,
349 255 491 306 quibus
530 253 814 293 damnabilibus
853 254 1090 291 enumeratis
1132 252 1361 292 criminibus
1394 253 1497 292 addi-

159 316 232 355 dit:
278 316 472 362 Quoniam
510 324 582 362 eqo
614 313 805 351 Dominus
837 312 944 350 Deus
983 316 1129 360 vester,
1167 316 1207 351 et
1236 323 1314 351 non
1345 317 1499 358 mutam

158 381 355 424 tamquam
381 372 547 410 diceret:
577 370 701 424 „Cum
727 382 794 409 vos
820 370 1028 408 mutaverit
1054 374 1093 408 et
1118 370 1159 408 in
1185 369 1359 409 deterius
1386 370 1499 421 culpa

1275 425 1296 445 ‘⁴
1340 428 1500 467 Testem

159 503 251 529 vero
294 501 335 528 se
374 489 469 528 dicit
507 489 703 540 futurum,
741 488 831 538 quia
868 488 907 525 in
946 486 1089 525 iudicio
1128 498 1199 525 suo
1241 498 1319 525 non
1351 488 1500 538 indiget

160 548 338 601 testibus,
370 559 539 598 eumque
572 546 756 597 velocem,
788 547 866 584 sive
900 547 990 596 quia
1021 551 1182 596 repente
1214 551 1404 584 venturus
1437 550 1496 584 est

160 609 312 658 eritque
344 606 533 645 iudicium
573 607 658 657 ipso
690 606 889 656 inopinato
922 605 1007 642 eius
1040 603 1207 642 adventu
1239 603 1500 656 celerrimum,

160 665 263 717 quod
307 665 574 704 tardissimum
617 663 842 715 videbatur,
886 663 966 701 sive
1015 663 1104 712 quia
1147 663 1251 713 ipsas
1296 664 1502 701 convincet

162 726 244 763 sine
278 723 355 763 ulla
387 724 580 762 sermonis
617 722 837 774 prolixitate
877 721 1149 760 conscientias.
1212 721 1260 760 In
1293 723 1499 770 coqz‘tcato-

160 784 276 822 nibus
309 785 431 830 enim,
474 783 576 820 sicut
617 782 806 831 scriptum
839 785 916 832 est,
954 781 1068 829 impii
1104 781 1369 828 interroqatt'o
1401 782 1501 825 erit;

162 847 200 880 et
226 841 443 892 apostolus:
475 840 800 889 Coqz'tatz'onz'bus,
827 839 966 889 inquit,
994 839 1280 877 accusantibus
1301 840 1500 878 ueletiam

161 901 450 940 excusantibus
487 901 528 938 in
568 900 649 950 dle,
688 910 768 946 qua
807 898 1005 936 iudicabit
1035 897 1144 935 Deus
1184 899 1341 935 occulta
1379 898 1500 936 homi-

161 970 271 1007 num,
309 959 529 998 secundum
567 959 817 1005 evanyelt'um
855 967 982 1001 meum
1013 967 1092 1005 per
1124 955 1254 994 Iesum
1291 956 1500 994 Chre‘stum.

162 1016 289 1055 Etiam
328 1018 384 1055 sic
423 1028 515 1067 ergo
549 1015 737 1054 Dominus
776 1015 933 1053 futurus
972 1014 1084 1052 testis
1125 1013 1409 1064 intellegendus
1442 1019 1502 1053 est

162 1075 284 1127 velox,
317 1087 406 1114 cum
434 1076 517 1113 sine
543 1086 651 1113 mora
677 1079 932 1112 revocaturus
965 1077 1025 1110 est
1055 1073 1095 1110 in
1127 1073 1366 1124 memoriam,
1399 1072 1501 1111 unde

163 1135 367 1172 convincat
398 1134 613 1184 puniatque
647 1132 936 1170 conscientiam.

648 1268 805 1310 CAPUT
831 1267 1007 1309 XXVII.

164 1358 224 1396 De
249 1358 507 1405 separatione
533 1356 727 1393 bonorum
753 1359 790 1392 et
815 1355 1022 1400 malorum,
1050 1365 1128 1402 per
1151 1364 1272 1401 quam
1303 1356 1506 1392 novissimi

512 1415 656 1451 iudicii
686 1413 875 1451 discretio
908 1413 1155 1449 declaratur.

281 1495 379 1534 Illud
406 1496 535 1546 etiam,
568 1494 670 1544 quod
699 1493 801 1532 aliud
828 1505 946 1543 agens
978 1494 1017 1530 in
1051 1498 1186 1531 octavo
1219 1492 1369 1532 decimo
1402 1493 1502 1532 libro

164 1568 209 1594 ex
242 1557 317 1594 isto
349 1553 541 1605 propheta
572 1554 705 1608 posui,
737 1551 783 1590 ad
815 1551 1003 1590 iudicium
1035 1552 1288 1590 novissimum
1320 1553 1503 1604 pertinet,

165 1614 230 1652 ubi
263 1615 331 1652 ait:
376 1613 508 1651 Erunt
546 1612 661 1662 milti,
705 1612 803 1649 dicit
840 1611 1032 1648 Dominus
1064 1612 1323 1659 omnipotens,
1365 1613 1406 1649 in
1439 1612 1504 1649 die

164 1685 243 1721 qua
276 1683 348 1720 eqo
375 1670 488 1720 facio
522 1672 563 1709 in
595 1671 918 1718 aclqut'site'onem,
959 1673 998 1707 et
1028 1670 1172 1716 eliaam
1204 1680 1269 1707 eos
1299 1670 1405 1708 sicut
1435 1671 1501 1708 elz·-

162 1733 223 1779 92't
247 1732 360 1770 homo
383 1731 512 1776 filium
538 1740 652 1767 suum
678 1729 748 1776 qui
771 1729 894 1766 serva
919 1728 977 1772 et’;
1012 1731 1051 1765 et
1081 1732 1296 1765 convertar
1328 1732 1367 1766 et
1396 1729 1501 1766 vide-

166 1791 256 1828 bitis
281 1789 381 1837 quid
404 1789 455 1826 sit
481 1789 585 1826 ‘Inter
612 1789 757 1825 iustum
783 1790 822 1824 et
846 1787 1037 1836 iniquum,
1069 1790 1108 1825 et
1132 1787 1237 1824 inter
1267 1787 1503 1825 seruientem

166 1848 247 1886 Deo
269 1852 306 1886 et
326 1857 414 1885 eum
440 1847 511 1893 qut
533 1844 613 1884 n'on
638 1846 771 1883 servit.
840 1845 943 1890 Quia
976 1855 1070 1882 ecce
1101 1844 1185 1882 dies
1217 1845 1322 1882 venit
1354 1845 1502 1882 ardens

164 1909 269 1945 st'cut
306 1905 489 1944 clibanus
526 1908 564 1942 et
600 1903 807 1941 comburet
842 1914 924 1949 eos,
970 1906 1008 1941 et
1045 1906 1165 1941 erunt
1201 1913 1332 1940 omnes
1364 1904 1502 1942 alieni-

261 2008 317 2049 11)
345 2005 427 2049 Sap.
458 2009 488 2047 1,
515 2008 546 2038 9.
600 2005 656 2046 14)
682 2004 786 2038 Rom.
813 2007 845 2045 2,
875 2007 915 2036 15
943 2014 994 2045 sq.
1045 2004 1102 2044 21)
1130 2002 1166 2037 C.
1194 2006 1248 2036 35.

263 2138 304 2168 13
331 2134 370 2167 in
396 2133 492 2167 diem
518 2131 645 2166 iudicii
671 2131 815 2175 quando
835 2131 870 2165 A
889 2132 901 2174 ΙΙ
921 2135 963 2165 23
991 2130 1029 2165 in
1055 2130 1113 2165 die
1140 2141 1211 2174 qua
1237 2130 1330 2164 RAv
1356 2133 1397 2165 ut
1416 2130 1504 2165 Hie-

167 2192 243 2216 ron.
272 2182 310 2214 in
338 2181 431 2215 Mal.
464 2179 642 2221 (Sabat.);
673 2179 717 2221 cf.
751 2182 837 2219 310,
873 2181 919 2212 16
956 2179 968 2222 ΙΙ
1005 2181 1047 2211 25
1076 2179 1269 2212 conucrtar
1293 2176 1366 2211 ΒΑ
1393 2177 1503 2212 Parr.

168 2229 279 2308 ρῖενι]ὲ
304 2231 341 2279 ut
366 2226 537 2307 lisgeronq
572 2224 836 2260 conuertemini
869 2235 911 2268 ,συ
949 2225 960 2268 Η
998 2228 1040 2258 27
1068 2223 1182 2258 seruit
1206 2223 1242 2258 R
1266 2234 1330 2259 sec.
1358 2223 1503 2266 Graec.;

168 2286 262 2309 serui
306 2284 339 2308 ei
365 2299 379 2306 „
