1548 2562
400 138 450 163 DE
469 137 657 164 cxvrrATE
677 138 746 163 DEI
766 138 800 163 L.
821 138 917 163 xvn.
938 137 966 163 c.
987 139 1028 163 11.
1049 138 1092 162 12.
1318 128 1400 170 231

74 239 114 264 se
147 239 166 264 a
199 226 394 275 contrario
427 227 624 264 civitatum
658 238 735 264 non
766 227 903 276 utique
937 237 1031 263 vane
1063 227 1103 263 in
1136 226 1255 264 totius
1287 227 1402 264 ratio-

73 284 168 322 nalis
207 290 407 322 creaturae
446 283 707 334 pulcherrima
751 290 866 334 atque
907 285 1119 323 iustissima
1160 284 1402 322 ordinatione

73 344 286 381 constituit.
348 341 493 380 Deinde
526 343 722 392 sequitur:
767 344 860 388 Quis
892 346 950 382 est
979 343 1102 389 homo,
1135 344 1205 390 qui
1234 344 1337 380 vivet
1367 347 1405 381 et

72 412 149 439 non
175 402 321 439 videbit
345 406 520 447 mortem,
553 405 667 438 eruet
697 403 870 438 animam
901 412 1013 439 suam
1046 402 1094 439 cle
1125 412 1245 439 manu
1278 399 1401 447 infer-

72 460 140 496 ni?
191 458 285 504 Quis
324 464 383 496 est
420 459 512 509 iste,
550 459 625 496 nisi
663 457 876 496 substantia
915 458 978 496 illa
1015 458 1134 497 Israel
1175 470 1222 496 ex
1254 460 1401 497 semine
1429 467 1448 497 5

72 515 201 568 David,
222 515 399 555 Christus
418 513 556 554 Iesus?
600 515 652 554 De
674 528 749 566 quo
770 517 862 555 dicit
883 517 1092 568 apostolus,
1114 517 1216 567 quod
1235 529 1403 565 surgyens

71 587 97 613 a
128 577 293 613 mortuis
324 577 402 613 iam
434 586 509 613 non
543 577 732 622 moritur,
773 586 878 613 mors
910 577 948 613 ei
977 578 1085 613 ultra
1117 587 1193 614 72072
1227 577 1402 613 domina-

71 634 189 671 bitur.
252 632 316 671 Sic
354 634 457 671 enim
489 634 590 670 vivet
621 638 660 671 et
690 645 768 671 non
800 632 945 671 videbit
976 641 1159 685 mortem,
1200 639 1244 671 ut
1275 639 1403 671 tamen

72 696 249 729 mortuus
290 691 428 743 suerit,
468 690 536 729 sed
578 692 742 729 animam
780 703 887 729 suam
927 693 1075 730 eruerit
1112 691 1158 729 de
1198 703 1314 730 manu
1346 693 1402 730 in-

71 749 184 800 ferni,
216 761 292 799 quo
324 754 485 800 propter
511 749 755 799 quorundam
786 749 967 787 solvenda
999 750 1151 787 inferna
1184 750 1307 788 vincla
1338 750 1402 788 de·
1433 759 1474 789 10

74 807 293 859 scenderat3
332 809 480 845 eruerit
518 813 646 846 autem
684 813 874 858 potestate
916 807 996 859 illa,
1034 808 1081 846 de
1115 820 1189 858 qua
1220 809 1259 846 in
1293 820 1403 846 evan-

72 865 172 915 gelio
212 865 322 904 dicit:
367 867 602 904 Potestalem
640 867 765 905 liabeo
796 868 975 915 ponendi
1006 868 1179 905 animam
1210 877 1336 905 meam
1368 871 1407 906 et

71 928 305 972 potestatem
336 925 462 963 liabeo
495 926 635 962 iterum
667 926 849 962 sumendi
880 936 976 963 eam.

598 1070 753 1113 CAPUT
786 1071 878 1113 XII.

73 1156 138 1194 Ad
160 1167 327 1204 quorum
355 1168 567 1205 personam
595 1159 801 1205 pertinere
833 1158 1097 1204 inlelleyenda
1128 1159 1179 1195 sit
1205 1159 1405 1205 fla-(litatio
1434 1167 1474 1197 15

116 1217 412 1263 promissorum,
445 1216 494 1253 de
524 1216 665 1263 quibus
698 1216 736 1253 in
767 1217 918 1263 psalmo
951 1217 1119 1253 dieitur:
1159 1216 1233 1254 Ubi
1261 1221 1353 1254 sunt

188 1275 461 1312 miserationes
494 1278 597 1319 lucie,
631 1273 806 1319 Domine,
839 1275 1030 1320 antiquae
1062 1278 1098 1311 et
1130 1278 1279 1312 cetera.

191 1353 266 1392 Sed
304 1359 434 1393 cetera
472 1354 608 1405 psalmi
646 1354 780 1405 huim,
824 1366 921 1404 quae
961 1356 1013 1392 ita
1051 1366 1091 1392 se
1130 1354 1293 1393 habent:
1333 1355 1408 1393 Ubi·

70 1417 162 1450 smil
204 1415 476 1451 miserationes
516 1418 609 1451 tuae
649 1414 855 1460 antiquae,
901 1413 1082 1459 Domine,
1121 1424 1221 1460 quas
1261 1415 1408 1451 iurasti

73 1472 206 1508 David
231 1473 270 1508 in
296 1473 464 1509 veritate
489 1473 586 1509 tua?
638 1471 844 1518 Memento,
877 1471 1053 1518 Domine,
1085 1472 1293 1520 opprobrii
1321 1483 1404 1510 ser·
1433 1480 1475 1511 20

72 1540 209 1566 vorum
253 1533 429 1575 tuorum,
473 1531 581 1576 quod
624 1531 804 1567 continui
846 1531 885 1566 in
934 1531 1023 1567 simi
1064 1540 1148 1567 meo
1191 1532 1405 1567 mullorum

69 1589 268 1634 yemiwm
300 1589 407 1634 quod
430 1588 779 1635 exprobraverunt
805 1589 958 1625 inimici
981 1589 1049 1633 tui,
1083 1588 1269 1632 Domine;
1301 1589 1409 1634 quod

72 1646 437 1693 exprobraverunt,
482 1647 821 1683 commutationem
870 1646 1019 1683 Christi
1060 1647 1137 1692 tui,
1181 1650 1315 1683 utrum
1359 1657 1405 1683 ex

73 1714 238 1752 persona
276 1702 377 1740 dieta
415 1704 493 1741 sint
530 1702 683 1740 illorum
715 1702 996 1752 Israelitarum,
1036 1704 1101 1753 qui
1134 1702 1406 1741 desiderabant

73 1759 184 1798 reddi
228 1759 300 1798 sihi
345 1762 660 1810 promissionem,
705 1772 802 1810 quae
848 1761 945 1798 sacta
990 1766 1049 1799 est
1092 1761 1138 1799 ad
1176 1760 1313 1813 David,
1357 1773 1405 1799 an
1432 1771 1475 1801 25

72 1819 201 1868 potius
246 1817 574 1869 Christianorum,
626 1820 692 1868 qui
736 1831 812 1856 non
857 1818 1072 1856 seeundum
1117 1831 1293 1870 carnem,
1337 1818 1405 1857 sed

73 1875 288 1914 secundum
328 1878 507 1927 spiritum
545 1882 637 1914 sunt
668 1876 882 1928 israelitae,
924 1878 1062 1915 merito
1096 1878 1231 1927 quaeri
1263 1882 1404 1927 potest.

73 1933 181 1972 Dicta
225 1940 315 1972 sunt
359 1936 501 1985 quippe
551 1936 623 1973 ista
674 1934 732 1972 vel
774 1935 918 1985 scripta
962 1940 1160 1985 tempore,
1211 1947 1287 1984 quo
1332 1936 1405 1973 fuit

73 1991 231 2044 Aetium,
263 1992 309 2030 de
342 1994 453 2031 cuius
485 1994 639 2030 nomine
672 1993 827 2030 titulum
860 1994 932 2031 iste
964 1993 1135 2043 psalmus
1168 1994 1334 2044 accepit3
1366 1998 1405 2032 et

166 2105 200 2146 5)
226 2103 270 2137 V.
296 2107 350 2138 49.
400 2106 436 2148 8)
461 2104 565 2139 Rom.
593 2109 624 2149 6,
651 2109 682 2139 9.
735 2109 790 2149 13)
818 2106 865 2140 10.
895 2109 947 2148 10,
977 2108 1029 2139 18.

166 2248 186 2277 4
218 2247 250 2278 et
281 2247 300 2278 9
332 2243 466 2278 inferni
496 2243 609 2277 RAF
631 2246 732 2286 (245,
759 2248 815 2287 5)‚-
852 2244 959 2278 inferi
985 2255 1004 2278 v
1035 2246 1047 2288 ΙΙ
1080 2248 1098 2278 7
1124 2254 1221 2279 mors
1245 2244 1341 2285 RA‚·
1368 2246 1405 2279 et

71 2301 119 2324 m.
144 2300 164 2325 v
188 2292 200 2334 ΙΙ
227 2294 268 2325 10
294 2290 436 2325 inferna
460 2290 589 2332 RAF;
614 2290 747 2324 infemi
770 2302 790 2325 v
810 2292 821 2334 ss
841 2294 884 2325 29
911 2291 1035 2325 etham
1061 2290 1133 2325 RA
1157 2293 1265 2335 (226,
1289 2295 1357 2334 21)
