1548 2562
410 129 462 154 DE
483 129 670 155 01vrrATE
690 130 760 154 DEI
778 130 812 155 L.
833 130 913 154 XVI.
933 129 961 154 c.
981 131 1022 155 35.
1043 131 1084 155 37.
1326 120 1408 161 183

87 219 133 256 de
172 219 376 268 scripturis
414 219 557 256 sanctis
596 219 808 268 patrocinia
847 218 1139 269 requirentibus
1172 218 1324 256 videtur
1355 219 1407 256 fe-

87 279 184 315 cisse
223 275 398 327 libidine3
442 276 580 314 deinde
619 282 661 314 ut
700 278 813 314 etiam
852 276 925 314 hoc
963 278 1201 328 noverimus,
1246 288 1323 314 non
1363 289 1408 314 ex

87 334 197 373 bonis
236 334 397 384 singulis
434 336 538 372 inter
576 346 617 373 se
655 334 831 372 homines
871 342 1100 386 conparare,
1145 334 1211 373 sed
1253 336 1292 372 in
1331 347 1407 373 uno

86 404 239 443 quoque
284 392 575 431 consideremus
620 394 810 431 universa.
883 392 985 430 Fieri
1032 395 1134 431 enim
1176 398 1323 445 potest,
1366 398 1409 431 ut

85 450 221 489 habeat
259 450 400 501 aliquid
440 452 480 488 in
512 452 586 488 vita
620 456 658 489 et
688 450 862 489 moribus
896 453 1103 503 quispiam,
1142 464 1218 501 quo
1251 456 1409 502 superat

85 508 212 560 alium,
244 509 359 559 idque
393 510 443 547 sit
474 509 586 559 longe
618 508 900 560 praestabilius,
933 522 1047 559 quam
1079 515 1138 548 est
1169 509 1274 561 illud,
1307 509 1408 547 unde

85 567 130 605 ab
163 567 234 605 alio
268 572 485 618 superatur.
530 568 582 605 Ac
615 579 683 617 per
715 567 788 605 lloc
820 580 912 605 sano
939 580 1108 618 veroque
1134 568 1288 620 iudicio,
1320 580 1409 606 cum

84 627 320 664 continentia
354 627 533 675 coningio
565 626 824 677 praeferatur,
863 625 999 664 melior
1038 632 1097 664 est
1133 632 1263 664 tamen
1294 626 1408 664 homo

85 683 208 722 fidelis
248 685 477 734 coniugatus
515 696 630 733 quam
662 685 866 721 continens
897 684 1074 722 infidelis.
1137 684 1212 722 Sed
1244 684 1410 722 infidelis

84 741 198 780 homo
230 754 307 780 non
341 742 464 780 solum
496 744 624 780 minus
657 742 887 793 laudandus,
930 755 1066 780 verum
1098 744 1213 781 etiam
1245 745 1407 782 maxime

84 800 335 839 detestandus
380 806 450 839 est.
519 800 807 839 Constituamus
848 800 979 838 ambos
1018 801 1157 852 bonos,
1201 803 1316 839 etiam
1354 803 1409 840 sie

84 859 261 909 profecto
293 859 430 897 melior
463 865 522 897 est
553 861 781 909 coniugatus
813 858 1061 897 fidelissimus
1087 865 1126 897 et
1152 859 1410 898 oboedientis·

84 919 205 955 simus
226 917 305 955 Deo
338 929 452 968 quam
486 919 688 955 continens
721 918 882 955 minoris
915 917 1003 955 fidei
1037 919 1275 967 minorisque
1296 917 1409 956 oboe-

82 975 284 1014 dientiae.'
307 975 347 1013 Si
374 988 463 1013 vero
490 977 594 1025 paria
627 977 704 1013 sint
735 981 875 1027 cetera,
908 977 1173 1014 continentem
1205 978 1409 1026 coniugato

82 1034 282 1084 praeferre
316 1035 402 1085 quis
434 1031 628 1083 ambigat?

546 1158 699 1200 CAPUT
732 1159 947 1200 XXXVII.

203 1245 264 1282 De
295 1245 371 1290 leis,
404 1256 506 1291 quae
537 1246 578 1281 in
612 1244 719 1281 Esau
757 1248 796 1281 et
826 1244 946 1282 Iacob
979 1247 1143 1293 mystice
1168 1257 1288 1293 prae-

590 1303 888 1350 fifflcrabarelur.

199 1383 281 1421 Duo
314 1385 432 1434 igitur
462 1383 568 1421 Isaac
600 1383 666 1421 filii
692 1382 795 1421 Esau
828 1389 866 1421 et
892 1383 1003 1421 Iacob
1036 1385 1182 1434 pariter
1214 1391 1408 1423 crescunt.

82 1442 275 1480 Primatus
316 1443 472 1480 maioris
514 1442 800 1480 transsumlitur
838 1443 876 1479 in
915 1444 1104 1480 minorem
1143 1455 1189 1480 ex
1227 1449 1339 1493 pacto
1371 1448 1410 1482 et

82 1500 221 1550 placito
253 1502 356 1538 inter
387 1500 484 1551 illos,
516 1512 561 1538 eo
589 1500 691 1550 quod
718 1499 952 1551 lenticulam,
984 1513 1100 1550 quem
1128 1500 1257 1539 cibum
1284 1503 1411 1539 minor

82 1563 299 1610 paraverat,
344 1560 465 1596 maior
508 1559 788 1596 inmoderatius
833 1560 1070 1610 concupivit,
1115 1571 1239 1608 eoque
1283 1561 1410 1610 pretio

81 1618 338 1667 primogenita
371 1629 440 1654 sua
471 1617 581 1654 fratri
613 1618 804 1654 iuratione
838 1618 1067 1666 interposita
1099 1617 1281 1655 vendidit.
1338 1617 1411 1656 Ubi

80 1675 266 1713 discimus
303 1676 343 1712 in
381 1675 571 1712 vescendo
611 1687 687 1712 non
727 1674 803 1712 eibi
835 1687 995 1726 genere,
1040 1675 1106 1713 sed
1140 1675 1319 1714 aviditate
1351 1677 1407 1714 in-

81 1733 254 1771 modesta
275 1745 467 1783 quemque
489 1732 734 1783 culpandum.
769 1732 946 1771 Senescit
966 1733 1070 1771 Isaac
1097 1735 1258 1783 eiusque
1286 1734 1408 1772 oculis

82 1803 152 1842 per
184 1797 379 1829 senectam
412 1792 516 1829 visus
548 1791 735 1829 aufertur.
797 1790 885 1829 Vult
916 1791 1148 1830 benedicere
1180 1792 1301 1830 filium
1332 1805 1409 1831 ma-

80 1851 202 1888 iorem
234 1855 273 1887 et
303 1862 374 1900 pro
407 1849 470 1887 illo
504 1851 682 1887 nesciens
714 1848 910 1887 benedicit
943 1852 1148 1901 minorem,
1187 1863 1258 1901 pro
1291 1851 1408 1889 fratre

80 1909 238 1959 maiore,
258 1909 324 1958 qui
352 1913 433 1946 erat
460 1907 618 1959 pilosus,
643 1920 684 1945 se
710 1909 882 1958 paternis
908 1908 1086 1946 manibus
1113 1915 1410 1961 supponentem,

80 1965 254 2004 haedinis
287 1965 360 2004 sibi
391 1966 582 2016 pelliculis
615 1967 801 2016 coaptatis
834 1965 938 2004 velut
977 1967 1099 2004 aliena
1131 1973 1289 2017 peccata
1320 1979 1408 2018 por-

79 2030 236 2063 tantem.
285 2024 361 2062 Iste
388 2024 499 2062 dolus
531 2023 643 2062 Iacob
676 2036 724 2062 ne
756 2030 961 2075 putaretur
994 2025 1265 2064 fraudulentus
1297 2025 1408 2064 dolus

173 2116 230 2156 23)
258 2113 345 2148 Gen.
373 2117 428 2156 25,
455 2117 497 2148 ⁴29
524 2125 597 2158 sqq.

173 2244 192 2275 8
220 2242 275 2275 est
299 2251 364 2275 om.
384 2241 420 2275 R
438 2243 450 2285 ΙΙ
471 2245 511 2275 15
538 2241 699 2285 proferre
727 2241 794 2283 V1‚-
819 2241 996 2286 praeferri
1029 2242 1159 2277 V2ab2e
1177 2244 1189 2287 Η
1209 2247 1253 2277 24
1278 2243 1407 2277 immo-

80 2287 205 2322 derata
229 2299 248 2322 v
267 2290 279 2332 ΙΙ
298 2292 342 2322 30
367 2289 475 2323 Iacob
501 2299 565 2322 om.
599 2291 631 2320 V

1437 751 1479 782 10

1439 1043 1480 1072 15

1436 1452 1480 1481 20

1435 2035 1477 2065 30
