1611 2465
119 677 160 707 10

120 968 160 999 15

119 1377 162 1408 20

121 1960 165 1990 30

182 43 267 85 226
718 55 744 80 S.
764 54 981 81 Acoosnm
1039 81 1043 84 ,

183 155 273 182 cum
300 145 488 192 patribus
520 146 612 191 tuis,
646 150 685 182 et
714 144 916 182 suscitabo
947 155 1078 182 semen
1110 149 1219 182 tuum
1245 151 1335 194 post
1366 149 1424 193 te,
1455 147 1527 193 que·

184 205 263 241 erz't
300 204 349 241 de
389 207 526 241 ventre
568 209 650 250 tuo,
691 207 729 240 et
760 203 1021 251 praeparabo
1059 214 1225 250 reqnum
1258 205 1373 242 illius.
1437 202 1523 249 Quo

185 261 298 298 modo
326 273 418 311 ergo
445 265 607 310 propter
632 260 670 298 id
697 260 800 310 quod
826 262 1023 310 sequitur:
1055 261 1131 299 Ile'c
1164 262 1398 308 aedificabit
1428 259 1527 300 mihi

186 321 353 366 domum,
386 321 459 357 iste
488 318 669 356 Salomon
695 318 896 369 putabitur
922 319 1189 371 prophetatus,
1221 325 1260 358 et
1286 332 1363 358 non
1391 321 1522 371 potius

185 383 346 428 propter
383 377 420 415 id
460 377 563 427 quod
602 377 817 428 praecedit:
861 378 956 416 Cum
994 381 1136 427 repleti
1161 377 1319 426 suerint
1350 380 1435 418 dies
1467 381 1527 416 tui

187 441 225 474 et
250 438 421 474 dormies
448 447 537 474 cam
564 437 752 484 patribus
785 438 872 483 tuis,
904 438 1105 476 suscitabo
1136 448 1266 475 semen
1299 442 1408 475 tuum
1434 442 1527 486 post

187 500 234 541 te,
261 494 358 532 alius
384 494 569 545 pacificus
594 494 834 544 intellegitur
861 506 946 533 esse
972 496 1199 546 promissus,
1227 496 1295 545 qui
1319 507 1397 533 non
1423 500 1524 547 ante,

187 554 288 590 sicut
314 554 400 604 iste,
433 553 499 590 sed
526 557 615 603 post
646 559 811 591 mortem
833 552 950 592 David
982 556 1279 604 praenuntiatus
1312 559 1371 592 est
1403 555 1523 592 susci-

187 608 356 649 tandus?
407 610 627 656 Quamlibet
660 613 762 649 enim
794 611 908 661 longo
940 613 1173 663 interposito
1205 617 1382 663 tempore
1414 611 1525 650 lesus

187 668 366 708 Christus
404 671 572 720 veniret,
610 669 747 720 procul
788 669 905 708 dubio
938 676 1027 721 post
1059 675 1225 709 mortem
1258 672 1360 721 regis
1393 669 1525 722 David,

187 729 249 766 cui
288 729 344 766 sic
382 733 442 765 est
478 729 714 779 promissus,
752 740 841 766 eum
874 730 1005 766 venire
1038 728 1257 779 oportebat,
1297 730 1364 779 qui
1396 728 1524 767 aedifi-

187 793 293 824 caret
338 786 495 824 domum
542 786 644 838 Deo,
688 798 766 824 non
807 787 853 825 de
891 786 1006 838 lignis
1039 793 1078 825 et
1115 786 1326 838 lapidibus,
1370 787 1438 826 sed
1477 787 1524 825 de

186 844 422 896 homiuibus,
455 844 607 895 qualem
632 844 741 883 illum
767 845 971 884 aedificare
1004 845 1229 896 gaudemus.
1290 844 1389 884 Huic
1421 847 1526 884 enim

187 902 319 941 domui
352 903 445 941 dicit
477 903 689 955 apostolus,
720 903 793 942 hoc
827 909 885 942 est
916 903 1096 943 fidelIbus
1129 903 1292 943 Christi:
1329 904 1527 954 Templum

187 964 291 1000 enim
322 962 400 1000 Dei
428 967 611 1000 sanctum
643 967 711 1009 est,
744 964 852 1010 quod
881 965 972 1001 estis
1004 974 1080 1002 vos.

729 1086 882 1128 CAPUT
915 1086 987 1128 IX.

194 1174 320 1218 Quam
351 1174 489 1210 similis
516 1174 556 1210 in
584 1174 736 1220 psalmo
769 1174 1033 1220 octoqensimo
1065 1177 1204 1212 octavo
1235 1175 1288 1212 sit
1313 1174 1526 1222 prophetia

241 1256 249 1262 -
286 1232 335 1269 de
371 1231 527 1268 Christo
559 1232 631 1278 leis,
663 1242 767 1277 quae
799 1232 837 1268 tn
872 1242 1089 1278 regmorum
1121 1232 1234 1269 libris
1266 1233 1428 1270 Nathan

563 1290 829 1338 prophetante
854 1291 1154 1337 promittuntur.

306 1369 472 1420 Propter
499 1369 601 1420 quod
629 1377 668 1408 et
693 1372 731 1408 in
758 1369 905 1420 psalmo
938 1372 1202 1420 octogensimo
1235 1376 1382 1423 octavo,
1414 1373 1525 1410 cuius

189 1434 249 1467 est
281 1428 435 1466 titulus:
475 1429 704 1467 Intellectus
736 1430 812 1477 ipsi
842 1429 995 1466 Aethan
1031 1429 1259 1477 IsraeWae,
1292 1442 1524 1468 commemo-

189 1492 326 1525 rantur
358 1488 639 1537 promissiones
672 1486 741 1524 Dei
773 1487 893 1525 sactae
927 1488 1010 1536 regi
1041 1486 1177 1539 David,
1215 1494 1254 1526 et
1284 1489 1387 1539 istis,
1427 1500 1524 1538 quae

189 1546 229 1583 in
261 1544 359 1582 libro
387 1557 598 1595 regnorum
625 1550 717 1583 sunt
749 1546 884 1596 posita,
917 1545 1103 1595 quaedam
1136 1545 1189 1584 ihi
1222 1546 1358 1584 similia
1391 1546 1524 1585 dicun·

190 1609 266 1655 tur,
299 1604 401 1642 sicut
432 1609 507 1642 est:
541 1604 685 1642 Iuravz'
714 1604 849 1642 David
877 1615 992 1642 servo
1023 1615 1126 1643 meo:
1165 1605 1292 1653 Usque
1323 1607 1363 1643 in
1395 1610 1524 1644 aeter-

148 1668 160 1677 ·
191 1673 285 1700 num
318 1663 578 1711 praeparabo
616 1673 747 1701 semen
785 1667 916 1708 tuum;
958 1667 998 1700 et
1028 1663 1189 1701 iterum:
1232 1663 1340 1702 Tunc
1370 1666 1526 1702 locutus

189 1732 230 1759 es
274 1722 315 1758 in
360 1725 524 1769 aspectu
566 1722 663 1766 filies
707 1722 784 1758 tais
828 1725 867 1758 et
909 1721 1067 1759 dixisti:
1117 1722 1240 1760 Posui
1281 1723 1526 1760 adiutorium

188 1790 310 1828 super
337 1783 559 1830 potentem,
608 1780 787 1816 eoealtave'
827 1780 994 1817 electam
1034 1780 1083 1817 de
1118 1782 1264 1828 populo
1301 1791 1395 1818 meo.
1459 1780 1523 1818 In-

190 1839 279 1875 veni
303 1837 438 1875 David
465 1848 623 1875 servum
649 1848 787 1883 meum,
820 1839 859 1874 in
892 1839 975 1875 oleo
1005 1842 1145 1876 sancto
1176 1848 1260 1876 meo
1291 1840 1396 1876 unxi
1425 1849 1523 1876 eum.

193 1895 340 1933 Manus
385 1897 488 1933 enim
531 1906 619 1933 mea
664 1895 931 1932 auxiliabitur
975 1896 1014 1933 ei
1052 1900 1090 1933 ct
1122 1896 1355 1934 bracchium
1399 1907 1525 1934 meum

192 1952 437 2001 confortabit
473 1964 571 1992 cum.
635 1954 720 1991 Non
757 1954 945 2001 proficiet
982 1954 1164 1993 inimicus
1202 1955 1243 1993 in
1275 1965 1319 1993 eo
1352 1959 1389 1992 et
1415 1956 1524 2001 filius

286 2043 342 2085 15)
371 2046 398 2076 1.
428 2041 506 2076 Cor.
534 2045 566 2085 3,
596 2044 646 2076 17.
698 2042 756 2085 25)
783 2040 826 2076 V.
852 2045 884 2075 4.

286 2172 326 2203 21
355 2169 489 2203 aethan
514 2168 609 2203 RAv
635 2171 676 2203 ut
701 2169 774 2203 cod.
801 2169 925 2210 Alex.;
957 2169 1103 2204 aetham
1129 2169 1182 2203 Γ*
1212 2171 1225 2212 ΙΙ
1255 2170 1410 2205 ezraitae
1436 2169 1489 2204 R²
1512 2170 1525 2215 ἷΙ

191 2219 234 2249 27
262 2215 369 2249 exalt.
396 2215 451 2257 R,-
477 2217 515 2250 et
539 2215 647 2250 exalt.
674 2226 695 2249 v
714 2217 726 2259 ΙΙ
745 2218 789 2250 30
815 2215 1038 2250 confortauit
1063 2215 1118 2257 R,·
1144 2216 1374 2251 confirmauit
1398 2216 1474 2251 AF
