1611 2465
124 745 166 776 10

124 1039 166 1069 15

123 1331 168 1363 20

124 1624 167 1655 25

126 1918 169 1949 30

190 111 277 151 440
727 119 753 145 S.
774 119 993 146 AUGUS'rmI

192 210 259 248 sed
292 209 435 248 librum
468 211 581 248 cuius
615 209 718 247 modi
750 221 827 247 non
860 211 998 248 tacuit:
1044 211 1121 256 Qua·
1150 216 1224 258 est,
1257 212 1395 263 inquit,
1426 213 1533 251 vitae

190 271 516 316 uniuscuiusque.
579 267 682 318 Ergo
722 267 777 306 illi
814 267 922 320 libri,
961 280 1058 319 quos
1097 270 1228 319 priore
1267 269 1350 308 loco
1389 271 1532 322 posuit,

191 327 441 377 intellegendi
483 332 575 365 sunt
615 328 759 378 sancti,
798 332 836 365 et
873 332 1027 365 veteres
1066 333 1105 365 et
1142 329 1249 380 novi,
1293 333 1336 366 ut
1375 330 1415 366 in
1456 328 1531 367 illis

191 386 485 436 ostenderetur,
524 397 623 435 quae
662 385 766 424 Deus
804 385 889 423 fieri
928 397 996 424 sua
1036 386 1214 425 mandata
1252 388 1452 438 iussisset3
1491 389 1531 425 in

193 445 256 483 illo
289 450 431 496 autem,
464 445 531 494 qui
557 449 617 483 est
643 445 741 482 vitae
774 446 1097 497 uniuscuiusque,
1128 445 1221 495 quid
1253 445 1395 484 horum
1427 447 1530 496 quis-

193 515 267 553 que
314 515 392 541 non
437 503 596 541 fecisset
640 504 720 541 sive
764 502 932 542 fecisset.
995 502 1070 548 Qui
1110 503 1210 541 liber
1251 506 1284 542 si
1325 504 1532 543 carnaliter

192 563 398 614 cogitetur,
431 563 518 612 quis
550 563 635 600 eius
662 562 968 612 magnitudinem
1001 568 1066 600 aut
1096 562 1378 613 longitudinem
1410 563 1533 601 valeat

192 617 430 659 aestimare?
477 620 553 658 Aut
580 625 724 671 quanto
751 626 926 671 tempore
958 620 1034 671 legi
1065 622 1210 671 poterit
1240 620 1351 673 liber,
1381 622 1423 660 in
1455 634 1532 672 quo

193 681 360 730 scriptae
410 684 502 718 sunt
546 680 750 717 universae
795 681 895 718 vitae
938 677 1241 718 universorum?
1301 680 1359 718 An
1400 686 1532 718 tantus

193 737 420 789 angelorum
453 750 642 776 numerus
675 737 817 789 aderit,
850 743 1018 788 quantus
1051 737 1252 776 hominum
1285 740 1376 791 erit,
1408 744 1447 777 et
1478 740 1531 777 vi·

194 804 272 836 tam
298 808 408 835 suam
435 798 602 847 quisque
629 796 675 834 ab
702 796 837 847 angelo
871 796 945 835 sibi
977 796 1148 835 adhibito
1182 797 1312 835 audiet
1343 795 1534 836 recitari?

192 855 278 894 Non
321 868 414 906 ergo
453 868 556 894 unus
597 854 696 893 liber
734 857 810 894 erit
846 856 1036 907 omnium,
1077 855 1143 894 scd
1182 855 1324 905 singuli
1362 856 1531 906 singulo—

193 927 292 953 rum.
356 914 560 965 Scriptura
586 926 677 952 vero
704 915 777 952 ista
803 926 926 953 unum
952 913 1084 952 volens
1112 914 1302 965 intellegi:
1334 915 1388 953 Et
1417 917 1533 967 alius,

192 975 341 1024 inquit,
378 975 480 1012 liber
520 978 685 1022 apertus
723 977 789 1011 est.
853 973 1050 1018 Quaedam
1090 974 1210 1023 igitur
1241 974 1297 1011 vis
1330 978 1390 1012 est
1420 972 1532 1012 intel-

193 1031 356 1082 legenda
394 1031 540 1083 divina,
580 1044 654 1081 qua
686 1032 768 1082 fiet,
806 1037 850 1069 ut
888 1033 1031 1082 cuique
1068 1043 1186 1082 opera
1218 1043 1304 1083 sua,
1341 1032 1401 1070 vel
1432 1031 1533 1071 bona

193 1090 253 1129 vel
284 1090 400 1142 mala,
444 1095 585 1128 cuncta
623 1091 662 1128 in
704 1091 931 1128 memoriam
963 1095 1198 1128 revocentur
1231 1095 1270 1128 et
1301 1092 1443 1129 mentis
1474 1092 1531 1129 in-

194 1150 296 1188 tuitu
341 1150 437 1187 mira
479 1148 679 1187 celeritate
721 1154 953 1200 cernantur,
998 1153 1042 1186 ut
1080 1154 1238 1186 accuset
1274 1148 1333 1187 vel
1371 1155 1533 1188 excuset

195 1209 358 1246 scientia
396 1208 676 1245 conscientiam
709 1212 824 1257 atque
850 1208 902 1245 ita
935 1206 1050 1245 simul
1083 1212 1122 1245 et
1153 1219 1288 1245 omnes
1320 1213 1360 1245 et
1391 1208 1533 1258 singuli

194 1266 428 1304 iudicentur.
492 1265 598 1310 Quae
626 1267 811 1303 nimirum
836 1267 892 1303 vis
919 1264 1045 1303 divina
1077 1264 1166 1303 libri
1198 1277 1340 1303 nomen
1372 1268 1532 1317 accepit.

195 1324 238 1363 In
271 1337 314 1363 ea
347 1325 489 1375 quippe
523 1324 691 1374 quodam
723 1324 837 1361 modo
869 1323 1029 1375 legitur,
1070 1323 1258 1374 quidquid
1291 1336 1335 1362 ea
1366 1325 1533 1364 faciente

193 1383 396 1422 recolitur.
457 1382 508 1420 Ut
540 1389 670 1421 autem
703 1382 899 1434 ostendat,
940 1383 1007 1432 qui
1038 1384 1182 1420 mortui
1214 1382 1412 1422 iudicandi
1443 1385 1533 1432 sint,

193 1441 325 1492 pusilli
363 1447 401 1480 et
433 1443 580 1492 magni,
612 1441 903 1492 recapitulando
936 1441 1029 1479 dicit
1067 1446 1263 1491 tamquam
1296 1441 1343 1480 ad
1374 1441 1412 1480 id
1444 1441 1531 1480 red-

193 1502 295 1548 iens,
334 1499 437 1550 quod
485 1501 742 1550 praeterierat
778 1501 955 1550 potiusve
999 1499 1220 1538 distulerat:
1261 1500 1314 1538 Et
1353 1501 1534 1540 exhibuit

194 1565 370 1598 mortuos
396 1570 520 1606 mare,
553 1561 623 1606 qui
648 1561 688 1596 in
715 1570 759 1597 eo
791 1563 920 1606 erant,
953 1563 991 1596 et
1021 1570 1127 1597 mors
1158 1563 1196 1596 et
1227 1557 1410 1606 infernus
1440 1561 1532 1598 red-

196 1619 388 1656 diderunt
417 1622 603 1665 moratos,
636 1629 732 1665 quos
765 1619 804 1655 in
835 1629 878 1655 se
908 1618 1119 1655 habehant.
1181 1616 1263 1655 Hoc
1295 1618 1432 1668 procul
1463 1617 1531 1656 du-

194 1675 258 1714 bio
303 1677 413 1727 prius
458 1676 603 1714 factum
642 1680 722 1727 est,
767 1687 880 1726 quam
921 1680 1053 1713 essent
1091 1676 1236 1713 mortui
1273 1676 1452 1727 iudicati3
1494 1682 1533 1715 et

195 1741 324 1774 tamen
365 1734 459 1772 illud
497 1735 607 1784 prius
646 1733 793 1772 dictum
832 1739 901 1772 est.
963 1733 1045 1772 Hoc
1085 1738 1145 1772 est
1181 1746 1274 1783 ergo
1306 1735 1409 1785 quod
1442 1735 1533 1786 dixi,

196 1792 487 1844 recapitulando
514 1804 604 1835 eum
630 1792 675 1830 ad
703 1791 740 1830 id
768 1792 916 1831 redisse
949 1792 1051 1842 quod
1084 1793 1358 1831 intermiserat.
1418 1793 1531 1832 Nunc

195 1856 325 1890 autem
366 1851 543 1889 ordinem
584 1852 730 1902 tenuit,
774 1856 889 1901 atque
933 1857 974 1889 ut
1012 1850 1272 1901 explicaretur
1308 1852 1391 1902 ipse
1424 1851 1532 1899 ordo,

196 1910 438 1949 commodius
471 1910 587 1947 etiam
620 1908 666 1947 de
700 1909 878 1947 iudicatis
910 1910 1095 1959 mortuis,
1128 1908 1231 1958 quod
1263 1910 1338 1947 iam
1371 1909 1532 1962 dixerat,

197 1981 267 2007 suo
294 1969 476 2019 repetivit
502 1967 598 2005 loco.
662 1966 757 2005 Cum
791 1968 892 2005 enim
925 1967 1102 2004 dixisset:
1136 1967 1187 2005 Et
1218 1969 1399 2006 exhibuit
1428 1980 1530 2007 mor-

197 2032 283 2066 tuos
315 2038 444 2078 mare,
483 2028 553 2074 qui
584 2028 624 2064 in
656 2037 700 2064 eo
733 2031 868 2072 erant,
908 2031 945 2064 et
976 2036 1081 2063 mors
1114 2031 1151 2063 et
1183 2024 1366 2073 infernus
1397 2027 1530 2066 reddi-

198 2087 346 2124 derunt
376 2090 567 2132 mortuos,
600 2096 696 2132 quos
729 2086 769 2122 in
800 2096 841 2122 se
873 2084 1092 2122 habebant:
1129 2095 1218 2121 mox
1251 2083 1397 2123 addidit
1428 2084 1531 2135 quod

291 2187 349 2227 25)
375 2185 487 2230 Apoc.
515 2189 571 2228 20,
599 2188 652 2219 13.

291 2294 335 2324 24
362 2293 393 2324 et
419 2294 461 2324 31
489 2300 589 2324 mare
615 2290 779 2324 mortuos
803 2300 824 2324 v
849 2290 998 2334 itemque
1022 2291 1101 2332 444,
1131 2292 1151 2324 7
