1548 2562
430 110 482 134 DE
502 109 690 135 CIVITATE
710 109 780 134 Dm
799 109 832 134 L.
851 109 966 134 xvm.
986 108 1016 135 c.
1035 109 1077 135 54.
1343 100 1427 141 343

95 199 204 237 orbis
241 203 387 237 terrae.
462 197 536 235 Sed
575 199 774 249 quoniam,
811 198 1038 248 priusquam
1074 209 1212 248 passus
1250 203 1353 235 esset
1390 204 1429 236 et

97 257 377 294 resurrexisset
420 267 440 293 a
484 257 672 306 mortuis,
722 256 895 294 nondum
938 255 1034 294 fides
1078 254 1258 293 omnibus
1302 256 1428 294 fuerat

86 313 252 357 ¹definita
284 310 343 366 (in
375 315 664 352 resurrectione
697 315 838 364 quippe
872 308 1017 352 Christi
1049 312 1205 351 definita
1237 318 1308 365 est,
1340 325 1429 351 nam

97 374 151 410 sic
189 371 387 422 apostolus
424 371 566 409 Paulus
598 371 901 410 Atheniensibus
938 371 1111 421 loquitur
1143 371 1296 409 dicens:
1341 372 1429 409 Iam

96 442 203 469 nunc
235 431 450 468 adnuntiat
473 431 697 468 hominibus
728 441 860 468 omnes
892 431 1037 477 ubique
1069 441 1192 477 ayere
1217 432 1427 478 paeniten-

95 490 207 535 tiam,
247 499 291 527 eo
323 490 430 535 quoa
458 489 599 526 statuit
636 489 739 526 diem
771 489 956 526 iudicare
987 489 1120 526 orbem
1153 490 1193 526 in
1225 490 1430 535 aequitate

96 548 136 584 in
167 549 253 585 vtro
285 558 361 594 quo
401 548 579 592 definivit
611 547 732 592 fidem
770 547 948 584 omnibus
986 548 1231 584 resuscitans
1263 548 1371 584 illum
1404 558 1428 584 a

95 600 302 657 mortut3):
333 604 471 642 melius
503 605 542 641 in
574 603 645 641 hac
679 605 905 654 quaestione
938 603 1121 641 solvenda
1153 603 1242 641 inde
1274 605 1429 642 initium

95 663 302 713 sumimus3
339 663 569 713 praesertim
607 663 696 712 quia
734 667 827 700 tunc
865 662 976 700 datus
1021 667 1080 700 est
1111 663 1226 700 etiam
1259 661 1428 712 Spiritus

96 725 265 772 sanctus,
298 721 399 758 sicut
424 732 514 759 eum
546 720 627 758 dari
659 725 747 770 post
779 721 1110 758 resurrectionem
1137 719 1282 758 Christi
1315 732 1427 771 opor-

94 778 199 816 tebat
229 780 270 816 in
303 773 362 816 ea'
378 780 548 828 civitate,
586 790 633 816 ex
678 790 752 828 qua
784 777 918 816 debuit
949 779 1122 828 incipere
1154 778 1214 816 lex
1247 777 1429 830 secunda,

92 836 167 874 hoc
199 842 259 874 est
290 842 565 874 testamentum
604 848 757 875 novum.
818 835 947 873 Prima
979 837 1082 873 enim
1114 836 1187 874 fuit
1219 849 1263 873 ex
1297 842 1427 875 monte

95 894 186 932 Sina
224 907 294 945 per
326 894 501 946 Moysen,
540 894 641 944 quod
683 899 959 932 testamentum
1000 899 1158 932 vocatur
1190 900 1311 932 vetus
1374 894 1428 932 De

94 952 164 990 hac
203 959 353 1003 autem,
396 965 493 1003 quae
532 964 602 1002 per
640 952 838 990 Christum
875 951 998 989 danda
1037 957 1142 1002 erat,
1184 952 1428 1003 praedictum

95 1016 170 1048 est:
203 1011 267 1049 Ex
293 1011 389 1049 Sion
421 1013 486 1049 lex
514 1012 675 1059 prodiet
705 1015 743 1048 et
773 1011 935 1048 verbum
967 1010 1128 1048 Domini
1158 1022 1209 1048 ex
1234 1011 1426 1049 Hierusa-

94 1071 178 1107 lem.
239 1068 349 1106 Unde
394 1073 432 1106 et
475 1069 557 1118 ipse
602 1080 672 1119 per
716 1079 850 1105 omnes
895 1073 1031 1118 gentes
1075 1068 1171 1106 dixit
1210 1068 1427 1118 praedicari

93 1132 274 1177 oportere
301 1128 340 1164 in
367 1128 523 1164 nomine
556 1139 626 1164 suo
658 1127 946 1177 paenitentiam,
979 1126 1046 1164 sed
1078 1132 1207 1164 tamen
1239 1128 1426 1177 incipien-

92 1184 197 1223 tibus
224 1184 270 1222 ab
297 1184 550 1223 Hierusalem.
612 1184 669 1222 Ibi
701 1196 798 1234 ergo
825 1196 987 1222 exorsus
1020 1190 1080 1222 est
1110 1184 1227 1222 huius
1259 1187 1427 1223 nominis

93 1243 238 1295 cultus,
281 1248 326 1281 ut
368 1244 407 1281 in
444 1242 574 1280 Iesum
612 1241 827 1294 Christum,
871 1244 938 1292 qui
982 1243 1191 1280 crucifixus
1230 1243 1357 1281 fuerat
1388 1249 1427 1281 et

93 1306 382 1353 resurrexerat,
420 1300 659 1340 crederetur.
730 1300 785 1338 Ibi
824 1300 917 1338 haec
956 1300 1051 1338 fides
1089 1306 1167 1338 tarn
1208 1300 1426 1351 insignibus

93 1360 213 1398 initiis
262 1358 480 1409 incanduit,
530 1364 573 1397 ut
617 1358 762 1408 aliquot
806 1358 1006 1397 hominum
1050 1358 1154 1396 milia
1197 1360 1237 1397 in
1282 1359 1426 1397 Christi

94 1429 234 1455 nomen
266 1416 433 1455 mirabili
464 1417 659 1455 alacritate
693 1428 879 1454 conversa
913 1417 1076 1455 venditis
1108 1418 1189 1455 suis
1222 1417 1352 1468 rebus,
1385 1424 1428 1455 ut

94 1476 225 1525 egenis
271 1474 619 1526 distribuerentur,
663 1476 863 1525 proposito
908 1480 1041 1512 sancto
1081 1482 1119 1513 et
1156 1475 1426 1513 ardentissima

93 1535 252 1572 caritate
279 1533 325 1571 ad
351 1538 620 1584 paupertatem
652 1533 907 1571 voluntariam
938 1534 1189 1583 pervenirent
1220 1540 1336 1583 atque
1368 1535 1424 1571 in—

92 1598 153 1630 ter
179 1592 390 1630 frementes
422 1596 461 1639 et
492 1593 719 1637 sanguinem
752 1592 928 1628 sitientes
955 1590 1117 1629 ludaeos
1149 1603 1190 1629 se
1222 1604 1346 1641 usque
1379 1592 1426 1629 ad

93 1654 258 1687 mortem
301 1661 372 1700 pro
416 1651 576 1687 veritate
621 1654 771 1686 certare
812 1660 890 1686 non
937 1654 1081 1687 armata
1122 1651 1313 1701 potentia,
1357 1650 1424 1688 sed

92 1709 314 1759 potentiore
355 1708 539 1758 patientia
576 1712 863 1757 praepararent.
926 1706 1008 1744 Hoc
1047 1708 1079 1744 si
1117 1707 1234 1745 nullis
1267 1709 1424 1758 magicis

93 1765 242 1804 artibus
284 1766 428 1804 sactum
470 1770 545 1816 est,
584 1777 654 1803 cur
692 1764 853 1802 credere
892 1764 1070 1803 dubitant
1108 1765 1242 1803 eadem
1282 1767 1424 1804 virtute

92 1824 219 1862 divina
262 1836 332 1874 per
376 1829 500 1861 totum
550 1823 738 1861 mundum
781 1822 819 1860 id
863 1823 948 1861 fieri
990 1824 1182 1875 potuisse,
1233 1836 1307 1873 qua
1350 1823 1423 1863 hoc

92 1882 238 1920 factum
281 1880 369 1920 est‘?
431 1881 471 1919 Si
514 1887 644 1920 autem
688 1886 731 1919 ut
768 1880 1045 1932 Hierosolymis
1089 1883 1143 1919 sic
1188 1882 1233 1919 ad
1275 1882 1424 1920 cultum

93 1941 260 1978 nominis
305 1939 449 1978 Christi
492 1939 774 1978 accenderetur
817 1945 921 1977 tanta
961 1939 1162 1978 hominum
1204 1940 1423 1992 multitudo,

92 2010 190 2048 quae
217 1998 324 2036 illum
350 1999 389 2036 in
416 2010 532 2036 cruce
560 1998 618 2035 vel
650 1998 786 2036 fixerat
817 2009 1004 2048 prensum
1035 1998 1094 2035 vel
1126 1999 1266 2036 riserat
1292 1999 1422 2051 fixum,

92 2148 138 2178 24
175 2100 221 2179 417)
247 2098 304 2133 Ps.
333 2102 387 2141 71,
414 2103 444 2133 8.
496 2100 532 2141 8)
561 2099 637 2133 Act.
667 2102 726 2141 17,
753 2101 797 2131 30
824 2109 876 2141 sq.
929 2100 985 2140 16)
1013 2098 1106 2132 Esai.
1135 2102 1167 2140 2,
1193 2102 1225 2133 3.
1278 2100 1333 2141 18)
1360 2099 1421 2134 Lc.

141 2172 149 2187 ,
224 2171 230 2178 .

188 2266 206 2295 7
233 2272 304 2304 quo
330 2260 444 2294 RAF
465 2271 528 2295 sec.
556 2261 680 2296 Graec.
689 2274 701 2303 ;
727 2261 764 2295 iu
788 2273 860 2304 quo
886 2272 904 2295 v
924 2263 935 2304 ΙΙ
959 2266 998 2295 17
1025 2262 1082 2295 hic
1106 2262 1238 2296 desinit
1263 2263 1336 2297 cod.
1364 2262 1403 2295 F

1455 438 1474 469 5

1456 729 1498 760 10

1457 1020 1497 1051 15

1453 1602 1495 1631 25

1449 1893 1492 1923 30
