1548 2562
382 126 434 150 DE
455 125 643 152 01V1TATE
662 127 731 151 DEI
750 127 783 151 L.
802 127 883 153 XVI.
903 127 931 153 c.
951 128 993 153 31.
1013 129 1054 153 32.
1304 120 1385 160 175

552 269 704 311 CAPUT
730 269 883 311 XXXI.

77 354 136 392 Be
168 353 287 391 Isaac
317 355 535 392 seeundum
562 347 1006 403 promz'ssionem‘nato,
1040 358 1110 394 cui
1138 367 1278 394 nomen
1311 368 1362 394 ex

300 413 385 450 risu
417 413 627 459 utriusque
650 415 836 461 parentis
868 418 926 451 est
957 415 1134 452 inditum.

168 492 262 531 Post
286 492 380 530 haec
407 498 520 531 natus
546 498 605 530 est
629 491 805 531 Abrahae
838 494 1053 532 seeundum
1086 496 1385 545 promissionem

53 549 121 588 Dei
153 550 199 588 de
234 550 348 589 Sarra
380 550 499 602 tilius,
532 562 699 600 eumque
732 553 943 590 nominavit
974 552 1096 604 Isaac,
1131 553 1233 603 quod
1266 555 1382 591 inter-

52 613 228 659 pretatur
267 610 381 647 risus.
449 608 602 646 Riserat
640 610 742 647 enim
782 615 820 647 et
856 615 986 662 pater,
1032 611 1185 660 quando
1225 613 1258 649 ei
1296 624 1384 662 pro-

53 668 194 705 missus
226 673 297 719 est,
328 667 521 705 admirans
553 669 592 705 in
624 666 781 719 gaudio3
824 669 964 706 riserat
997 674 1034 706 et
1066 675 1199 717 mater,
1233 670 1385 719 quando

52 737 122 776 per
165 724 250 762 illos
294 730 375 763 tres
415 726 518 763 viros
565 727 708 763 iterum
748 728 964 776 promissus
1002 733 1081 777 est,
1126 727 1307 765 dubitans
1347 729 1385 765 in

53 783 208 834 gaudi03
235 784 410 833 quamvis
437 782 696 834 exprobrante
718 783 864 834 angelo,
893 784 995 834 quod
1023 786 1125 823 risus
1152 785 1226 836 ille,
1254 788 1385 824 etiam—

54 842 85 879 si
110 841 238 891 gaudii
265 842 348 892 fuit,
381 847 508 879 tamen
535 841 670 892 plenae
704 842 793 879 fidei
825 854 902 880 non
937 843 1019 893 suit,
1050 850 1138 893 post
1171 843 1215 881 ab
1249 844 1385 882 eodem

29 899 188 949 'angelo
229 901 267 937 in
307 899 379 937 fide
419 902 533 938 etiam
573 900 797 938 confirmata
836 907 905 938 est.
968 900 1024 938 Ex
1056 901 1130 939 hoc
1163 914 1254 951 ergo
1288 914 1386 952 puer

54 969 194 996 nomen
227 959 385 1008 accepit.
448 958 542 995 Nam
585 958 686 1008 quod
720 960 821 997 risus
855 958 916 996 ille
950 971 1027 997 non
1060 959 1105 997 ad
1138 959 1386 998 inridendum

54 1015 316 1066 opprobrium,
350 1015 417 1054 sed
445 1015 489 1053 ad
517 1016 791 1054 celebrandum
818 1016 1000 1067 gaudium
1032 1017 1265 1070 pertinebat,
1298 1024 1386 1055 nato

53 1073 158 1112 Isaac
190 1080 228 1112 et
266 1086 311 1112 eo
352 1076 506 1112 nomine
539 1080 673 1112 vocato
708 1074 821 1112 Sarra
854 1078 1102 1127 monstravit,
1144 1078 1194 1114 ait
1228 1078 1387 1126 quippe:

55 1133 193 1170 Risum
237 1134 334 1170 mihi
371 1132 470 1180 feeit
515 1134 727 1177 Dominus;
771 1136 1008 1181 quicumque
1051 1137 1154 1172 em'm
1199 1136 1387 1181 aude'erit,

55 1192 322 1238 congaudebit
353 1192 458 1229 mihi.
522 1190 596 1229 Sed
630 1197 717 1241 post
749 1191 1031 1241 aliquantulum
1064 1198 1218 1242 tempus
1252 1192 1388 1230 ancilla

55 1248 101 1286 de
128 1248 240 1286 domo
266 1250 406 1287 eicitur
432 1261 519 1287 oum
553 1249 630 1287 filio
664 1262 745 1300 SUO,
778 1255 816 1287 et
847 1250 922 1288 duo
955 1250 1017 1287 illa
1051 1250 1266 1288 secundum
1300 1262 1387 1301 apo-

56 1306 196 1345 stolum
223 1312 451 1345 testamenta
479 1308 758 1359 significantur,
791 1314 900 1345 vetus
928 1314 966 1346 et
993 1320 1147 1359 novum,
1179 1308 1245 1346 ubi
1274 1307 1388 1345 Sarra

55 1364 116 1402 illa
155 1377 345 1415 supernae
384 1364 646 1416 Hierusalem,
691 1365 764 1403 hoc
806 1372 865 1403 est
898 1368 1061 1404 civitatis
1095 1366 1180 1418 Dei,
1225 1367 1387 1416 figuram

55 1425 164 1473 gerit.

541 1547 693 1590 CAPUT
725 1548 899 1590 XXXII.

57 1634 115 1672 De
147 1634 396 1672 oboedientia
428 1638 465 1671 et
491 1635 574 1679 fide
605 1634 806 1680 Abrahae,
838 1644 918 1681 qua
945 1645 1021 1681 per
1053 1634 1288 1672 oblationem
1322 1635 1388 1671 im—

173 1693 350 1730 molandi
375 1692 570 1740 probatus
602 1696 659 1729 est
686 1693 772 1738 filii,
806 1696 842 1729 et
875 1693 923 1729 de
954 1696 1079 1729 morte
1112 1692 1276 1730 Sarrae.

174 1772 279 1811 Inter
311 1772 424 1824 haee,
456 1785 554 1822 quae
587 1773 715 1810 omnia
747 1784 1052 1810 commemorare
1085 1774 1198 1811 nimis
1231 1773 1387 1823 longum

59 1837 133 1883 est,
174 1836 386 1882 temptatur
423 1830 614 1869 Abraham
659 1831 705 1868 de
748 1830 981 1869 immolando
1021 1830 1272 1869 dilectissimo
1311 1831 1387 1868 filio

57 1890 140 1940 ipso
178 1889 300 1940 Isaac,
344 1893 388 1927 ut
425 1890 486 1939 pia
526 1891 609 1927 eius
651 1888 896 1927 oboedientia
928 1889 1178 1940 probaretur,
1224 1889 1388 1927 saeculis

58 1949 97 1986 in
129 1949 305 1986 notitiam
336 1947 581 1999 proferenda,
613 1960 690 1985 non
717 1946 807 1985 Deo.
869 1947 1003 1997 Neque
1038 1949 1139 1985 enim
1173 1949 1298 1985 omnis
1331 1954 1390 1986 est

60 2006 246 2057 culpanda
284 2007 503 2057 temptatio,
542 2006 630 2055 quia
670 2011 708 2043 et
745 2005 969 2056 gratulanda
1003 2012 1084 2057 est,
1123 2017 1196 2055 qua
1229 2006 1270 2044 fit
1302 2018 1387 2055 pro-

154 2109 210 2150 10)
238 2106 324 2141 Gen.
354 2110 407 2150 18,
436 2110 488 2140 13.
541 2108 598 2150 16)
626 2106 713 2141 Gen.
740 2110 795 2150 21,
823 2110 852 2141 6.
907 2107 961 2148 18)
988 2105 1065 2139 Gal.
1094 2110 1126 2147 4,
1153 2109 1207 2140 26.

154 2238 194 2269 17
221 2235 265 2269 de
291 2245 354 2268 om.
381 2233 531 2278 Ruina
556 2244 620 2269 om.
647 2234 724 2268 RF
752 2236 763 2278 Η
795 2237 838 2267 20
864 2233 975 2279 gerit]
1002 2235 1103 2268 tenet
1128 2233 1163 2267 R
1182 2234 1193 2276 ΙΙ
1214 2237 1255 2267 23
1283 2235 1319 2268 et
1345 2234 1388 2268 de

60 2280 175 2315 morte
202 2280 330 2315 Sarrae
357 2291 420 2315 om.
449 2281 487 2314 F

1415 852 1456 882 10

1418 1142 1457 1171 15

1417 1840 1457 1869 ²25
