1611 2465
66 702 108 732 10

65 995 106 1025 15

64 1287 107 1317 20

64 1576 108 1608 25

63 1870 108 1900 30

134 69 218 110 308
672 76 699 102 s.
718 75 938 102 AUGUSTm

132 173 211 218 tur,
243 166 310 205 ubi
336 172 374 205 et
400 166 494 204 haec
526 165 729 216 prophetia
762 170 1089 204 commemoratur
1121 177 1167 204 ex
1198 171 1320 217 parte,
1353 177 1470 216 quan-

135 231 218 264 tum
261 225 315 263 illi
360 225 444 263 loco
490 224 672 262 sufficere
710 224 835 261 visum
877 229 946 262 est.
1008 223 1091 262 Alio
1130 223 1214 262 loco
1257 223 1302 261 ad
1343 225 1472 275 ipsum

135 283 333 322 Christum
360 285 399 321 in
427 283 567 333 spiritu
593 281 821 333 prophetiae
848 281 1011 332 loquens
1043 282 1089 320 de
1122 283 1352 321 remissione
1384 294 1473 334 pec·

135 348 311 381 catorum
345 353 415 392 per
447 342 532 380 eius
565 342 810 391 sanguinem:
848 340 903 378 Tu
935 347 1106 389 quoque,
1138 342 1276 392 inquit,
1309 343 1349 380 in
1380 353 1471 380 san-

132 404 254 449 quine
281 402 505 439 testamenti
530 401 590 437 tui
614 401 779 437 emisisti
802 401 954 437 vinctos
987 404 1073 438 tuos
1105 400 1154 438 a’e
1185 402 1289 447 lacu,
1323 402 1363 438 in
1396 411 1472 448 quo

133 472 211 498 non
243 463 302 498 est
331 470 449 506 aqua.
513 457 614 502 Quid
645 469 716 508 per
748 457 852 496 hunc
884 457 1011 496 lacum
1043 457 1134 496 velit
1165 457 1352 508 intellegi,
1384 470 1472 508 pos-

133 523 226 556 sunt
257 516 409 555 diversa
441 517 579 555 sentiri
618 517 732 555 etiam
765 516 981 554 secundum
1013 521 1159 554 rectam
1193 516 1318 554 fidem.
1380 516 1473 554 Mihi

134 582 263 614 tamen
290 575 444 614 videtur
471 587 548 613 non
575 587 621 613 eo
648 574 858 625 significari
890 574 1040 626 melius,
1073 576 1147 612 nisi
1179 574 1370 613 humanae
1402 576 1472 613 mi-

134 635 258 672 seriae
303 634 610 685 profunditatem
654 635 796 671 siccam
841 632 1008 683 quodam
1050 632 1163 671 modo
1209 639 1248 672 et
1288 632 1473 685 sterilem,

135 692 203 731 ubi
235 704 313 731 non
345 698 438 731 sunt
468 692 614 731 fluenta
646 693 838 743 iustitiae,
871 691 938 729 sed
970 692 1186 742 iniquitatis
1219 691 1355 730 lutum.
1418 691 1472 729 De

133 751 207 789 hoc
245 753 389 802 quippe
428 752 544 790 etiai‘n
583 752 623 789 in
660 750 808 801 psalmo
853 750 1013 788 dicitur:
1058 750 1111 788 Et
1147 751 1289 789 eduxit
1325 761 1387 789 me
1425 751 1474 789 de

132 813 225 849 lacu
257 812 445 849 miseriae
477 815 515 848 et
546 811 595 848 de
626 811 706 848 luto
738 811 831 847 limi.
1406 856 1410 860 ι

249 868 455 907 Malachias
494 867 732 919 prophetans
765 867 986 918 ecclesiam,
1025 879 1139 917 quam
1171 879 1241 918 per
1274 866 1472 905 Christum

133 929 331 966 cernimus
357 932 619 978 propagatam,
650 926 802 964 Iudaeis
829 927 1075 977 apertissime
1102 926 1197 964 dicit
1228 938 1274 964 ex
1305 936 1473 976 persona

133 986 220 1024 Dei:
253 987 339 1025 Non
365 991 425 1024 est
448 987 546 1024 mihi
568 987 750 1024 voluntas
777 987 818 1023 in
843 984 963 1032 vo'bi's,
996 989 1035 1023 et
1064 996 1207 1023 munus
1237 995 1317 1022 non
1347 996 1472 1023 susei—

128 1047 239 1094 piam
284 1046 333 1083 de
380 1055 500 1082 manu
545 1048 689 1082 vestra.
752 1044 811 1081 Ab
855 1048 946 1081 ortu
985 1045 1089 1081 enim
1125 1045 1218 1081 solis
1256 1054 1381 1090 usque
1419 1043 1476 1081 ad

133 1114 320 1142 oceasum
357 1113 544 1150 maqnum
581 1113 722 1140 nomen
754 1112 881 1140 meum
914 1103 953 1139 in
982 1102 1186 1149 amitibus,
1225 1106 1264 1139 et
1295 1103 1335 1139 in
1368 1103 1476 1139 omni

132 1164 218 1201 loco
249 1162 554 1207 sacrificabitur
585 1165 623 1199 et
653 1160 849 1207 offeretur
886 1161 1039 1197 nomini
1067 1170 1151 1198 meo
1183 1160 1329 1197 oblatio
1361 1171 1471 1197 mun-

134 1221 209 1265 da;
240 1222 335 1268 quia
367 1230 554 1267 maynum
580 1229 720 1257 nomen
751 1229 879 1256 meum
911 1219 951 1255 in
980 1218 1177 1265 qentz'bus,
1211 1219 1309 1255 aicit
1339 1217 1470 1256 Domi-

133 1290 217 1317 nus.
280 1277 362 1315 Hoc
401 1278 635 1315 sacrificium
673 1288 744 1326 per
785 1275 1047 1313 sacerdotium
1079 1275 1224 1313 Christi
1257 1275 1473 1314 secundum

133 1336 311 1374 ordinem
353 1334 638 1374 Melchisedech
679 1346 768 1372 cum
820 1335 859 1371 in
904 1335 1009 1371 omni
1053 1333 1138 1372 loco
1182 1346 1203 1372 a
1246 1333 1338 1372 solis
1382 1338 1471 1372 ortu

132 1406 258 1445 usque
297 1394 343 1432 ad
381 1405 563 1432 occasum
596 1392 675 1431 Deo
707 1394 782 1430 iam
821 1391 1018 1430 videamus
1051 1393 1201 1443 offerri,
1238 1392 1472 1430 sacrificium

133 1459 263 1491 autem
289 1452 533 1503 Iudaeorum,
561 1450 704 1502 quibus
731 1450 878 1489 dictum
905 1456 981 1489 est:
1014 1451 1101 1489 Non
1128 1455 1186 1488 est
1209 1452 1307 1489 mihi
1337 1452 1471 1489 volun—

134 1516 195 1550 tas
234 1514 275 1549 in
311 1512 436 1558 vobis,
475 1522 548 1549 nee
587 1512 786 1558 accipiam
830 1520 972 1547 munus
1011 1510 1059 1547 de
1099 1510 1282 1547 manibus
1319 1510 1471 1556 vestris,

135 1581 309 1608 cessasse
342 1581 483 1619 negare
517 1580 595 1606 non
620 1573 802 1618 possunt:
835 1567 927 1618 quid
960 1567 1085 1605 adhuc
1118 1572 1324 1617 expectant
1355 1566 1472 1605 alium

135 1628 345 1678 Christum,
378 1639 467 1666 cum
493 1627 578 1674 hoc,
612 1626 715 1676 quod
742 1625 1017 1676 prophetatum
1044 1625 1179 1676 legunt
1204 1631 1244 1663 et
1269 1624 1472 1676 impletum

133 1686 276 1737 vident,
309 1685 463 1736 impleri
496 1697 574 1723 non
606 1686 781 1735 potuerit
813 1685 888 1722 nisi
919 1696 991 1735 per
1021 1681 1180 1734 ipsum?
1235 1683 1337 1722 Dicit
1368 1684 1471 1722 enim

132 1744 246 1795 paulo
288 1750 377 1794 post
414 1744 461 1781 de
494 1745 578 1793 ipso
616 1754 663 1781 ex
695 1753 862 1793 persona
894 1742 981 1781 Dei:
1024 1742 1313 1781 Testamentum
1344 1753 1472 1780 meum

133 1807 224 1841 erat
248 1813 337 1841 eum
363 1813 408 1840 eo
440 1804 545 1839 vitae
576 1805 613 1839 et
639 1803 767 1849 pacis,
799 1806 837 1839 et
868 1802 963 1839 dedi
992 1803 1040 1847 ei,
1072 1805 1117 1838 ut
1145 1803 1287 1839 timore
1318 1803 1473 1839 timeret

134 1872 210 1908 me,
250 1866 288 1899 et
325 1872 351 1898 a
383 1859 497 1908 faeie
533 1860 703 1897 nominis
734 1861 812 1897 mei
841 1864 1110 1897 revereretur.
1172 1858 1260 1896 Lex
1290 1860 1471 1897 veritatis

134 1924 225 1957 erat
256 1921 296 1957 in
328 1930 399 1957 ore
425 1920 558 1967 ipsius,
592 1919 632 1955 in
658 1928 765 1966 paee
791 1918 972 1964 diriyens
1004 1917 1221 1954 ambulavit
1251 1927 1402 1955 meeum
1434 1921 1472 1955 et

133 1980 273 2015 multos
305 1978 503 2015 convertit
533 1977 583 2014 ab
617 1977 850 2022 iniquitate;
891 1976 1077 2022 quoniam
1110 1975 1218 2012 labia
1249 1976 1471 2013 sacerdotis

229 2092 263 2131 6)
290 2089 396 2122 Zach.
425 2092 459 2131 9,
486 2092 538 2122 11.
592 2089 648 2129 12)
675 2087 733 2120 ΡΒ.
760 2090 815 2128 39,
843 2091 874 2120 3.
924 2088 984 2129 20)
1009 2086 1095 2121 Mal.
1126 2091 1155 2129 1,
1185 2090 1228 2121 10
1253 2098 1305 2131 sq.

232 2243 272 2272 17
300 2249 475 2282 magnum
501 2237 631 2279 RAR·
657 2248 830 2281 magnum
857 2238 912 2271 est
935 2248 955 2271 v

1607 1971 1610 1976 .
1604 1838 1611 1958 ,Ἃῄᾼᾼ
1593 1166 1611 1823 -2--—.-w-›w———-—-—-—ff:
1601 647 1611 1136 .‹—-—-0—-—..--—,-v.--—--——--
1601 553 1607 633 a-ffl-
1595 528 1607 537 c
1598 494 1599 497 Α
