1611 2465
64 726 105 757 10

65 1017 107 1048 15

67 1309 110 1339 20

72 1602 113 1631 25

127 93 211 134 546
667 97 695 124 s.
717 97 934 124 AUGUSTINI

126 193 267 230 Facite
311 201 407 238 erqo
447 188 610 237 fruetus
655 187 796 234 diqnos
834 188 1127 236 paenitentiae,
1170 184 1310 236 procul
1347 183 1464 223 dubio

127 262 205 289 non
248 249 495 287 invenientur
534 256 598 283 eas
643 244 789 296 facere,
827 245 894 295 qui
937 245 1054 282 vitam
1098 255 1207 282 suam
1250 255 1375 293 usque
1419 241 1465 281 ad

126 314 294 347 mortem
326 305 610 345 cotidianorum
649 304 857 342 criminum
894 303 1185 354 perpetratione
1218 301 1466 353 confodiunt3

128 369 318 418 primum,
352 364 441 414 quia
472 364 513 400 in
545 361 770 400 auferendis
802 360 922 399 rebus
954 360 1090 399 alienis
1122 359 1234 410 longe
1267 359 1379 411 plura
1411 359 1465 397 di-

129 426 288 476 ripiunt,
315 435 361 461 ex
388 420 530 472 quibus
555 421 767 471 perexigua
786 419 1025 470 pauperibus
1049 418 1247 469 largiendo
1269 417 1467 457 Christum

129 495 170 522 se
211 482 256 520 ad
294 481 368 519 hoc
400 491 561 531 pascere
594 480 832 530 existimant,
871 482 913 517 ut
944 477 1139 516 licentiam
1173 476 1468 515 malefactorum

129 541 175 580 ab
214 540 277 579 illo
318 551 358 578 se
400 540 541 577 emisse
580 536 640 575 vel
672 536 813 576 cotidie
845 538 976 588 potius
1008 547 1138 574 emere
1171 535 1377 574 credentes
1409 547 1467 573 se-

130 600 215 638 curi
251 596 483 637 damnabilia
521 601 627 635 tanta
666 596 920 634 committant.
983 594 1058 640 Qui
1096 595 1129 632 si
1165 606 1236 645 pro
1275 605 1353 632 uno
1387 605 1467 632 sce-

130 658 209 697 lere
238 658 366 695 omnia
392 667 462 694 sua
487 653 770 694 distribuerent
801 652 1068 704 indigentibus
1099 652 1286 691 membris
1313 651 1469 703 Christi,

132 718 207 755 nisi
239 716 476 754 desisterent
513 725 534 751 a
571 712 714 752 talibus
755 712 867 750 sactis
899 710 1076 750 habendo
1109 712 1330 762 caritatem,
1371 722 1470 761 quae

131 787 209 813 non
242 775 320 825 agit
349 783 568 824 perperam,
600 770 744 822 aliquid
778 771 834 809 eis
864 770 1051 821 prodesse
1085 781 1162 808 non
1194 775 1338 820 posset.
1395 768 1471 814 Qui

132 845 224 884 ergo
258 833 392 883 dignas
424 843 495 882 pro
528 831 609 869 suis
640 830 811 881 peccatis
844 828 1085 879 elemosynas
1118 827 1227 880 facit,
1264 828 1374 878 prius
1407 839 1471 865 eas

132 893 259 930 facere
303 891 464 941 incipiat
502 901 522 927 a
561 900 601 927 se
641 890 737 939 ipso.
799 887 1005 938 Indignum
1038 892 1097 925 est
1129 887 1251 937 enim,
1282 890 1327 924 ut
1356 887 1398 924 in
1430 897 1471 924 se

132 962 211 989 non
243 950 376 1001 faciat,
414 949 481 998 qui
519 947 610 985 facit
648 948 686 984 in
719 940 958 997 proximum,
996 957 1085 983 cum
1117 944 1246 983 audiat
1277 943 1472 982 dicentem

134 1008 360 1047 Dominum:
402 1007 554 1054 Diliqes
588 1007 817 1054 proximum
856 1009 964 1043 tuum
1007 1008 1208 1052 tamquam
1245 1008 1282 1041 te
1323 1005 1473 1052 ipsum,-

134 1069 305 1117 itemque
333 1065 479 1103 audiat:
506 1064 705 1103 Miserere
730 1065 889 1102 animae
915 1068 1009 1101 tuae
1028 1065 1194 1111 placens
1221 1061 1314 1100 Deo.
1365 1059 1474 1099 Hanc

135 1125 416 1175 elemosynam,
452 1122 491 1161 id
523 1127 602 1173 est,
638 1127 683 1160 ut
715 1120 793 1160 Deo
829 1121 995 1172 placeat,
1034 1132 1112 1158 non
1144 1120 1290 1158 faciens
1323 1121 1471 1157 animae

136 1195 227 1222 suae
268 1195 343 1233 quo
383 1181 496 1219 modo
536 1180 670 1231 dignas
708 1192 779 1230 pro
818 1180 988 1230 peccatis
1029 1180 1109 1217 suis
1148 1178 1389 1229 elemosynas
1422 1177 1473 1215 sa-

137 1254 225 1281 cere
265 1240 453 1279 dicendus
491 1236 580 1277 est‘?
640 1238 696 1276 Ad
728 1238 801 1276 hoc
840 1239 943 1276 enim
981 1242 1020 1275 et
1049 1236 1144 1275 illud
1177 1237 1368 1287 scriptum
1400 1241 1475 1274 est:

143 1302 221 1347 Qui
243 1300 321 1338 sibi
345 1300 543 1346 maliynus
569 1300 636 1344 est,
673 1298 742 1335 cui
766 1298 888 1335 bonus
915 1292 1020 1334 erit?
1045 1293 1070 1320 ‘¹‘
1098 1293 1304 1333 Orationes
1330 1295 1474 1345 quippe

137 1358 319 1397 adiuvant
351 1357 614 1406 elemosynae3
653 1360 691 1394 et
722 1356 858 1405 utique
892 1353 1123 1392 intuendum
1156 1358 1216 1391 est
1247 1351 1351 1403 quod
1383 1352 1475 1403 legi-

138 1429 242 1456 mus:
280 1417 375 1463 Fe'le‘,
408 1415 608 1465 peccasti,
647 1425 696 1452 ne
728 1414 885 1452 adicias
917 1415 1061 1451 iterum
1099 1416 1136 1450 et
1167 1413 1215 1450 de
1242 1413 1477 1460 praeteritis

139 1478 374 1525 deprecare,
406 1479 449 1511 ut
481 1473 554 1511 tihi
579 1474 844 1510 dimittantur.
906 1470 1072 1522 Propter
1103 1469 1176 1508 hoc
1211 1481 1302 1520 ergo
1336 1469 1476 1507 elemo-

141 1545 256 1585 synae
289 1531 487 1571 faciendae
521 1536 632 1582 sunt,
664 1535 724 1583 ut,
757 1542 845 1568 cum
878 1529 924 1568 de
956 1530 1178 1580 praeteritis
1210 1529 1381 1579 peccatis
1412 1527 1476 1566 de-

141 1603 372 1644 precamur,
426 1589 694 1640 exaudiamur3
751 1600 829 1626 non
882 1593 924 1626 ut
979 1589 1020 1626 in
1077 1588 1132 1625 eis
1181 1591 1478 1638 perseverantes

141 1651 336 1689 licentiam
361 1647 628 1687 malefaciendi
658 1659 729 1685 nos
760 1659 831 1698 per
865 1646 1105 1696 elemosynas
1138 1656 1362 1695 comparare
1395 1656 1478 1683 cre-

141 1709 287 1747 damus.

260 1766 351 1805 Ideo
393 1770 532 1804 autem·
564 1764 752 1803 Dominus
796 1768 834 1801 et
874 1762 1022 1800 dextris
1061 1760 1303 1812 elemosynas
1339 1760 1385 1799 ab
1424 1762 1480 1798 eis

145 1827 264 1864 factas
304 1830 343 1863 et
380 1824 551 1862 sinistris
590 1834 667 1860 non
708 1822 826 1859 saetas
865 1832 905 1859 se
944 1822 1214 1872 inputaturum
1253 1830 1338 1857 esse
1370 1830 1479 1869 prae-

74 1892 119 1923 30
146 1885 257 1931 dixit,
297 1888 341 1922 ut
371 1882 463 1921 hinc
495 1880 721 1920 ostenderet
759 1884 947 1930 quantum
978 1878 1127 1916 valeant
1159 1877 1401 1927 elemosynae
1434 1876 1480 1915 ad

144 1944 276 1994 priora
302 1940 477 1992 delenda,
508 1950 586 1978 non
612 1938 658 1977 ad
689 1942 879 1989 perpetua
910 1938 1054 1987 inpune
1088 1934 1362 1974 committenda
1393 1946 1480 1985 pec-

241 2044 275 2085 1)
296 2042 360 2076 Mt.
383 2045 415 2083 3,
442 2043 473 2074 8.
527 2041 584 2084 11)
606 2043 634 2074 1.
658 2038 736 2073 Cor.
761 2042 814 2080 13,
839 2041 871 2071 4.
923 2038 980 2080 15)
1007 2036 1071 2070 Mt.
1099 2039 1155 2078 22,
1181 2039 1235 2070 39.
1288 2036 1345 2079 16)
1370 2035 1481 2070 Ecoli.

148 2092 203 2131 30,
229 2092 285 2122 24.
335 2089 393 2131 20)
419 2087 471 2121 lb.
500 2090 556 2129 14,
582 2089 613 2120 5.
663 2087 723 2128 23)
749 2085 801 2119 lb.
828 2087 884 2125 21,
911 2087 941 2118 1.

244 2220 264 2250 4
290 2215 450 2259 primum
477 2215 519 2249 bv
544 2216 645 2256 (538,
665 2215 720 2255 1);
746 2211 864 2256 primo
878 2210 1065 2245 RAParr.
1090 2210 1166 2244 rell.
1187 2210 1199 2253 ΙΙ
1217 2212 1262 2243 20
1288 2211 1370 2244 ante
1396 2208 1484 2243 Ora.-

150 2263 270 2297 tiones
297 2263 410 2296 deesse
436 2261 616 2295 nonnulla
640 2259 808 2293 videntur
