1611 2465
68 906 109 936 10

70 1198 111 1227 15

69 1489 113 1519 20

71 1781 114 1812 25

73 2072 117 2102 30

131 74 216 115 346
671 80 697 106 s.
718 79 935 107 Aoousmm

590 259 834 301 LIBER
882 259 1018 301 XIX.

691 435 847 477 CAPUT
880 435 911 476 I.

141 526 254 571 Quod
285 525 324 561 in
357 523 606 570 quaestione,
644 532 763 568 quam
802 522 851 559 de
878 522 1027 567 finibus
1061 522 1253 559 bonorum
1285 525 1324 559 et
1352 523 1471 559 malo-

134 594 223 621 rum
246 582 522 631 philosophica
549 581 765 628 disputatio
797 581 1011 627 ventilavit,
1045 581 1239 617 ducentas
1271 581 1473 627 octoqinla

281 645 319 678 et
350 644 436 678 octo
467 643 598 677 sectas
630 649 731 676 esse..
739 649 856 686 posse
897 637 1026 676 Varro
1053 639 1321 686 perspexerit.

252 722 443 767 Quoniam
483 720 530 758 de
570 720 734 758 civitatis
779 720 1003 770 utriusque,
1041 725 1222 757 terrenae
1256 719 1405 757 scilicet
1437 724 1476 758 et

135 781 334 831 caelestis,
376 778 517 817 debitis
561 777 704 816 finibus
751 777 936 828 deinceps
985 777 1079 815 mihi
1121 777 1231 815 video
1275 777 1474 828 disputan-

137 840 246 878 dum:
287 840 398 888 prius
440 836 667 887 exponenda
709 841 817 883 sunt,
859 841 1047 886 quantum
1086 837 1217 886 operis
1249 836 1365 874 huius
1398 841 1474 874 ter-

137 896 307 936 minandi
346 897 443 934 ratio
483 897 647 946 patitur,
684 900 912 945 argumenta
944 894 1186 946 mortalium,
1228 894 1370 945 quibus
1402 893 1476 932 sibi

136 958 210 1007 ipsi
242 954 522 993 beatitudinem
561 954 688 991 facere
727 954 767 990 in
805 952 921 991 huius
961 954 1061 991 vitae
1094 953 1320 991 infelicitate
1353 952 1476 991 moliti

138 1019 246 1065 sunt,
286 1019 330 1051 nt
362 1012 408 1050 ab
441 1024 577 1050 eorum
610 1011 728 1049 rebus
760 1013 867 1049 vanis
900 1023 988 1062 spes
1021 1016 1154 1049 nostra
1188 1011 1280 1061 quid
1313 1011 1476 1062 differat,

137 1084 251 1123 quam
284 1071 387 1109 Deus
425 1070 538 1109 nohis
571 1069 692 1116 dedit,
733 1075 771 1107 et
803 1081 865 1107 res
898 1071 999 1120 ipsa,
1038 1069 1111 1107 hoc
1145 1075 1204 1107 est
1236 1081 1324 1108 vera
1356 1069 1476 1108 beati-

139 1131 243 1181 tudo,
275 1142 390 1180 quam
424 1128 549 1180 dabit,
582 1140 659 1166 non
692 1133 840 1166 tantum
874 1129 1104 1166 auctoritate
1138 1127 1277 1180 divina,
1311 1128 1379 1166 sed
1412 1128 1475 1166 ad-

138 1189 259 1227 hibita
298 1190 413 1226 etiam
453 1189 624 1238 ratione,
667 1186 818 1236 qualem
857 1191 1019 1237 propter
1059 1185 1235 1224 infideles
1267 1198 1476 1237 possumus

139 1247 342 1293 adhibere,
384 1246 583 1283 clarescat.
610 1263 617 1268 ¹
644 1244 698 1282 De
737 1244 878 1283 finibus
917 1246 1019 1282 enim
1058 1244 1251 1282 bonorum
1292 1250 1330 1283 et
1361 1244 1476 1283 malo-

139 1318 226 1344 rum
253 1304 374 1343 multa
400 1310 439 1342 et
465 1302 732 1353 multipliciter
757 1304 860 1341 inter
887 1315 927 1340 se
954 1302 1175 1354 philosophi
1208 1303 1478 1354 disputarunt3

140 1376 254 1415 quam
297 1364 564 1413 quaestionem
603 1362 766 1400 maxima
804 1363 1021 1399 intentione
1063 1367 1264 1400 versantes
1302 1363 1477 1399 invenire

140 1423 268 1461 conati
310 1427 422 1472 sunt,
461 1420 553 1470 quid
592 1420 735 1458 efficiat
775 1419 972 1458 hominem
1014 1418 1182 1458 beatum.
1243 1419 1342 1458 lllud
1375 1421 1478 1458 enim

141 1486 201 1519 est
233 1481 320 1518 finis
346 1479 438 1517 boni
465 1480 601 1530 nostri,
633 1483 794 1529 propter
827 1478 929 1528 quod
964 1478 1179 1528 appetenda
1212 1483 1304 1516 sunt
1336 1484 1477 1525 cetera,

141 1541 268 1590 ipsum
300 1544 431 1576 autem
467 1544 628 1588 propter
669 1549 709 1575 se
743 1538 888 1588 ipsum3
927 1543 966 1575 et
997 1536 1091 1574 illud
1124 1537 1212 1574 finis
1244 1536 1352 1588 mali,
1389 1548 1478 1587 pro-

140 1604 226 1648 pter
266 1596 368 1647 quod
408 1596 558 1633 vitanda
600 1600 691 1633 sunt
730 1601 877 1646 cetera,
917 1597 1045 1645 ipsum
1083 1601 1212 1633 autem
1243 1601 1405 1646 propter
1437 1607 1478 1633 se

140 1658 307 1706 ipsum.„‹
342 1654 476 1692 Finem
518 1653 609 1691 honi
651 1666 743 1703 ergo
786 1665 889 1691 nunc
928 1653 1111 1705 dicimus,
1153 1665 1229 1691 non
1268 1665 1344 1703 quo
1386 1665 1477 1691 con-

142 1712 336 1764 sumatur,
368 1718 411 1750 ut
443 1724 521 1750 non
554 1713 621 1764 sit,
660 1712 726 1750 sed
760 1724 836 1761 quo
868 1712 1111 1762 perficiatur,
1144 1717 1186 1750 ut
1217 1711 1377 1762 plenum
1409 1713 1477 1763 sit;

142 1778 180 1810 et
211 1772 329 1809 finem
361 1770 467 1821 mali,
500 1782 578 1808 non
612 1782 687 1820 quo
721 1782 805 1807 esse
839 1770 1007 1822 desinat,
1045 1769 1112 1807 sed
1146 1782 1221 1820 quo
1254 1781 1379 1820 usque
1412 1782 1478 1807 no·

143 1830 265 1869 cendo
307 1828 506 1880 perducat.
569 1828 684 1866 Fines
725 1830 854 1877 itaque
887 1829 952 1866 isti
984 1833 1075 1866 sunt
1107 1840 1302 1866 summum
1333 1827 1480 1866 bonum

143 1894 181 1927 ct
213 1899 409 1926 summum
442 1886 595 1924 malum.
658 1885 711 1923 De
741 1885 883 1936 quihus
916 1885 1157 1923 inveniendis
1189 1891 1305 1935 atque
1337 1887 1376 1924 in
1408 1886 1480 1929 hac

146 1949 219 1985 vita
271 1956 422 1984 summo
474 1944 574 1982 bono
625 1944 896 1994 adipiscendo,
944 1943 1098 1982 vitando
1148 1949 1277 1982 autem
1329 1956 1480 1982 summo

144 2004 262 2055 malo,
301 2004 484 2054 multum,
523 2004 623 2041 sicut
654 2002 749 2053 dixi,
788 2001 1078 2053 laboraverunt,
1120 2003 1186 2052 qui
1219 2002 1391 2040 studium
1423 2014 1480 2041 sa·

146 2065 312 2114 pientiae
340 2064 378 2099 in
406 2061 551 2099 saeculi
577 2060 693 2098 huius
719 2062 886 2098 vanitate
912 2062 1080 2110 professi
1107 2066 1214 2111 sunt3
1247 2072 1319 2098 nec
1354 2067 1481 2099 tamen

145 2134 231 2173 eos,
276 2121 450 2171 quamvis
491 2119 654 2157 diversis
694 2124 869 2156 errantes
909 2119 1052 2169 modis,
1097 2124 1258 2157 naturae
1300 2118 1483 2157 limesia

147 2185 296 2218 tantum
336 2178 381 2215 ab
422 2179 561 2216 itinere
602 2178 774 2215 veritatis
816 2177 968 2214 deviare
1001 2178 1196 2228 permisit,
1233 2182 1277 2215 ut
1309 2189 1385 2215 non
1418 2176 1482 2215 aiii

146 2239 184 2275 in
218 2238 364 2287 animo,
403 2236 465 2273 alii
498 2237 537 2274 in
570 2247 752 2286 corpore,
793 2234 854 2273 alii
887 2236 926 2272 in
959 2241 1127 2285 utroque
1161 2236 1257 2273 fines
1290 2234 1482 2273 bonorum

1608 1435 1611 1469 .-.
1599 1115 1611 1415 ——m-o—-fflw‘n
1602 1059 1611 1103 τ’
1600 879 1611 1044 ⁴-k·-x³,—n⁴
