1611 2465
128 404 148 434 5

105 698 148 728 10

105 991 146 1022 15

102 1872 120 1901 3
125 1871 145 1901 Ο

175 63 263 102 424
718 70 746 95 s.
765 70 981 96 AUGUSTINI

177 166 216 200 et
252 162 422 200 comedit
459 172 546 205 eos;
591 165 627 198 et
669 161 867 207 dz'abolzffl,
906 162 977 208 qui
1005 161 1223 199 seducebat
1254 173 1335 209 eos,
1374 165 1513 202 missus

176 225 234 258 est
260 222 299 258 2'12
326 225 512 268 stagneum
539 220 642 266 iynis
669 223 707 256 et
729 220 945 267 sulphur-53,
978 220 1048 257 ube·
1072 224 1109 257 et
1135 221 1259 258 bestia
1286 226 1323 259 et
1344 223 1511 270 pseudo-

171 280 395 328 propheta,-
448 282 485 316 et
529 278 825 316 cruce'abuntm·
875 278 939 315 die
992 289 1042 316 cte
1094 284 1209 317 nocte
1260 281 1299 317 in
1350 282 1515 319 saecula

174 340 438 376 saeculorum.
502 335 578 374 Sed
617 335 690 374 hoc
729 337 804 374 iam
847 335 893 373 ad
925 336 1112 374 iudicium
1143 339 1395 376 novissimum
1427 350 1513 389 per-

174 398 293 447 tinet,
334 394 438 445 quod
476 406 581 433 nune
619 400 828 445 propterea
860 396 1242 434 commemorandum
1274 398 1425 448 putavi,
1466 409 1515 434 ne

176 456 263 504 quis
297 455 493 492 existimet
532 466 576 491 eo
616 455 701 504 ipso
732 465 850 504 parvo
883 459 1078 506 tempore,
1117 466 1193 504 quo
1232 455 1404 494 solvetur
1436 455 1513 493 dia—

176 512 306 564 bolus,
344 514 384 550 in
416 512 488 550 hae
527 518 633 550 terra
665 512 869 550 ecclesiam
901 524 979 550 non
1011 513 1200 565 futuram,
1238 513 1302 551 illo
1336 513 1398 552 hic
1431 525 1515 552 eam

174 571 234 609 vel
277 583 355 609 non
393 572 635 622 inveniente,
680 583 769 609 cum
808 571 928 609 fuerit
965 570 1133 623 solutus,
1178 571 1237 610 vel
1274 571 1516 624 absumente,

175 642 266 669 cum
304 631 423 668 fuerit
460 629 585 668 modis
625 629 806 668 omnibus
843 635 1086 680 persecutus.
1148 630 1233 668 Non
1272 632 1403 681 itaque
1444 643 1515 682 per

174 694 301 727 totum
332 689 407 726 hoc
439 694 615 739 tempus,
648 688 752 739 quod
783 687 882 726 liber
913 689 986 726 iste
1020 688 1304 741 complectitur,
1336 702 1356 727 a
1386 690 1513 740 primo

175 747 324 786 scilicet
362 747 529 786 adventu
562 746 708 785 Christi
749 759 873 797 usque
906 748 946 784 in
978 747 1122 785 saeculi
1156 748 1292 799 finem,
1331 760 1407 798 quo
1440 749 1515 786 erit

174 806 371 845 secundus
398 808 483 844 eius
510 805 710 857 adventus,
742 807 794 844 ita
821 804 997 844 diabolus
1025 805 1213 857 alligatur,
1240 812 1283 845 ut
1309 808 1392 844 eius
1419 806 1513 844 haee

172 867 255 916 ipsa
282 867 332 904 sit
358 865 537 916 alligatio,
569 877 640 916 per
666 864 740 902 hoc
766 864 1024 916 intervallum,
1056 865 1159 914 quod
1187 864 1289 903 mille
1323 877 1514 903 annorum

173 936 337 962 numero
371 924 548 975 appellat,
580 936 659 961 non
691 922 893 979 seducere
913 922 1138 975 ecclesiam,
1171 923 1324 974 quando
1357 923 1514 974 quidem

174 982 277 1020 illam
316 994 388 1020 nec
427 982 579 1020 solutus
620 984 755 1032 utique
796 982 1033 1020 seducturus
1071 987 1141 1020 est.
1203 982 1299 1020 Nam
1335 982 1512 1033 profecto

174 1042 210 1079 ei
248 1042 281 1078 si
322 1041 469 1091 alligari
507 1045 566 1078 est
605 1052 682 1078 non
724 1052 837 1090 posse
877 1040 1066 1078 seducere
1100 1041 1179 1078 sive
1212 1053 1290 1078 non
1321 1042 1513 1091 permitti:

174 1099 265 1150 quid
300 1101 375 1138 erit
407 1099 502 1137 solvi
541 1100 615 1137 nisi
652 1111 767 1149 posse
800 1098 989 1137 seducere
1024 1100 1102 1136 sive
1134 1096 1338 1149 permitti?
1400 1099 1511 1144 Quod

173 1158 273 1196 absit
299 1164 342 1197 ut
368 1158 449 1209 fiat,
483 1157 550 1195 sed
577 1157 743 1207 alligatio
771 1157 913 1195 diaboli
939 1163 999 1195 est
1024 1169 1101 1195 non
1128 1159 1303 1207 permitti
1330 1170 1511 1196 exserere

172 1223 291 1255 totam
342 1217 661 1267 temptationem,
711 1228 826 1266 quam
870 1221 999 1266 potest
1049 1215 1110 1253 vel
1153 1217 1189 1253 vi
1232 1215 1291 1253 vel
1335 1216 1421 1254 dolo
1466 1216 1512 1254 ad

174 1275 419 1314 seducendos
463 1274 641 1312 homines
685 1276 724 1312 in
761 1279 913 1325 partem
955 1285 1064 1312 suam
1109 1273 1282 1324 cogendo
1323 1274 1512 1313 violenter

173 1333 490 1372 fraudulenterve
536 1332 713 1371 fallendo.
790 1332 901 1377 Quod
946 1333 979 1370 si
1016 1334 1314 1383 permitteretur
1352 1334 1392 1370 in
1434 1338 1511 1371 tam

173 1393 287 1443 longo
329 1399 504 1443 tempore
547 1397 586 1430 et
625 1397 731 1430 tanta
779 1392 1004 1429 infirmitate
1045 1391 1278 1443 multorum,
1321 1391 1512 1442 plurimos

173 1451 289 1503 tales,
332 1451 464 1501 quales
505 1450 608 1488 Deus
649 1450 687 1488 id
727 1452 879 1500 perpeti
920 1462 997 1487 non
1039 1449 1139 1502 vult,
1181 1456 1220 1488 et
1256 1449 1390 1488 fideles
1431 1449 1509 1488 dei—

173 1516 280 1548 ceret
322 1516 360 1548 et
398 1522 446 1548 ne
485 1508 693 1547 crederent
732 1508 956 1559 impediret,
995 1508 1098 1558 quod
1138 1520 1185 1546 ne
1231 1508 1394 1560 faceret,
1431 1508 1510 1546 alli-

171 1574 283 1620 gatus
316 1574 385 1607 est.

290 1627 401 1666 Tunc
439 1632 569 1665 autem
607 1626 797 1678 solvetur,
837 1626 991 1676 quando
1030 1631 1069 1663 et
1100 1625 1217 1663 breve
1249 1631 1404 1676 tempus
1436 1627 1512 1664 erit

172 1682 282 1738 (nam
314 1685 442 1724 tribus
474 1686 585 1723 annis
612 1690 650 1723 et
676 1697 743 1722 sex
776 1684 976 1722 mensibus
1009 1684 1151 1734 legitur
1183 1685 1275 1722 totis
1308 1685 1387 1722 suis
1421 1696 1509 1722 suo·

171 1756 338 1795 rumque
367 1744 512 1782 viribus
551 1739 791 1795 saeviturus)
824 1749 863 1781 et
889 1742 986 1780 tales
1018 1748 1146 1793 erunt,
1179 1754 1266 1780 cum
1300 1742 1441 1792 quibus
1474 1743 1509 1780 ei

171 1802 480 1853 belligerandum
520 1807 603 1853 est,
634 1807 677 1840 ut
708 1802 809 1839 vinci
842 1806 949 1839 tanto
982 1802 1067 1839 eius
1100 1803 1246 1851 impetu
1280 1801 1508 1851 insidiisque

172 1873 250 1900 non
276 1862 437 1912 possint.
502 1860 542 1898 Si
568 1865 696 1898 autem
729 1872 940 1910 numquam
974 1859 1202 1910 solveretur,
1234 1860 1363 1897 minus
1395 1870 1507 1909 appa-

266 1976 300 2008 4‘»
329 1975 439 2017 Apoe.
466 1977 521 2016 ⁶20,
549 1976 568 2006 9
596 1984 646 2015 sq.

267 2106 287 2136 2
314 2101 495 2145 seulpuris
520 2101 573 2135 ΕΙ
597 2103 609 2144 ΙΙ
634 2100 976 2144 pseudoprophetae
1002 2099 1037 2133 A
1061 2100 1073 2143 ΙΙ
1100 2103 1140 2133 11
1168 2098 1255 2143 quo]
1283 2098 1345 2141 qui
1366 2098 1401 2133 R
1427 2100 1439 2142 ΙΙ
1466 2102 1509 2134 16

172 2149 205 2184 ei
231 2148 261 2183 si
287 2148 342 2190 R,
374 2148 405 2182 si
431 2148 463 2182 ei
489 2160 508 2182 v
546 2149 557 2192 ΙΙ
597 2151 638 2182 18
666 2158 828 2181 exserere
854 2146 889 2180 R
918 2146 1026 2180 Parr.
1053 2146 1135 2187 (vol.
1162 2146 1205 2187 Ι,
1231 2148 1318 2188 237,
1344 2149 1425 2189 14);
1450 2156 1508 2180 ex-

171 2196 567 2277 }eggenzllgaffercere
588 2206 606 2228 v
627 2197 638 2238 Η
658 2198 701 2230 ‘36
724 2195 902 2238 vulgarem
927 2193 1114 2228 verbm-mn
1140 2192 1402 2227 distinctionem
1429 2192 1507 2227 erit.
