1548 2562
421 106 472 129 DE
493 105 681 130 CIVITATE
700 106 769 130 DEI
788 106 820 130 L.
841 106 920 130 xlx.
941 105 969 130 c.
990 106 1030 130 23.
1314 96 1399 137 399

72 194 285 232 doctissimi
317 194 560 245 praedicant,
591 194 769 232 audiatur
801 195 984 232 timeatur
1014 193 1231 244 impleatur,
1264 206 1311 232 ne
1343 196 1399 232 in-

72 251 323 290 oboedientes
361 251 569 290 eradicatio
612 258 884 302 consequatur.
956 252 1222 299 Sacre'ficans,
1263 254 1401 304 inquit,

72 312 149 348 diis
175 311 454 348 eradicabitur
479 312 558 348 m'sz'
581 311 747 348 Domino
780 315 954 355 tarztzc‘m;
984 322 1062 348 uon
1095 322 1170 360 quo
1203 312 1260 348 rei
1291 316 1402 360 egeat

72 368 246 419 alicuius,
278 368 345 406 sed
379 369 467 418 quia
500 368 611 406 nobis
642 368 809 418 expedit,
840 374 884 406 ut
914 380 978 406 res
1011 370 1094 406 eius
1127 370 1258 406 simus.
1302 368 1401 406 Huic

72 428 175 464 enim
208 427 360 464 canitur
390 428 430 464 in
457 428 577 464 sacris
609 426 749 464 litteris
775 426 1059 465 Hebraeorum:
1092 428 1191 464 Dia-2·
1215 428 1401 465 Domino:
1427 435 1447 465 5

71 485 179 522 Deus
216 496 324 523 meus
361 497 402 523 es
433 489 492 532 tu,
530 487 716 532 quoniam
755 486 945 523 bonorum
983 497 1158 523 meorum
1189 497 1267 523 non
1300 497 1400 533 eyes.

71 542 196 580 Huius
234 548 363 581 autem
399 542 751 593 praeclarissimum
790 548 905 593 atque
948 544 1136 593 optimum
1171 544 1402 581 sacrificium

72 613 143 638 nos
174 602 248 651 ipsi
280 613 426 652 sumus,
458 601 531 639 hoc
558 606 617 639 est
649 602 782 639 civitas
815 603 910 651 eius,
942 603 1054 639 cuius
1086 602 1143 639 rei
1175 603 1400 652 mysterium

72 659 314 697 celebramus
340 659 599 698 oblationibus
626 661 782 711 nostris,
815 672 911 709 quae
944 659 1122 697 fidelibus
1155 666 1267 698 notae
1301 665 1402 711 sunt,

71 719 172 756 sicut
214 719 253 755 in
298 717 406 756 libris
450 717 774 768 praecedentibus
815 718 1106 768 disputavimus.
1176 718 1402 756 Cessaturas
1432 727 1473 756 10

72 777 174 813 enim
206 777 392 828 victimas,
425 788 520 826 quas
552 778 591 814 in
623 775 760 814 umbra
792 776 914 814 futuri
946 776 1160 814 offerebant.
1191 776 1333 827 Iudaei,
1365 782 1404 814 et

71 846 193 872 unum
232 835 465 872 sacrificium
503 840 638 885 gentes
671 847 691 872 a
723 834 814 872 solis
852 840 940 872 ortu
974 847 1097 884 usque
1130 834 1176 872 ad
1209 847 1403 885 occasum,

72 894 173 931 sicut
215 894 290 931 iam
340 893 424 932 fieri
468 894 682 944 cernimus,
733 892 927 931 oblaturas
971 905 1042 943 per
1079 892 1288 943 prophetas
1329 892 1402 930 lle-

71 950 209 989 braeos
259 951 414 989 oracula
463 952 695 1001 increpuere
745 951 887 1001 divina;
939 963 985 988 ex
1029 950 1171 1000 quibus
1216 957 1403 1001 quantum

72 1011 163 1048 satis
208 1011 332 1048 visum
376 1015 452 1060 est,
497 1009 679 1047 nonnulla
718 1009 950 1059 protulimus
988 1015 1027 1047 et
1065 1009 1155 1047 huic
1188 1011 1263 1047 iam
1295 1011 1404 1060 operi
1433 1020 1473 1049 15

72 1068 347 1118 adspersimus.
410 1067 657 1118 Quapropter
683 1067 750 1105 ubi
777 1080 852 1105 non
886 1074 945 1105 est
976 1069 1048 1105 ista
1081 1068 1239 1118 iustitia,
1271 1074 1314 1106 ut
1346 1079 1402 1105 se-

72 1126 241 1164 cundum
287 1138 396 1165 suam
439 1128 600 1176 gratiam
645 1127 790 1164 civitati
830 1125 1051 1164 oboedienti
1093 1125 1195 1164 Deus
1239 1127 1405 1176 imperet

71 1197 174 1223 unus
207 1191 246 1223 et
277 1197 470 1236 summus,
508 1196 555 1222 ne
595 1186 775 1234 cuiquam
808 1185 999 1222 sacrificet
1031 1186 1106 1222 nisi
1138 1190 1286 1222 tantum
1320 1184 1404 1235 sibi,

73 1248 111 1281 et
147 1256 218 1295 per
254 1242 327 1281 hoc
364 1245 404 1281 in
442 1242 622 1281 omnibus
665 1242 887 1281 hominibus
926 1242 972 1280 ad
1011 1242 1172 1280 eandem
1211 1244 1405 1281 civitatem

71 1300 359 1353 pertinentibus
400 1308 514 1352 atque
548 1300 844 1339 oboedientibus
877 1300 955 1339 Deo
989 1302 1139 1339 animus
1173 1302 1287 1339 etiam
1319 1313 1403 1339 cor-
1431 1312 1475 1343 20

72 1363 158 1411 pori
199 1366 313 1410 atque
353 1362 450 1398 ratio
490 1361 590 1397 vitiis
628 1360 762 1397 ordine
809 1359 980 1409 legitimo
1019 1359 1184 1397 fideliter
1221 1361 1405 1411 imperet3

72 1426 133 1472 ut,
171 1431 288 1470 quem
320 1419 365 1456 ad
397 1418 555 1456 modum
586 1419 712 1456 iustus
745 1430 865 1469 unus,
908 1419 959 1456 ita
992 1423 1127 1456 coetus
1159 1418 1404 1468 populusque

72 1479 266 1516 iustorum
310 1478 409 1515 vivat
453 1489 498 1514 ex
536 1476 627 1527 fide,
672 1488 769 1526 quae
814 1483 998 1527 operatur
1036 1488 1106 1526 per
1146 1476 1405 1527 dilectionem,

74 1549 149 1587 qua
191 1536 306 1574 homo
351 1535 476 1585 diligit
520 1534 660 1585 Deum,
706 1536 806 1573 sicut
849 1534 1067 1584 diligendus
1105 1541 1165 1572 est
1203 1534 1324 1586 Deus,
1368 1540 1406 1572 et

72 1597 293 1646 proximum
334 1595 436 1632 sicut
472 1599 595 1631 semet
632 1594 777 1644 ipsum,
813 1614 860 1619 —
897 1592 963 1630 ubi
1003 1605 1093 1643 ergo
1132 1604 1210 1630 non
1243 1598 1302 1630 est
1334 1594 1405 1630 ista
1431 1603 1475 1633 25

73 1655 237 1704 iustitia,
275 1653 451 1704 profecto
483 1664 560 1689 non
594 1658 652 1689 est
684 1657 818 1689 coetus
851 1651 1051 1689 hominum
1083 1652 1179 1689 iuris
1212 1662 1404 1689 consensu

75 1718 113 1751 et
145 1712 321 1750 utilitatis
354 1711 625 1748 communione
659 1711 838 1748 sociatus.
902 1710 1013 1754 Quod
1047 1711 1078 1748 si
1110 1721 1188 1747 non
1221 1715 1300 1759 est,
1332 1710 1404 1747 uti-

74 1783 149 1821 que
188 1769 355 1821 populus
393 1780 469 1806 non
513 1773 589 1818 est,
633 1769 664 1806 si
703 1780 792 1806 vera
830 1773 890 1805 est
926 1767 1020 1806 haec
1057 1767 1190 1818 populi
1223 1767 1405 1805 delinitio.

72 1828 175 1879 Ergo
208 1840 280 1866 nec
312 1839 375 1865 res
406 1827 560 1877 publiea
599 1832 679 1877 est,
721 1828 810 1877 quia
849 1838 912 1864 res
942 1825 1078 1877 populi
1110 1838 1186 1863 non
1220 1832 1299 1878 est,
1340 1825 1406 1863 ubi

72 1888 154 1938 ipse
187 1885 354 1937 populus
385 1897 461 1924 non
494 1891 563 1924 est.
1433 1895 1476 1926 30

169 1988 203 2030 6>
230 1987 287 2021 Ps.
316 1990 370 2028 15,
397 1990 427 2021 2.
478 1988 534 2029 21)
562 1985 612 2020 Cf.
643 1989 720 2029 391,
746 1989 778 2019 4.

168 2107 190 2137 4
215 2101 301 2137 huic
325 2113 394 2137 mss
402 2115 414 2143 ;
439 2102 533 2136 Hinc
558 2112 578 2136 v
