1611 2465
132 91 217 134 362
661 99 933 126 S.AUGUST1N1

132 190 309 229 culorum
334 189 510 228 laborum
537 189 726 241 dolorum,
758 195 864 228 tanto
897 189 1070 228 fideliora
1102 192 1325 229 testimonia
1356 192 1469 230 mise-

131 251 288 287 riarum.
353 248 393 286 Si
431 249 535 286 enim
573 259 686 286 verae
725 249 890 287 virtutes
927 253 1037 300 sunt,
1075 261 1173 299 quae
1213 250 1287 287 nisi
1327 250 1367 288 in
1399 251 1469 302 eis,

132 307 274 358 quibus
307 319 396 345 vera
428 308 531 345 inest
566 308 710 358 pietas,
752 319 837 345 esse
870 319 949 345 non
980 313 1163 358 possunt:
1195 320 1273 346 non
1306 320 1347 346 se
1380 320 1469 359 pro-

131 367 291 404 fitentur
323 365 397 403 hoc
435 377 570 417 posse,
610 365 809 417 utbnullas
841 367 1019 404 miserias
1050 368 1248 417 patiantur
1280 366 1471 418 homines,

84 432 104 463 5
130 426 168 463 in
211 424 364 475 quibusv
391 430 483 462 sunt
525 419 674 477 (neque
713 426 815 462 enim
857 425 1064 463 mendaces
1109 431 1202 464 sunt
1241 437 1354 464 verae
1395 427 1469 464 vir-

131 489 247 534 tutes,
280 488 322 521 ut
354 482 427 521 hoc
459 479 752 536 profiteantur),
785 483 852 521 sed
886 490 929 522 ut
960 485 1036 522 vita
1068 483 1250 536 humana,
1282 496 1380 534 quae
1412 489 1471 523 tot

130 548 168 580 et
211 543 329 580 tantis
372 541 489 580 huius
528 541 673 580 saeculi
716 541 827 580 malis
868 554 954 581 esse
996 544 1151 593 cogitur
1191 544 1355 595 misera,
1400 555 1468 593 spe

131 601 253 638 futuri
286 600 431 639 saeculi
469 601 518 639 sit
550 600 679 652 beata,
721 602 823 639 sicut
855 607 893 639 et
925 601 1037 640 salva.
1100 601 1185 646 Quo
1218 601 1333 640 modo
1365 603 1471 640 enim

129 658 240 697 beata
282 665 361 710 est,
406 671 503 709 quae
542 658 716 697 nondum
755 659 857 697 salva
896 657 984 698 est?
1044 659 1154 698 Unde
1193 666 1233 698 et
1271 660 1470 711 apostolus

62 726 103 757 10
130 717 273 756 Paulus
305 729 383 755 non
416 717 463 756 de
496 717 720 756 hominibus
751 717 1055 769 inprudentibus
1087 718 1381 770 inpatientibus,
1412 720 1468 757 in-

131 775 505 827 temperantibuset
529 778 689 828 iniquis,
721 777 788 815 sed
814 776 861 815 de
888 777 960 828 his,
993 778 1059 828 qui
1091 777 1308 816 secundum
1339 789 1470 816 veram

129 836 314 886 pietatem
353 836 528 873 viverent
565 840 604 873 et
641 835 728 873 ideo
766 837 949 888 virtutes,
988 848 1084 886 quas
1116 835 1327 888 haberent,
1358 848 1470 875 veras

128 893 336 944 haberent,
374 895 444 932 ait:
485 894 564 943 Spe
601 896 704 933 enim
735 897 838 933 salm'
863 893 970 943 facti
999 907 1145 933 sumus.
1208 896 1306 944 Spes
1338 900 1470 934 autem

129 965 233 1000 quae
258 954 426 1000 videtur,
458 964 537 991 non
569 958 628 991 est
656 965 754 1002 spes.
824 954 939 999 (mod
968 955 1071 992 em'm
1103 955 1212 992 videt
1241 956 1339 1002 quis,
1372 955 1473 1002 quid

62 1020 102 1050 15
129 1016 167 1049 et
197 1013 361 1059 sperat?
423 1011 470 1049 Sa·
505 1016 636 1050 aulem
674 1013 782 1059 quod
810 1024 888 1050 non
926 1013 1102 1051 videmus
1133 1024 1359 1064 speramus,
1392 1025 1470 1062 per

121 1072 364 1119 patientiam
408 1074 675 1119 eoepeetamus.
719 1065 849 1108 “Sicut
893 1082 986 1121 ergo
1032 1083 1100 1122 spe
1146 1070 1260 1122 salvi,
1304 1072 1355 1109 ita
1400 1084 1468 1122 spe

129 1127 233 1166 beati
265 1129 356 1166 sacti
388 1140 540 1180 sumus,
573 1134 619 1167 et·
644 1130 747 1167 sicut
777 1129 960 1181 salutem,
992 1130 1044 1167 ita
1076 1128 1357 1167 beatitudinem
1390 1142 1469 1168 non

129 1188 204 1225 iam
248 1192 428 1225 tenemus
472 1192 738 1239 praesentem,
783 1187 851 1225 sed
896 1193 1147 1238 expectamus
1192 1188 1385 1240 futuram,
1430 1193 1468 1226 et

129 1245 202 1283 hoc
229 1258 307 1294 per
334 1248 574 1294 patientiam
628 1247 718 1296 quia
750 1247 789 1284 in
820 1245 930 1284 malis
963 1258 1111 1298 sumus,
1144 1258 1242 1297 quae
1275 1248 1468 1297 patienter

60 1314 102 1344 20
129 1303 297 1342 tolerare
325 1303 525 1355 debemus,
584 1316 680 1342 onec
706 1304 752 1342 ad
779 1304 842 1342 illa
869 1306 1070 1343 veniamus
1096 1304 1208 1357 bona,
1241 1304 1307 1343 ubi
1339 1307 1468 1344 omnia

130 1368 270 1414 erunt,
314 1362 457 1412 quibus
496 1362 743 1401 ineffabiliter
781 1363 1040 1415 delectemur,
1085 1363 1180 1401 nihil
1219 1365 1295 1402 erit
1326 1370 1467 1415 autem,

129 1421 233 1472 quod
265 1422 340 1459 iam
367 1421 533 1459 tolerare
561 1421 784 1461 debeamus.
845 1421 950 1460 Talis
982 1421 1098 1474 salus,
1130 1434 1229 1473 quae
1261 1424 1301 1460 in
1333 1423 1466 1461 futuro

130 1482 204 1518 erit
230 1479 397 1531 saecum,
429 1481 512 1530 ipsa
538 1482 613 1519 erit
645 1482 759 1519 etiam
792 1480 916 1519 finalis
947 1480 1159 1519 beatitudo.
1223 1481 1346 1526 Quam
1378 1480 1466 1519 bea-

130 1538 337 1576 titudinem
378 1540 443 1577 isti
486 1539 726 1590 philosophi,
772 1540 955 1590 quoniam
991 1551 1069 1577 non
1108 1539 1285 1578 videntes
1329 1539 1467 1578 nolunt

58 1607 101 1638 25
129 1597 308 1649 credere,
345 1596 408 1635 hic
447 1597 522 1636 sibi
559 1603 751 1636 conantur
789 1597 1034 1636 falsissimam
1072 1597 1281 1651 fabricare,
1322 1604 1466 1649 quanto

128 1655 371 1707 superbiore,
403 1661 510 1695 tanto
543 1656 790 1695 mendaciore
823 1657 979 1695 virtute.

676 1770 831 1812 CAPUT
857 1770 908 1812 V.

128 1846 187 1882 De
218 1846 362 1882 sociale·
392 1845 484 1890 vita,
519 1855 633 1891 quae,
666 1856 755 1882 cum
780 1846 954 1883 maxime
985 1845 1211 1893 expetenda
1241 1846 1303 1890 sit,
1335 1847 1466 1883 multis

432 1903 718 1950 offensionibus
749 1914 869 1951 saepe
898 1903 1153 1940 subvertitur.

57 1981 100 2012 30
246 1972 358 2018 Quod
384 1977 514 2011 autem
541 1971 722 2010 socialem
750 1973 864 2009 vitam
891 1970 1025 2009 volunt
1051 1984 1137 2009 esse
1165 1973 1362 2024 sapientis,
1394 1984 1465 2011 nos

127 2030 248 2069 multo
288 2030 452 2082 amplius
491 2029 761 2081 adprobamus.
824 2029 919 2067 Nam
957 2029 1061 2067 unde
1100 2032 1173 2068 ista
1212 2030 1281 2069 Dei
1320 2032 1465 2084 civitas,

224 2123 279 2164 16)
304 2120 409 2154 Rom.
437 2123 469 2163 8,
496 2123 540 2153 24
568 2130 618 2163 sq.
650 2104 653 2107 ’

224 2230 263 2259 14
291 2225 393 2258 uidet
417 2225 498 2268 quis
524 2236 613 2266 mss,·
645 2224 724 2268 quis
750 2224 851 2258 videt
876 2235 895 2259 v
927 2227 939 2269 ΙΙ
969 2225 1059 2268 quid
1085 2227 1122 2259 et
1147 2227 1272 2269 sperat
1297 2225 1351 2268 R‚·
1377 2224 1465 2269 quid

126 2274 249 2317 sperat
275 2274 329 2305 Av
355 2272 416 2315 (ef.
443 2276 502 2315 96,
529 2275 600 2314 28,·
624 2272 691 2306 vol.
719 2272 755 2313 I,
781 2274 861 2313 441,
888 2275 969 2314 19),-
993 2272 1083 2315 quid
1107 2274 1275 2316 speratur
1299 2272 1333 2306 L
