1548 2562
388 143 441 168 DE
461 143 649 169 CIVITATE
668 144 736 169 Dm
755 145 787 168 L.
808 144 889 169 XVI.
911 144 939 168 o.
959 145 991 169 38
1291 135 1369 174 187

43 235 124 284 psit
153 234 333 281 lapidem,
366 243 479 280 quem
510 235 714 281 supposuit
745 234 801 270 ibe·
829 234 901 270 sub
928 238 1049 280 eaput
1073 243 1197 279 suum,
1230 237 1269 270 et
1291 238 1370 270 sta-

47 294 122 330 tuit
158 293 264 329 illum
296 293 449 328 titulum
488 295 525 328 et
555 290 781 339 superfudi!
813 293 938 329 oleum
970 293 1010 329 in
1042 302 1232 329 cacumen
1266 293 1372 335 eius,-

46 354 85 388 et
119 351 274 387 vocavit
306 349 428 387 Iacob
459 359 598 387 nomen
631 351 710 387 loci
740 351 864 387 illius:
890 346 1032 387 ‘domus
1064 350 1148 387 Dei.
1212 348 1292 386 Hoc
1325 349 1371 386 ad

46 406 288 458 prophetiam
307 408 492 458 pertinet3
524 419 596 444 nec
629 419 735 445 more
767 407 965 445 idolatriae
1004 407 1168 457 lapidem
1200 407 1372 458 perfudit

46 465 130 503 oleo
150 464 274 516 Iacob,
306 465 410 503 velut
441 465 585 503 faciens
617 465 725 503 illum
746 464 884 516 Deum,
918 477 1043 515 neque
1071 467 1172 503 enim
1200 465 1371 504 adoravit

47 523 212 562 eundem
251 523 415 574 lapidem
453 523 511 561 vel
549 525 585 561 ei
623 524 868 574 sacrificavit;
912 523 980 561 sed
1013 525 1193 574 quoniam
1227 523 1371 562 Christi

47 594 187 620 nomen
219 593 238 619 a
272 581 477 619 chrismate
511 587 581 633 est,
612 581 649 619 id
682 587 741 619 est
772 581 818 619 ab
845 583 1042 632 unctione,
1074 583 1249 632 profecto
1275 583 1368 632 figu-

46 646 172 677 ratum
205 646 264 677 est
294 640 356 677 hic
389 640 548 690 aliquid,
589 640 692 689 quod
729 640 774 677 ad
807 652 987 689 maguum
1020 644 1213 690 pertineat
1245 653 1369 678 sacra-

46 703 230 736 mentum.
305 697 452 735 Scalam
495 709 585 744 vero
629 699 742 735 istam
787 698 1023 748 intellegitur
1068 700 1149 748 ipse
1197 698 1370 737 Salvator

45 754 156 792 nobis
176 756 215 792 in
236 756 461 793 memoriam
483 766 664 793 revocare
690 756 729 791 in
751 753 959 804 evangelio,
991 753 1069 804 ubi,
1102 767 1190 792 cum
1212 756 1373 795 dixisset

45 811 92 849 de
119 811 345 850 Nathanael:
378 812 484 850 Ecce
515 824 607 850 vere
638 813 836 857 Israelita,
870 815 908 850 in
941 824 1017 859 quo
1050 814 1162 850 dolus
1194 825 1271 850 non
1305 819 1371 859 est,

46 870 135 919 quia
167 869 284 907 Israel
318 869 464 907 viderat
502 871 613 908 istam
645 871 830 908 visionem
864 866 967 922 (ipse
1000 876 1059 908 est
1091 872 1192 908 enim
1226 868 1372 923 Iacob),

47 927 182 964 eodem
214 927 297 965 loco
330 930 397 966 ait:
430 930 563 975 Amen,
591 940 715 975 amen,
749 930 838 966 de'eo
864 929 982 974 vobis,
1017 930 1196 967 ridebitis
1218 933 1372 967 eaelum

46 990 227 1033 apertum
254 991 292 1023 et
316 989 476 1033 cmqelos
497 987 573 1024 Dei
596 988 854 1025 ascendentes
880 992 919 1024 et
944 988 1226 1025 descendentes
1251 1000 1373 1036 super

40 1046 168 1090 filium
199 1046 375 1082 hominis.

163 1101 341 1140 Perrexit
372 1115 463 1153 ergo
496 1102 607 1140 Iacob
640 1104 678 1140 in
711 1102 1043 1154 Mesopotamiam,
1076 1108 1119 1141 ut
1150 1104 1239 1141 iude
1273 1106 1370 1142 acci-

45 1165 156 1211 peret
186 1172 355 1198 uxorem.
408 1160 515 1199 Unde
549 1167 676 1198 autem
710 1161 760 1197 illi
794 1160 979 1198 acciderit
1011 1166 1194 1211 quattuor
1227 1162 1370 1200 habere

45 1219 224 1269 feminas,
269 1219 315 1256 de
354 1219 495 1269 quibus
534 1219 737 1257 duodecim
776 1219 873 1256 filios
912 1225 950 1256 et
988 1232 1103 1257 unam
1136 1220 1250 1258 filiam
1283 1234 1369 1271 pro-

46 1278 208 1326 creavit,
252 1289 340 1315 cum
380 1289 513 1315 earum
552 1277 693 1315 nullam
733 1279 981 1327 concupisset
1019 1278 1183 1329 inlicite,
1228 1279 1372 1317 indicat

46 1336 238 1385 scriptura
277 1336 413 1373 divina.
476 1335 530 1373 Ad
570 1348 685 1373 uuam
723 1337 865 1385 quippe
899 1336 1162 1386 accipiendam
1195 1343 1370 1388 venerat,

46 1393 113 1430 sed
146 1405 233 1431 cum
261 1393 314 1431 illi
341 1393 458 1431 altera
487 1393 575 1444 [pro
596 1393 733 1443 altera]
756 1395 955 1444 supposita
976 1395 1125 1446 suisset,
1158 1408 1228 1433 nec
1250 1397 1373 1445 ipsam

45 1451 206 1502 dimisit,
250 1464 324 1501 qua
360 1454 537 1490 nesciens
576 1464 670 1489 usus
710 1453 835 1490 fuerat
873 1453 912 1490 in
951 1459 1082 1503 nocte,
1124 1465 1170 1491 ne
1204 1453 1371 1492 ludibrio

45 1522 129 1547 eam
161 1509 358 1548 videretur
390 1510 588 1561 habuisse,
627 1516 664 1548 et
695 1522 740 1548 eo
773 1516 968 1563 tempore,
1001 1511 1153 1561 quando
1188 1512 1371 1562 multipli-

45 1567 190 1606 candae
222 1569 459 1618 posteritatis
491 1580 605 1606 causa
637 1568 768 1618 plures
799 1581 942 1607 uxores
975 1569 1034 1607 lex
1061 1569 1163 1607 nulla
1190 1570 1370 1620 prohibe-

44 1625 121 1677 bat,
152 1628 301 1676 aceepit
332 1628 446 1664 etiam
478 1626 591 1678 illam,
625 1628 687 1664 cui
719 1628 785 1664 uui
812 1629 886 1664 iam
913 1628 1035 1665 futuri
1062 1629 1230 1678 coniugii
1258 1629 1370 1666 fidem

44 1684 201 1722 fecerat.
263 1684 368 1729 Quae
401 1697 489 1722 cum
521 1690 625 1722 esset
656 1684 816 1736 sterilis,
849 1685 1024 1723 ancillam
1057 1698 1183 1736 suam,
1217 1686 1263 1724 de
1296 1699 1370 1736 qua

44 1742 143 1780 filios
163 1744 244 1793 ipsa
272 1744 500 1794 susciperet,
526 1744 663 1780 marito
690 1743 812 1793 dedit3
846 1743 949 1793 quod
976 1745 1091 1781 etiam
1112 1746 1233 1781 maior
1260 1757 1371 1783 soror

46 1802 146 1852 eius,
192 1803 363 1851 quamvis
401 1802 637 1852 peperisset,
681 1803 843 1853 imitata,
886 1804 1067 1851 quoniam
1112 1802 1370 1853 multiplicare

44 1859 192 1909 prolem
237 1858 433 1911 cupiebat,
478 1860 615 1897 effecit.
689 1859 839 1897 Nullam
883 1859 995 1898 Iacob
1039 1860 1182 1910 legitur
1225 1863 1369 1911 petisse

44 1923 199 1967 praeter
231 1929 358 1968 unam,
390 1930 461 1955 nec
493 1930 588 1956 usus
619 1918 796 1968 plurimis
828 1919 901 1956 nisi
928 1919 1141 1969 gignendae
1168 1919 1288 1969 prolis
1315 1920 1371 1957 of-

138 2019 172 2062 3)
199 2017 284 2052 Gen.
312 2021 367 2061 28,
396 2022 438 2052 10
464 2030 542 2062 sqq.
594 2021 649 2062 15)
676 2018 725 2053 Io.
756 2024 785 2061 1,
811 2023 852 2052 47
883 2031 959 2063 sqq.

139 2161 156 2190 1
183 2157 234 2191 ibi
266 2157 418 2199 VAb²v,-
443 2158 513 2192 sibi
532 2158 678 2192 RParr.
700 2159 774 2193 rell.
795 2160 806 2203 ΙΙ
827 2160 892 2194 sub
921 2159 1138 2194 VAFPm-r.
1152 2173 1165 2201 ,·
1190 2172 1297 2205 super
1317 2161 1372 2203 R,-

45 2203 91 2237 ad
115 2214 134 2238 v
153 2205 165 2247 ΙΙ
184 2215 288 2238 suum
314 2214 377 2238 om.
404 2216 424 2238 v
448 2206 460 2249 ΙΙ
486 2209 505 2238 2
531 2204 569 2238 in
594 2205 743 2239 titulum
768 2216 788 2239 v
813 2207 825 2250 Η
852 2210 891 2239 11
921 2206 1151 2241 Nathanaele
1177 2218 1197 2241 v
1217 2210 1228 2250 ΙΙ
1250 2212 1290 2241 12
1317 2211 1373 2243 est

44 2259 108 2284 om.
141 2250 174 2283 V
195 2252 206 2293 ΙΙ
233 2254 274 2284 19
300 2250 574 2295 concupisceret
598 2263 616 2286 v
647 2254 659 2296 ΙΙ
689 2256 730 2285 21
759 2263 824 2296 pro
851 2253 967 2287 altera
993 2263 1057 2289 om.
1094 2253 1158 2287 VR
1176 2255 1188 2297 Η
1216 2258 1258 2288 22
1286 2255 1372 2298 quia

52 2296 122 2330 VF
138 2298 149 2340 ΙΙ
168 2301 210 2330 27
237 2297 352 2331 filium
378 2297 412 2331 R

1402 766 1443 796 10

1402 1055 1442 1084 15

1400 1347 1442 1377 20

1399 1638 1440 1667 25

1398 1929 1441 1959 30
