1495 2489
0 860 40 891 10

0 1152 40 1183 15

0 1445 40 1476 20

0 1736 40 1767 25

67 74 122 114 52
604 81 630 106 s.
650 80 867 106 AUGUSTm1

68 178 151 210 tum
189 176 530 221 corruptionisque
571 169 804 220 supplic-ium
842 168 889 207 ad
925 170 1210 220 propagandam
1247 170 1396 221 prolem

67 232 150 269 sine
178 230 252 268 ulla
279 229 436 267 libidine
465 229 610 267 servire
642 227 829 265 voluntati
860 227 1047 266 humanae
1080 229 1245 267 humana
1278 240 1395 267 mem-

66 289 136 327 bra
162 286 364 339 potuisse?
413 287 585 325 Donatus
611 292 670 324 est
695 287 824 336 itaque
850 286 966 324 homo
993 286 1077 334 sibi,
1110 289 1197 338 quia
1224 288 1398 326 deseruit

67 347 189 386 Deum
230 346 416 398 placendo
456 345 549 396 sihi,
591 350 629 383 et
669 356 746 382 non
787 344 997 383 oboediens
1035 345 1113 384 Deo
1154 358 1231 384 non
1270 347 1396 397 potuit

67 406 249 444 oboedire
277 418 348 443 nec
375 404 458 442 sibi.
519 403 618 441 Hinc
645 403 859 441 evidentior
885 405 1051 456 miseria,
1077 416 1151 454 qua
1178 404 1292 442 homo
1319 417 1395 449 non

67 466 158 503 vivit
184 469 227 503 ut
254 464 345 502 vult.
401 462 496 501 Nam
524 464 557 500 si
582 467 626 500 ut
650 461 763 500 vellet
789 464 946 514 viveret,
973 462 1128 500 beatum
1155 475 1195 501 se
1222 469 1395 514 putaret3

66 523 133 561 sed
166 535 237 561 nec
270 524 325 560 sie
358 527 486 561 tamen
519 526 634 572 esset,
667 522 699 559 si
730 522 898 572 turpiter
930 523 1086 559 viveret.

574 680 727 723 CAPUT
758 681 891 722 XXV.

66 770 126 808 De
162 780 259 807 vera
297 769 559 813 beatitudine,
597 778 715 814 quam
754 769 981 815 temporalis
1018 769 1099 805 vita
1130 779 1207 805 non
1239 768 1395 805 oblinet.

186 850 427 900 Quamquam
455 850 487 886 si
512 848 734 899 diligentius
761 847 1025 898 adtendamus,
1057 850 1130 886 nisi
1158 848 1293 886 beatus
1320 860 1396 886 non

66 911 158 947 vivit
182 914 226 947 ut
251 908 343 959 vult,
376 913 414 945 et
440 907 568 945 nullus
595 907 731 945 heatus
763 908 837 944 nisi
869 908 1006 944 iustus.
1059 906 1133 944 Sed
1168 908 1283 944 etiam
1314 908 1396 957 ipse

65 970 192 1006 iustus
219 979 296 1005 non
322 968 424 1004 vivet
450 971 492 1004 ut
518 965 609 1017 vult,
641 966 715 1003 nisi
748 977 792 1002 eo
824 966 1058 1016 pervenerit,
1092 964 1157 1003 ubi
1189 967 1288 1003 mori
1320 964 1397 1003 falli

66 1026 209 1064 offendi
250 1026 407 1063 omnino
450 1036 527 1062 non
568 1025 690 1074 possit
732 1025 844 1074 eique
883 1025 931 1062 sit
969 1030 1119 1062 certum
1159 1025 1211 1062 ita
1243 1035 1397 1074 semper

68 1086 253 1123 futurum.
315 1083 396 1121 Hoc
422 1084 525 1121 enim
558 1088 693 1120 natura
726 1084 883 1134 expetit,
914 1094 985 1120 nec
1018 1082 1130 1132 plene
1163 1087 1278 1132 atque
1310 1094 1395 1133 per-

68 1145 167 1181 fecte
212 1142 322 1180 beata
366 1143 440 1179 erit
484 1142 557 1179 nisi
602 1141 737 1191 adepta
782 1141 884 1190 quod
923 1142 1079 1191 expetit.
1153 1140 1264 1179 Nunc
1305 1152 1396 1178 vero

67 1203 153 1252 quis
180 1201 380 1239 hominum
406 1205 534 1251 potest
566 1205 609 1237 ut
640 1199 720 1237 vult
752 1201 892 1250 vivere,
924 1199 1076 1249 quando
1109 1201 1237 1250 ipsum
1268 1200 1395 1237 vivere

68 1273 144 1298 uon
188 1265 248 1298 est
287 1261 326 1297 in
370 1256 589 1309 potestate?
650 1257 785 1295 Vivere
826 1259 928 1295 enim
967 1257 1064 1309 vult,
1103 1259 1202 1295 mori
1234 1259 1395 1308 cogitur.

67 1319 151 1364 Quo
177 1317 290 1356 modo
318 1330 409 1367 ergo
437 1318 528 1354 vivit
548 1322 590 1354 ut
616 1316 707 1367 vult,
739 1318 805 1366 qui
837 1328 914 1354 non
946 1317 1038 1354 vivit
1070 1316 1252 1366 quamdiu
1285 1313 1396 1354 vult?

67 1377 178 1422 Quod
218 1378 250 1414 si
288 1377 387 1414 mori
426 1375 608 1426 voluerit,
646 1387 722 1425 quo
765 1375 877 1412 modo
910 1380 1038 1425 potest
1070 1381 1113 1412 ut
1145 1374 1224 1412 vult
1255 1376 1396 1425 vivere,

68 1437 132 1486 qui
159 1447 236 1473 non
263 1434 343 1473 vult
368 1431 524 1472 vivere?
573 1432 622 1471 Et
647 1435 679 1471 si
705 1433 790 1471 ideo
818 1434 917 1471 mori
948 1433 1050 1484 velit,
1082 1445 1158 1471 non
1191 1445 1267 1483 quo
1300 1432 1396 1471 nolit

67 1497 217 1545 vivere,
261 1492 327 1530 sed
367 1498 410 1530 ut
450 1497 538 1543 post
570 1498 735 1530 mortem
767 1491 905 1529 melius
938 1493 1055 1530 vivat:
1100 1492 1271 1529 noudum
1304 1504 1395 1542 ergo

68 1559 111 1591 ut
151 1551 232 1590 vult
272 1553 384 1602 vivit,
425 1550 493 1588 sed
533 1562 622 1588 cum
663 1550 708 1587 ad
748 1550 786 1587 id
826 1549 926 1600 quod
966 1550 1046 1588 vult
1077 1550 1277 1588 moriendo
1308 1562 1395 1601 per-

67 1612 226 1649 venerit.
288 1609 431 1647 Verum
465 1620 554 1647 ecce
587 1610 687 1646 vivat
718 1614 761 1646 ut
792 1608 884 1659 vult,
916 1610 1098 1658 quoniam
1130 1607 1202 1646 sibi
1235 1610 1397 1647 extorsit

67 1669 217 1719 sibique
256 1669 460 1718 imperavit
494 1679 570 1705 non
612 1666 707 1705 velle
741 1667 843 1717 quod
876 1679 953 1704 non
984 1672 1133 1717 potest,
1176 1672 1291 1717 atque
1323 1666 1396 1705 hoc

68 1727 163 1765 velle
196 1726 297 1777 quod
330 1732 459 1777 potest
492 1722 613 1777 (sicut
643 1727 694 1763 ait
726 1725 952 1763 Terentius:

348 1808 540 1852 Quoniam
571 1820 649 1845 non
678 1810 810 1855 potest
840 1808 880 1845 id
911 1807 997 1845 fieri
1028 1809 1129 1856 quod
1160 1809 1221 1847 vis

184 1868 228 1905 Id
260 1867 359 1905 velis
392 1867 496 1915 quod
527 1861 688 1917 possis):

67 1961 159 1988 num
198 1949 283 1986 ideo
322 1947 458 1986 beatus
497 1953 574 1998 est,
618 1949 707 1997 quia
744 1948 937 1997 patienter
975 1948 1092 1985 miser
1132 1945 1219 1985 est?
1280 1947 1394 1986 Beata

67 2009 209 2058 quippe
237 2008 311 2044 vita
338 2008 369 2043 si
397 2017 472 2043 non
500 2010 660 2055 amatur,
693 2017 771 2043 non
797 2005 973 2043 habetur.
1034 2005 1155 2043 Porro
1183 2007 1214 2043 si
1247 2012 1396 2044 amatur

162 2122 220 2161 27)
247 2119 327 2152 Ter.
355 2118 465 2152 Andr.
493 2121 525 2159 2,
555 2122 584 2160 1,
612 2122 642 2151 5.

164 2252 205 2281 1⁶2
232 2247 323 2280 vivit
347 2257 366 2279 v
385 2248 396 2289 ΙΙ
416 2250 460 2279 20
487 2246 583 2288 quod
612 2246 685 2279 AF
701 2248 712 2289 ΙΙ
732 2250 774 2279 27
802 2246 918 2290 possis
943 2257 1030 2287 mss,·
1056 2246 1171 2290 possit
1194 2257 1213 2280 v
