1548 2562
391 167 443 191 DE
464 166 651 191 CIVITA'rE
671 166 741 190 DEI
759 166 791 190 L.
811 165 907 190 xvn.
928 164 956 190 c.
977 165 1017 189 18.
1039 165 1080 189 19.
1321 153 1407 193 245

77 259 221 295 tionem
273 255 509 305 significasse
560 254 811 295 contendunt.
883 253 957 292 Sed
1006 252 1142 291 clamat
1192 253 1247 290 eis
1292 253 1407 290 etiam

75 314 246 365 psalmus
288 314 447 364 quintus
488 312 679 350 decimus:
722 313 892 361 Propter
932 313 1006 350 hoc
1049 312 1311 350 jucundatum
1351 314 1410 348 est

76 385 147 411 cor
179 383 305 411 meum
338 376 376 410 et
407 373 601 410 exultavit
625 373 763 419 linqua
794 382 892 417 mea,
926 372 1089 418 insuper
1121 373 1159 408 et
1189 379 1287 407 caro
1319 379 1406 406 mea

76 434 299 479 requiescet
318 432 358 468 tn
383 441 451 479 spe
459 443 473 474 ‚·
499 430 685 477 quonlam
711 440 790 467 non
816 430 1067 476 derelinques
1088 429 1260 466 animam
1281 437 1407 464 meam

76 492 116 528 in
143 488 311 538 inferno,
344 500 418 527 nec
444 489 558 526 dabis
583 491 765 525 sanctum
791 491 900 525 taum
932 488 1068 525 videre
1100 486 1405 534 corruptionem.

77 548 172 592 Quis
204 549 242 585 in
276 559 319 585 ea
352 558 418 597 spe
452 545 600 584 diceret
630 546 868 595 requievisse
902 556 1058 583 carnem
1091 556 1217 595 suam,
1255 548 1299 581 ut
1330 554 1408 580 non

77 606 261 644 derelicta
293 606 418 643 anima
449 616 518 643 sua
549 605 589 641 in
621 603 785 654 inferno,
818 602 884 641 sed
919 604 994 640 cito
1027 602 1072 640 ad
1105 614 1188 640 eam
1220 601 1409 639 redeunte

76 666 355 715 revivesceret‚
393 675 440 701 ne
483 667 821 712 corrumperetur,
861 662 963 699 sicut
995 661 1179 699 cadavera
1211 660 1410 709 corrumpi

77 723 214 774 solent,
246 723 320 760 nisi
352 722 419 772 qui
451 721 511 759 die
546 721 662 759 tertio
690 717 933 758 resurrexit?
967 719 1077 764 Quod
1110 720 1245 768 utique
1279 717 1408 756 dicere

78 793 154 819 non
187 786 352 832 possunt
384 779 429 818 de
462 779 652 830 propheta
684 784 722 816 et
754 790 844 828 rege
877 777 1006 817 David.
1057 777 1202 815 Clamat
1233 782 1272 814 et
1303 787 1409 814 sexa-

78 841 276 890 gensimus
309 839 517 888 septimus:
550 839 658 876 Deus
689 841 822 875 noster
855 837 962 875 Deus
993 838 1120 874 salvos
1149 834 1343 883 faciendi,
1375 838 1412 872 et

78 899 239 936 Domini
275 899 406 935 exitus
444 898 591 935 mortis.
665 894 765 940 Quid
807 897 980 945 apertius
1021 891 1247 932 diceretur?
1308 892 1412 930 Deus

78 958 182 994 enim
215 955 338 994 salvos
371 955 536 993 faciendi
567 953 754 992 Dominus
788 958 847 991 est
878 952 1005 1003 Iesus,
1044 952 1147 1002 quod
1180 953 1410 1001 interpreta-

80 1021 143 1053 tur
171 1014 335 1052 salvator
362 1015 440 1051 sive
471 1012 660 1051 salutaris.
721 1011 816 1049 Nam
844 1012 941 1049 ratio
969 1011 1136 1048 nominis
1169 1009 1285 1047 huius
1317 1008 1412 1046 haec

81 1073 230 1111 reddita
280 1076 361 1123 est,
412 1071 565 1121 quando
616 1071 843 1121 priusquam
889 1081 935 1107 ex
985 1070 1133 1118 virgine
1183 1072 1412 1106 nasceretur

80 1132 226 1169 dictum
259 1136 334 1168 est:
380 1131 519 1168 Partet
545 1131 689 1176 filiam,
723 1134 761 1167 et
792 1129 950 1167 vocabis
983 1139 1121 1165 nomen
1155 1129 1239 1165 eius
1272 1126 1413 1164 Iesum.

82 1191 171 1238 Ipse
197 1191 299 1227 enim
325 1190 474 1227 salvum
497 1187 625 1235 faciet
644 1189 834 1236 populum
866 1198 979 1224 suum
1007 1198 1031 1223 a
1054 1187 1233 1234 peccatis
1265 1195 1413 1223 eorum.

82 1247 122 1285 in
151 1259 317 1297 quorum
345 1252 594 1297 peccatorum
621 1246 891 1283 remissionem
924 1245 1106 1294 quonlam
1140 1244 1296 1293 sanguis
1330 1243 1413 1280 eius

81 1306 227 1343 effusus
265 1310 341 1355 est,
379 1316 458 1342 non
495 1306 631 1354 utique
670 1304 843 1354 oportuit
875 1315 963 1341 eum
996 1303 1042 1340 de
1076 1302 1146 1339 hac
1179 1302 1255 1339 vita
1287 1301 1414 1338 exitus

82 1365 175 1401 alios
201 1363 344 1401 habere
372 1374 486 1413 quam
518 1364 666 1401 mortis,
730 1361 820 1400 Ideo
854 1373 942 1400 cum
975 1361 1122 1399 dictum
1154 1365 1274 1398 esset:
1307 1359 1414 1397 Deus
1442 1370 1449 1378 ⁵

82 1428 216 1460 noster
261 1422 366 1460 Deus
410 1424 537 1460 salvos
574 1420 774 1469 faciendi,
818 1421 1003 1458 continuo
1046 1418 1298 1457 subiunctum
1339 1422 1415 1454 est:

85 1481 133 1518 Et
166 1481 324 1518 Domini
361 1482 491 1518 exitas
528 1481 682 1526 mortis,
721 1484 763 1516 ut
802 1478 1076 1516 ostenderetur
1110 1475 1310 1515 moriendo
1344 1474 1417 1513 sal-

85 1552 149 1575 vos
183 1550 267 1576 esse
301 1538 485 1576 facturus.
548 1537 624 1575 Sed
658 1537 831 1575 mirando
865 1536 1012 1575 dictum
1044 1542 1119 1574 est:
1151 1535 1204 1573 Et
1234 1535 1417 1578 Domin2',·

85 1603 278 1647 tamquam
305 1596 520 1634 diceretur:
551 1595 678 1647 „Talis
704 1601 764 1633 est
794 1596 867 1633 ista
901 1596 973 1633 vita
1005 1593 1238 1644 mortalium,
1270 1598 1313 1630 ut
1346 1603 1417 1629 nec

84 1658 166 1705 ipse
201 1654 386 1692 Dominus
419 1654 529 1693 aliter
562 1653 607 1692 ab
639 1653 702 1692 illa
735 1654 870 1704 exiret,
902 1654 977 1691 nisi
1008 1664 1078 1703 per
1110 1647 1313 1690 mortem.“

600 1779 751 1821 CAPUT
783 1778 897 1820 XIX.

86 1866 145 1903 De
174 1868 325 1913 psalmo
363 1867 638 1913 sexayensz'mo
678 1868 833 1911 octavo,
872 1865 912 1901 in
954 1873 1030 1911 quo
1073 1863 1318 1901 Iudaeorum
1361 1863 1419 1900 in-

362 1924 536 1969 fidelitas
568 1928 606 1961 et
630 1924 860 1971 pertinacia
893 1922 1138 1961 declaratur.

206 2004 281 2042 Sed
313 2010 356 2042 ut
387 2004 517 2042 ludaei
550 2010 625 2042 tam
658 2004 873 2042 manifestis
905 2003 1021 2041 huius
1053 2002 1278 2053 prophetiae
1312 2001 1418 2039 testi-

88 2064 227 2100 moniis
269 2063 382 2100 etiam
422 2062 538 2100 rebus
579 2062 625 2100 ad
667 2063 848 2100 effectum
887 2067 964 2100 tam
1003 2061 1150 2099 clarum
1190 2066 1418 2110 certumque

183 2166 216 2203 5)
242 2162 298 2196 Ps.
328 2166 381 2205 15,
409 2166 429 2196 9
456 2174 508 2205 sq.
560 2165 617 2206 12)
644 2163 700 2198 Ps.
730 2166 784 2205 67,
810 2167 865 2197 21.
920 2165 975 2204 17)
1001 2162 1064 2195 Mt.
1096 2166 1124 2202 1,
1152 2164 1205 2195 21.

87 2324 132 2357 Η
185 2282 222 2311 11
259 2279 348 2321 sept.
381 2278 544 2321 psalmus
576 2289 594 2312 v
628 2281 639 2322 ΙΙ
672 2283 714 2313 27
748 2278 811 2312 inf.
839 2280 875 2312 et
900 2280 991 2322 pert.
1019 2277 1074 2319 F,·
1099 2277 1268 2321 pertinax
1292 2277 1418 2312 infide—

104 2336 113 2357 1
134 2335 172 2357 as
198 2335 217 2357 v

1435 491 1454 520 (11

1438 782 1480 811 10

1445 1655 1488 1687 25

1446 2066 1489 2096 30
