1611 2465
150 668 192 697 10

151 960 192 989 15

148 1348 192 1378 20

149 1688 193 1718 25

221 34 300 73 178
750 44 777 69 s.
798 44 1015 70 Aneusnm

219 134 367 171 labium
393 136 528 172 murds.
595 135 642 171 Et
667 135 891 172 hereditate
912 136 1130 182 possidebit
1153 146 1283 173 semen
1316 140 1425 174 tuum
1457 138 1551 175 civi—

219 196 319 229 tates
370 194 722 240 adversm-iorum,
780 198 817 230 et
867 194 1152 231 benedicentur
1202 196 1243 231 in
1291 197 1438 233 semine
1487 200 1553 234 tuo

219 261 350 288 omnes
379 256 517 297 „aemes
549 258 705 297 terrae,
750 253 844 298 quia
877 252 1078 289 obaudisti
1108 263 1240 290 vocem
1272 264 1408 291 meam.
1471 252 1552 292 Hoc

219 308 332 346 modo
373 315 431 347 est
471 308 533 346 illa
575 309 621 346 de
663 310 863 347 vocatione
905 311 1080 359 gentium
1116 311 1156 348 in
1198 313 1344 349 semine
1377 311 1552 350 Abrahae

218 373 306 418 post
343 366 625 419 holocaustum,
657 379 733 418 quo
766 368 1003 417 significatus
1035 374 1095 407 est
1127 368 1317 421 Christus,
1349 371 1464 408 etiam
1494 372 1551 409 iu-

221 427 368 463 ratione
410 425 478 463 Dei
520 426 668 464 firmata
712 428 930 477 promissio.
1006 427 1126 478 Saepe
1167 429 1268 465 enim
1308 430 1552 480 promiserat,

220 484 286 522 sed
320 496 531 534 numquam
569 486 773 523 iuraverat.
835 485 935 530 Quid
975 492 1033 524 est
1071 491 1199 524 autem
1233 486 1301 524 Dei
1333 489 1414 525 veri
1446 499 1551 525 vera-

219 544 352 592 cisque
386 544 527 581 iuratio
559 545 634 581 nisi
659 545 841 594 promissi
867 544 1107 582 confirmatio
1134 551 1173 582 et
1198 545 1410 584 infidelium
1438 557 1551 596 quae-

220 600 308 638 dam
338 599 582 652 increpatio?

335 659 429 698 Post
466 660 560 699 haec
600 660 716 698 Sarra
758 667 910 699 mortua
949 668 1023 712 est,
1062 663 1302 700 centensimo
1341 664 1552 701 vicensimo

219 720 383 769 septimo
416 731 516 757 anno
549 721 647 757 vitae
681 731 790 770 suae,
823 721 1063 758 centensimo
1095 725 1225 758 autem
1257 726 1295 758 et
1326 723 1552 760 tricensimo

219 779 383 827 septimo
422 779 494 815 viri
532 779 603 816 sui.
666 777 807 816 Decem
846 779 989 829 qnippe
1031 780 1141 816 annis
1183 791 1266 817 eam
1297 780 1553 830 praecedebat

219 841 363 887 aetate3
395 837 616 887 sicutipse,
649 836 802 887 quando
830 837 902 875 sibi
929 850 974 875 ex
1008 836 1069 875 illa
1102 839 1318 887 promissus
1351 844 1409 877 est
1440 838 1553 891 filius,

220 896 286 932 ait:
324 895 370 932 Sz'
393 897 491 933 mihi
521 907 717 933 annorum
745 901 900 934 centum
927 901 1117 934 nascetur
1139 898 1257 944 silius,
1290 902 1328 935 et
1358 899 1394 935 sl
1418 897 1552 936 Sarra

220 965 418 991 (tyanorum
449 956 670 1001 nonaffl'nta
707 956 853 1002 pariet.
916 954 1025 992 Tunc
1058 956 1151 992 emit
1183 967 1316 1005 agrum
1350 955 1553 1008 Abraham,

218 1013 257 1049 in
291 1024 367 1062 quo
401 1012 577 1061 sepelivit
616 1024 788 1050 uxorem.
851 1012 960 1051 Tunc
994 1025 1085 1063 ergo
1118 1013 1333 1052 secundum
1366 1016 1551 1052 narratio-

219 1082 308 1108 nem
342 1070 527 1120 Stephani
565 1072 604 1108 in
646 1076 751 1108 terra
781 1071 844 1109 illa
877 1077 936 1110 est
968 1071 1211 1122 conlocatus,
1249 1074 1433 1122 quoniam
1465 1085 1551 1111 coe-

219 1130 275 1178 pit
318 1128 371 1167 ibi
409 1141 494 1166 esse
532 1141 753 1180 possessor3
798 1135 886 1180 post
924 1136 1088 1168 mortem
1132 1130 1281 1169 scilicet
1320 1133 1441 1181 patris
1480 1133 1552 1184 sui,

220 1189 286 1237 qui
319 1187 513 1238 colligitur
546 1193 633 1226 ante
666 1187 867 1227 biennium
900 1189 1018 1227 fuisse
1052 1188 1270 1227 defunctus.

696 1336 849 1378 CAPUT
882 1336 1081 1378 XXXIII.

330 1423 390 1461 De
421 1423 606 1461 Rebecca
639 1427 753 1471 nepte
785 1423 958 1467 Nachor,
990 1434 1108 1470 quam
1141 1423 1261 1462 Isaac
1292 1426 1448 1473 accepit

794 1492 971 1519 uxorem.

336 1562 481 1601 Deinde
523 1562 739 1601 Rebeccam
781 1568 937 1613 neptem
977 1562 1130 1600 Nachor
1170 1565 1299 1614 patrui
1340 1565 1418 1615 sui,
1462 1575 1551 1602 cum

220 1633 411 1659 annorum
451 1621 703 1672 qnadraginta
741 1626 846 1660 esset
876 1620 998 1672 Isaac,
1037 1621 1146 1660 duxit
1178 1634 1356 1673 uxorem,
1395 1628 1550 1661 centen-

220 1681 316 1718 simo
343 1680 492 1718 scilicet
519 1687 557 1718 61
583 1680 904 1730 quadragensimo
931 1691 1031 1717 anno
1058 1682 1155 1718 vitae
1181 1682 1303 1731 patris
1330 1682 1402 1732 sui,
1433 1681 1550 1719 trien-

219 1739 282 1776 nio
323 1744 412 1788 post
450 1744 616 1776 mortem
655 1740 788 1777 matris
830 1750 933 1776 suae.
994 1738 1045 1776 Ut
1083 1744 1212 1777 autem
1243 1738 1346 1777 illam
1379 1738 1551 1790 duceret,

219 1796 372 1846 quando
399 1796 444 1834 ab
472 1798 556 1835 eius
582 1803 691 1847 patre
724 1798 763 1834 in
789 1796 1104 1847 Mesopotamiam
1137 1809 1272 1835 servus
1305 1799 1447 1835 missus
1480 1803 1550 1848 est,

219 1855 310 1905 qnid
337 1855 439 1893 alind
466 1855 773 1893 demonstratum
801 1860 869 1902 est,
903 1866 990 1892 cnm
1017 1855 1142 1893 eidem
1169 1867 1279 1893 servo
1313 1855 1408 1893 dixit
1433 1854 1548 1893 Abra-

220 1913 323 1952 ham:
362 1915 471 1952 Pone
507 1925 667 1952 manum
704 1918 812 1951 tuam
850 1914 921 1951 sub
957 1912 1109 1961 femore
1140 1924 1240 1962 meo,
1281 1919 1319 1952 et
1351 1915 1550 1952 adim-abo

218 2061 249 2094 A
272 2062 289 2094 t
313 2015 347 2056 3)
367 2014 454 2048 Gen.
477 2018 531 2057 22,
556 2019 598 2048 10
618 2026 694 2058 sqq.
746 2017 803 2057 11)
831 2012 917 2048 Gen.
946 2017 1001 2057 23,
1030 2018 1058 2048 1.
1113 2015 1168 2058 15)
1196 2013 1283 2049 Gen.
1312 2018 1366 2058 17,
1395 2019 1446 2050 17.
1494 2016 1550 2055 18)

252 2071 270 2094 c
292 2087 298 2094 .
327 2065 357 2104 7,
384 2065 415 2096 4.

314 2217 356 2247 10
383 2214 420 2246 et
443 2213 577 2247 vicens.
604 2224 623 2247 v
644 2214 656 2257 ΙΙ
678 2217 718 2247 14
744 2212 840 2247 filius
866 2223 929 2248 om.
957 2212 1115 2256 171167,
1139 2216 1198 2253 17)
