1611 2465
153 111 239 152 554
689 118 715 143 s.
735 117 952 144 AUGUSTOEI

153 209 309 248 oculum
347 213 522 247 creatum
561 219 604 245 ac
641 218 712 258 per
749 206 823 245 1100
865 208 980 245 etiam
1017 207 1101 257 ipso
1134 207 1226 244 vitio
1260 217 1331 245 suo
1364 205 1489 244 excel-

152 268 296 306 lentius
329 266 549 305 ostenditur
583 266 725 304 ceteris
758 264 943 303 membris
976 264 1196 303 membrum
1228 276 1347 315 capax
1378 264 1490 303 lumi-

152 328 212 365 nis
246 347 300 352 —
334 336 411 363 non
445 325 548 362 enim
587 323 659 362 alia
697 335 812 362 causa
845 328 949 362 esset
981 324 1117 362 vitium
1150 324 1234 361 eius
1267 334 1401 361 carere
1434 322 1490 361 lu-

153 386 255 423 mine
303 396 373 422 —:
417 384 470 422 ita
509 388 664 434 natura,
701 394 798 433 quae
838 381 1042 420 fruebatur
1080 381 1181 433 Deo,
1225 383 1411 433 optimam
1449 393 1490 419 se

105 451 124 481 5
152 444 371 481 institutam
415 441 529 480 docet
574 442 689 480 etiam
726 442 811 492 ipso
855 442 966 492 viti0,
1011 452 1088 491 quo
1126 439 1213 478 ideo
1253 441 1395 479 misera
1433 445 1493 478 est

153 503 241 552 quia
274 512 351 538 non
384 499 529 538 fruitur
556 495 674 551 Deo);
706 500 774 550 qui
805 510 939 538 casum
971 498 1197 549 angelorum
1229 498 1491 537 voluntarium

152 560 363 598 iustissima
401 570 526 609 poena
564 559 824 609 sempiternae
857 557 1095 596 infelicitatis
1128 557 1337 595 obstrinxit
1374 563 1490 607 atque

151 619 190 656 in
224 629 268 655 eo
296 629 448 656 summo
475 616 576 655 bono
610 615 931 667 permanentibus
964 617 1118 667 ceteris,
1150 621 1193 654 ut
1226 615 1272 654 de
1305 627 1374 654 sua
1407 616 1490 654 sine

152 676 225 714 fine
257 676 532 726 permansione
575 676 673 713 certi
704 680 853 726 essent,
891 681 1088 725 tamquam
1119 675 1243 725 ipsius
1275 675 1492 724 praemium

84 744 124 773 10
149 735 435 786 permansionis
462 733 585 786 dedit3
613 734 679 784 qui
705 733 799 772 fecit
817 733 1015 771 hominem
1041 734 1158 771 etiam
1182 734 1312 784 ipsum
1338 738 1491 771 rectum

151 805 239 832 cum
272 792 409 831 eodem
441 792 564 831 libero
597 791 776 843 arbitrio,
808 797 1008 830 terrenum
1043 790 1200 841 quidem
1231 790 1391 843 animal,
1423 790 1491 829 sed

151 851 255 890 caelo
289 851 461 902 dignum,
494 852 526 889 si
559 862 629 889 suo
657 849 885 889 cohaereret
917 851 1079 901 auctori,
1110 850 1267 888 miseria
1299 849 1490 902 similiter,

151 911 183 948 si
227 922 316 948 eum
355 909 574 960 desereret,
619 913 839 960 secutum„
864 907 988 959 qualis
1027 913 1188 946 naturae
1229 907 1346 946 huius
1387 906 1491 947 modi

151 969 378 1007 conveniret
409 963 547 1019 (quem
587 967 765 1005 similiter
803 978 892 1005 cum
931 967 1261 1017 praevaricatione
1293 965 1389 1017 legis
1422 965 1491 1004 Dei

84 1035 123 1065 15
150 1039 220 1078 per
254 1026 322 1064 Dei
355 1026 618 1064 desertionem
650 1030 903 1076 peccaturum
942 1037 1027 1063 esse
1061 1026 1294 1077 praesciret,
1333 1036 1405 1063 nec
1437 1023 1491 1063 illi

151 1084 294 1123 ademit
324 1083 438 1122 liberi
470 1083 620 1122 arbitrii
660 1088 915 1135 potestatem,
957 1082 1071 1121 simul
1102 1082 1356 1134 praevidens,
1397 1082 1490 1133 quid

151 1143 242 1181 boni
280 1142 326 1181 de
365 1142 464 1181 malo
505 1144 588 1180 eius
627 1147 731 1180 esset
769 1143 851 1192 ipse
890 1136 1105 1193 facturus);
1145 1143 1212 1191 qui
1250 1141 1297 1179 de
1335 1140 1490 1179 mortali

150 1203 336 1252 progenie
370 1202 510 1239 merito
542 1202 723 1250 iusteque
756 1199 933 1238 damnata
966 1205 1117 1238 tantum
1148 1199 1336 1250 populum
1368 1200 1490 1250 gratia

151 1272 219 1298 sua
259 1259 423 1310 colligit,
466 1264 509 1297 ut
545 1257 634 1296 inde
674 1258 852 1309 suppleat
883 1264 922 1297 et
953 1259 1147 1296 instauret
1178 1263 1349 1310 partem,
1391 1269 1489 1308 quae

82 1328 124 1357 20
151 1318 255 1368 lapsa
289 1323 348 1356 est
380 1317 618 1369 angelorum,
652 1328 694 1354 ac
728 1318 783 1354 sic
814 1316 878 1355 illa
910 1316 1051 1355 dilecta
1083 1321 1121 1354 et
1153 1327 1324 1366 superna
1356 1317 1489 1354 civitas

150 1388 227 1414 non
269 1376 472 1415 fraudetur
514 1387 676 1413 suorum
714 1387 878 1413 numero
921 1376 1081 1426 civium,
1122 1375 1217 1424 quin
1257 1375 1373 1412 etiam
1413 1374 1488 1412 for-

150 1436 263 1473 tassis
296 1439 335 1472 et
366 1433 549 1472 uberiore
582 1433 758 1472 laetetur.

698 1570 853 1612 CAPUT
879 1569 930 1611 II⁴

308 1657 366 1695 De
398 1661 566 1695 aeterna
599 1657 677 1694 Dei
706 1660 746 1694 et
776 1655 1090 1694 incommutabili
1119 1657 1330 1694 voluntate.

91 1748 100 1763 v

82 1747 123 1776 25
268 1738 387 1776 Multa
419 1739 529 1790 enim·
555 1738 653 1775 fiunt
691 1736 847 1787 quidem
885 1748 905 1774 a
945 1735 1053 1773 malis
1085 1741 1220 1773 contra
1252 1735 1489 1775 voluntatem

152 1796 238 1848 Dei3
279 1796 346 1834 sed
385 1801 513 1834 tantae
553 1801 612 1834 est
652 1794 715 1833 ille
749 1795 959 1845 sapientiae
992 1799 1198 1844 tantaeque
1232 1795 1406 1846 virtutis,
1446 1800 1490 1833 ut

152 1857 190 1893 in
225 1866 292 1893 eos
324 1856 451 1892 exitus
484 1855 563 1892 sive
596 1854 710 1904 fines,
752 1864 849 1903 quos
881 1852 1004 1890 bonos
1038 1857 1076 1890 et
1107 1853 1231 1890 iustos
1262 1853 1346 1902 ipse
1377 1864 1487 1903 prae-

152 1914 274 1961 scivit,
307 1912 466 1951 tendant
494 1913 632 1962 omnia,
660 1923 757 1962 quae
785 1910 972 1949 voluntati
999 1911 1083 1948 eius
1110 1909 1290 1948 videntur
1317 1910 1487 1949 adversa.

152 1972 203 2009 Ac
236 1983 307 2022 per
340 1971 413 2009 1100
440 1982 529 2009 011111
556 1969 658 2008 Deus
692 1975 841 2007 mutare
875 1968 1018 2007 dicitur
1049 1967 1299 2017 voluntatem,
1331 1973 1374 2007 ut
1405 1969 1488 2019 qui·

82 2038 125 2067 30
151 2028 224 2067 bus
266 2029 364 2067 lenis
407 2035 489 2067 erat
536 2028 644 2067 verbi
685 2028 806 2078 gratia
848 2025 1032 2065 reddatur
1074 2027 1217 2078 iratus,
1263 2025 1317 2064 illi
1357 2028 1488 2077 potius

152 2100 266 2137 quam
306 2089 388 2138 ipse
428 2092 628 2125 mutantur
668 2091 706 2124 et
745 2096 835 2123 eum
873 2084 1040 2136 quodam
1079 2084 1192 2122 modo
1225 2090 1416 2123 mutatum
1448 2086 1488 2123 in

151 2145 210 2182 his
256 2157 353 2195 quae
399 2147 601 2195 patiuntur
646 2145 865 2194 inveniunt3
910 2144 1012 2182 sicut
1052 2147 1226 2181 mutatur
1267 2142 1325 2180 sol
1365 2142 1488 2182 oculis

245 2285 289 2313 30
317 2282 371 2313 est
397 2281 431 2313 A
