1548 2562
365 147 416 172 DE
436 147 623 173 CIVITATE
642 148 712 173 DEI
730 148 764 174 L.
785 148 864 173 xiv.
884 147 913 173 c.
933 149 974 173 21.
994 149 1035 173 22.
1302 138 1358 178 45

37 240 238 286 peccatum
269 247 354 273 eam
384 240 521 274 natura
552 248 628 274 non
659 236 850 286 inpudens
881 237 1019 274 amissa
1049 240 1258 287 potestate,
1296 237 1359 275 cui
1395 266 1397 269 v

37 305 179 344 corpus
219 305 266 331 ex
302 295 406 331 omni
443 299 552 344 parte
585 294 791 346 serviebat,
830 296 950 333 sensit
981 293 1171 345 adtendit,
1202 293 1360 332 erubuit

35 353 199 402 operuit.
261 351 327 390 Illa
352 363 442 389 vero
468 351 686 390 benedictio
713 354 946 404 nuptiarum,
977 358 1020 391 ut
1051 353 1245 403 coniugati
1276 364 1357 390 cre-

35 414 191 448 scerent
222 415 260 448 et
300 409 650 460 multiplicarentur
682 417 720 449 et
750 411 957 461 implerent
988 416 1149 463 terram,
1187 412 1358 461 quamvis

36 473 75 506 et
105 469 145 506 in
177 467 491 518 delinquentibus
522 469 724 519 manserit,
764 474 891 507 tamen
923 474 1128 519 antequam
1160 468 1357 519 delinque·
1384 477 1403 507 5

34 531 122 564 rent
153 525 239 564 data
271 532 341 578 est,
372 532 416 564 ut
440 532 744 577 cognosceretur
773 528 1083 577 procreationem
1114 527 1281 565 filiorum
1312 527 1358 565 ad

35 583 195 634 gloriam
233 584 409 636 conubii,
446 597 523 622 non
561 584 607 622 ad
638 596 801 634 poenam
833 587 1029 635 pertinere
1062 587 1221 636 peccati.
1283 585 1358 623 Sed
1385 604 1390 610 ·

36 654 138 680 nunc
169 642 357 694 homines,
388 643 562 693 profecto
593 642 695 681 illius
728 644 825 693 quae
858 645 896 680 in
928 643 1104 693 paradiso
1136 644 1209 682 fuit
1239 643 1357 681 felici—
1391 677 1396 682 .

34 701 123 738 tatis
153 702 295 752 ignari,
332 702 407 738 nisi
436 713 507 752 per
538 701 629 751 hoc,
668 701 770 750 quod
802 704 952 752 experti
984 708 1091 753 sunt,
1130 702 1168 739 id
1202 707 1259 740 est
1290 714 1359 752 per

0 797 2 799 ,
34 757 243 811 libidin‘em,
275 759 322 797 de
349 771 423 809 qua
449 759 623 797 videmus
649 761 763 797 etiam
795 761 916 810 ipsam
948 760 1190 798 honestatem
1222 760 1357 798 erube·
1387 769 1429 799 10

35 828 144 855 scere
177 819 420 869 nuptiarum,
457 829 534 855 non
566 819 737 868 potuisse
769 819 873 868 gigni
892 817 1002 855 'filios
1034 820 1257 869 opinantur,
1297 818 1360 856 alii

35 873 248 926 scripturas
275 875 433 927 divinas,
464 875 531 914 ubi
556 875 697 926 legitur
722 882 810 926 post
841 881 1042 926 peccatum
1073 876 1258 926 puduisse
1290 888 1359 914 nu-

34 932 164 972 ditatis
197 939 235 972 et
266 934 444 984 pudenda
476 946 560 972 esse
594 940 781 985 contecta,
813 946 973 984 prorsus
1006 946 1083 972 non
1115 936 1361 985 accipientes,

34 991 101 1029 sed
139 991 347 1030 infideliter
385 992 617 1043 inridentes3
656 992 718 1029 alii
750 1004 839 1030 vero
873 994 1046 1042 quamvis
1077 1004 1141 1030 eas
1173 990 1362 1043 accipiant
1404 1029 1411 1037 ,

34 1054 73 1087 et
109 1049 325 1101 honorent,
368 1050 462 1088 illud
500 1056 627 1088 tamen
665 1050 767 1100 quod
807 1050 952 1089 dictum
995 1056 1070 1089 est:
1119 1052 1292 1089 Crescite
1324 1055 1429 1090 6215

34 1110 368 1159 multiplicamini,
408 1120 486 1163 non
518 1108 733 1147 secundum
766 1109 956 1147 carnalem
990 1109 1266 1147 secunditatem
1296 1121 1359 1146 vo-

35 1165 120 1204 lunt
150 1166 338 1217 intellegi,
377 1168 464 1216 quia
506 1172 544 1205 et
575 1167 788 1218 secundum
821 1169 986 1205 animam
1017 1167 1158 1217 legitur
1190 1167 1263 1205 tale
1295 1167 1361 1205 ali-

35 1223 126 1274 quid
153 1224 317 1263 d1ctum:
347 1225 634 1274 Multiplicabis
654 1236 714 1263 me
740 1228 778 1263 in
806 1228 939 1263 anima
965 1237 1051 1264 mea
1072 1228 1111 1263 in
1132 1228 1287 1276 virtute,
1318 1231 1362 1263 ut

29 1282 84 1332 id,
116 1282 219 1332 quod
251 1284 290 1320 in
321 1284 454 1333 genesi
486 1285 680 1333 sequitur:
723 1284 958 1332 Etimplete
989 1289 1141 1322 terram
1172 1289 1210 1322 et
1241 1285 1360 1323 domi-

35 1343 188 1379 namini
218 1343 318 1387 eius,
358 1346 500 1379 terram
532 1341 755 1391 intellegant
787 1354 959 1393 carnem,
999 1354 1111 1391 quam
1143 1343 1360 1392 praesentia
1387 1352 1431 1382 20

36 1410 105 1436 sua
130 1399 264 1449 implet
290 1401 414 1437 anima
445 1401 606 1449 eiusque
639 1401 800 1437 maxime
834 1400 1064 1451 dominatur,
1096 1412 1183 1437 cum
1217 1395 1256 1438 in
1288 1401 1360 1437 vir-

36 1461 118 1495 tute
146 1457 440 1509 multiplicatur3
472 1458 645 1496 carnales
672 1463 800 1496 autem
826 1459 927 1496 fetus
954 1459 1035 1496 sine
1062 1457 1232 1510 libidine,
1264 1470 1361 1508 quae

34 1520 123 1565 post
165 1520 367 1566 peccatum
411 1521 543 1554 exorta
580 1518 770 1567 inspecta,
815 1517 974 1554 confusa
1012 1516 1133 1554 velata
1171 1521 1246 1567 est,
1290 1528 1362 1554 nec

35 1578 129 1611 tunc
174 1575 280 1611 nasci
322 1576 516 1625 potuisse,
560 1575 661 1612 sicut
701 1586 827 1624 neque
860 1587 963 1612 nunc
994 1580 1175 1626 possunt,
1218 1586 1290 1612 nec
1322 1575 1361 1612 in

35 1631 213 1681 paradiso
258 1632 411 1670 futuros
456 1633 592 1683 fuisse,
637 1632 703 1672 sed
742 1633 853 1683 soris,
898 1634 998 1670 sicut
1037 1639 1075 1670 et
1116 1633 1258 1670 factum
1291 1637 1360 1670 est.
1387 1643 1430 1672 25

35 1689 131 1727 Nam
168 1695 301 1740 postea
340 1702 454 1740 quam
494 1690 582 1728 inde
614 1690 763 1728 dimissi
783 1695 902 1742 sunt,
942 1691 987 1728 ad
1019 1690 1231 1741 gignendos
1263 1690 1361 1728 filios

35 1749 214 1786 coierunt
248 1760 391 1798 eosque
424 1754 654 1799 genuerunt.

533 1867 687 1914 CAP'UT
720 1873 854 1915 XXII.

94 1946 153 1984 De
184 1948 327 1995 copula
357 1948 562 1994 coniuyali
591 1958 616 1984 a
648 1947 731 1985 Deo
758 1949 943 1995 primitus
974 1948 1153 1985 instituta
1185 1951 1303 1994 atque
1330 1958 1335 1963 ·

587 2005 805 2043 benedicta.
889 2041 892 2044 Α
1386 2014 1429 2045 30

152 2073 229 2111 Nos
268 2078 395 2111 autem
434 2073 538 2112 nullo
580 2074 692 2111 modo
715 2074 952 2113 dubitamus
994 2074 1206 2113 secundum
1244 2074 1357 2113 hene-

37 2130 245 2170 dictionem
280 2131 346 2169 Dei
385 2143 563 2175 crescere
601 2138 640 2170 et
675 2133 923 2183 multiplicari
954 2138 993 2172 et
1024 2132 1184 2183 implere
1216 2138 1359 2171 terram

132 2211 188 2253 18)
214 2209 269 2243 Ps.
299 2212 375 2252 137,
402 2213 433 2242 3.

131 2304 174 2335 18
199 2301 237 2335 in
261 2301 396 2335 uirtute
430 2301 496 2335 VA
520 2303 602 2344 (21)
627 2313 689 2337 sec.
716 2303 790 2337 cod.
818 2294 940 2344 Alea&
965 2303 1004 2337 in
1028 2304 1162 2337 virtute
1187 2304 1252 2338 tua
1274 2315 1295 2339 v
