1548 2562
410 162 462 187 DE
482 162 670 188 O1V1TATE
689 163 760 188 DEI
778 163 811 187 L.
830 163 912 187 XVI.
933 162 962 188 c.
982 163 1024 188 21Δ
1302 151 1382 191 157

562 304 718 347 CAPUT
750 305 862 347 XXI.
882 344 890 345 „

48 393 106 430 De
139 394 258 430 tertia
293 392 555 440 promissione
587 391 678 437 Dei,
716 403 795 438 qua
833 396 987 429 terram
1024 391 1219 429 Chanaan
1251 391 1379 428 Abra-

205 451 281 488 hae
312 453 351 488 et
378 450 521 488 semini
550 450 635 486 eius
667 450 705 486 in
732 454 972 497 perpetuum
999 450 1224 497 pollicetur.

164 530 259 569 Cum
307 542 398 580 ergo
443 530 608 580 digressi
651 534 784 567 essent
827 531 1113 579 separatimque
1161 529 1380 568 habitarent

47 588 238 627 Abraham
282 594 319 626 et
357 587 456 626 Loth
494 587 727 625 necessitate
768 587 1043 626 sustentandae
1078 587 1259 639 familiae,
1303 600 1381 626 non

48 647 230 685 foeditate
270 646 505 697 discordiae,
544 651 583 683 et
614 644 805 683 Abraham
837 647 877 683 in
910 651 1013 683 terra
1046 645 1243 698 Chanaan,
1281 645 1381 684 Loth

49 710 177 744 autem
210 709 315 743 esset
345 706 383 742 in
419 703 617 755 Sodomis,
650 703 806 741 oraculo
838 704 955 741 tertio
988 703 1084 741 dixit
1116 703 1302 742 Dominus
1334 704 1380 741 ad

47 763 257 801 Abraham:
289 763 521 811 Respiciens
547 764 672 800 oeulis
698 764 775 800 tuis
800 763 888 800 vide
914 773 939 799 a
964 764 1061 813 loeo,
1094 764 1133 799 in
1166 774 1242 809 quo
1273 775 1381 801 nunc

48 826 89 859 tu
128 833 185 873 es,
230 823 286 859 ad
322 823 544 868 aquilonem
582 824 621 858 et
657 819 841 867 Africum
879 824 916 858 et
954 822 1145 858 orientem
1184 826 1221 858 et
1257 832 1379 868 mare,

47 882 141 928 quia
180 890 329 918 omnem
371 883 539 925 terram,
577 890 695 925 qurum
736 883 776 915 ta
816 879 942 925 vides,
982 879 1054 915 tibi
1090 879 1193 916 daho
1225 890 1312 916 eam
1343 884 1381 917 et

46 939 188 976 semini
230 943 296 975 tuo
341 948 463 983 usque
508 938 547 974 2'n
584 939 802 983 saeculum,
848 941 886 974 et
918 935 1071 983 faciam
1109 947 1239 974 semen
1272 942 1380 974 tunm

48 1000 248 1043 tamquam
280 996 474 1033 harenam
506 999 652 1032 terrae.
715 995 761 1031 Sa?
786 999 916 1042 potest
946 996 1089 1041 aliquis
1122 995 1381 1033 dinumerare

47 1055 241 1092 harenam
269 1058 415 1099 terrae,
448 1057 485 1090 et
509 1064 638 1090 semen
665 1058 773 1089 tuum
806 1053 1138 1090 dinumerabitur.
1201 1053 1380 1099 Surqens

45 1113 280 1160 perambula
307 1116 458 1149 terram
484 1113 525 1148 in
550 1112 835 1158 longse'luch'nem
861 1112 946 1148 eius
977 1115 1015 1148 et
1047 1112 1086 1148 in
1118 1112 1378 1158 latitudinem,

48 1172 143 1218 quia
170 1170 241 1207 tibi
266 1170 368 1207 dabo
395 1180 492 1207 eam.
554 1168 597 1206 In
630 1168 700 1206 hac
732 1169 989 1218 promissione
1022 1173 1155 1206 utrum
1182 1170 1232 1206 sit
1265 1170 1380 1206 etiam

48 1228 123 1278 illa,
155 1239 230 1277 qua
260 1232 370 1278 pater
403 1227 526 1265 factus
559 1232 618 1264 est
650 1228 822 1264 omnium
854 1227 1040 1277 gentium,
1072 1238 1149 1263 non
1182 1226 1382 1265 evidenter

48 1290 218 1336 apparet.
279 1284 413 1323 Potest
439 1286 540 1322 enim
567 1283 688 1322 videri
720 1284 765 1321 ad
799 1284 871 1322 hoc
903 1286 1117 1335 pertinere:
1150 1285 1201 1322 Et
1227 1284 1381 1332 faciam

48 1356 178 1382 semen
211 1348 320 1382 tuum
345 1348 544 1390 tamquam
569 1344 764 1380 harenam
796 1348 943 1393 terrae,
975 1342 1077 1392 quod
1111 1354 1154 1380 ea
1185 1342 1380 1381 locutione

49 1402 195 1440 dictum
226 1406 302 1453 est,
345 1413 459 1451 quam
491 1400 628 1438 Graeci
659 1405 796 1438 vocant
828 1400 1083 1451 hyperbolem
1116 1413 1212 1450 quae
1245 1403 1380 1451 utique

49 1461 198 1511 tropica
240 1465 320 1510 est,
360 1471 437 1497 non
477 1460 644 1509 propria.
707 1458 791 1503 Quo
830 1464 959 1496 tamen
993 1458 1123 1510 modo,
1164 1464 1208 1496 ut
1239 1461 1381 1497 ceteris

49 1519 184 1569 tropiS,
217 1519 274 1556 uti
307 1517 430 1555 solere
459 1518 704 1568 scripturam,
736 1517 864 1554 nullus
897 1518 963 1566 qui
996 1529 1079 1554 eam
1111 1516 1246 1554 didicit
1277 1517 1380 1555 amb-

50 1578 130 1627 igit.
210 1575 285 1613 Iste
330 1580 459 1613 autem
504 1580 657 1626 tropus,
701 1574 739 1612 id
777 1580 836 1612 est
885 1574 1022 1612 modus
1060 1574 1284 1625 locutionis,
1329 1576 1382 1626 fit,

50 1635 203 1685 quando
236 1634 273 1671 id
307 1633 408 1683 quod
441 1634 583 1671 dicitur
616 1632 726 1682 longe
755 1638 814 1670 est
846 1632 1021 1683 amplius,
1053 1644 1167 1682 quam
1201 1633 1303 1682 quod
1337 1645 1381 1670 eo

50 1692 153 1730 dicto
195 1692 445 1741 significatur.
508 1690 603 1735 Quis
645 1692 748 1727 enim
785 1702 862 1727 non
901 1690 1043 1741 videat,
1086 1702 1200 1740 quam
1239 1692 1289 1728 sit
1325 1693 1380 1728 in-

51 1749 362 1800 comparabiliter
406 1748 567 1799 amplior
619 1748 785 1786 harenae
829 1760 1039 1800 numerus,
1090 1760 1204 1798 quam
1254 1755 1383 1799 potest

51 1820 136 1846 esse
162 1808 365 1845 hominum
392 1807 564 1844 omnium
597 1805 642 1843 ab
674 1808 758 1857 ipso
786 1806 904 1844 Adam
936 1818 1059 1856 usque
1093 1806 1136 1844 ad
1172 1809 1382 1845 terminum

53 1863 224 1904 saeculi?
275 1865 426 1910 Quanto
466 1876 558 1915 ergo
595 1865 716 1914 magis
754 1876 869 1914 quam
908 1876 1040 1902 semen
1074 1864 1264 1915 Abrahae,
1304 1877 1382 1903 non

53 1924 176 1962 solum
210 1923 311 1973 quod
344 1924 514 1973 pertinet
545 1922 590 1960 ad
618 1922 869 1960 Israeliticam
900 1928 1067 1974 gentem,
1100 1935 1234 1960 verum
1267 1925 1382 1961 etiam

52 1982 154 2032 quod
187 1987 247 2019 est
279 1986 316 2018 et
349 1981 522 2018 futurum
556 1986 615 2018 est
647 1981 861 2018 secundum
894 1982 1146 2019 imitationem
1179 1981 1269 2019 fidei
1301 1987 1381 2020 toto

51 2040 145 2078 orbe
195 2045 388 2078 terrarum
438 2040 476 2076 in
526 2037 706 2077 omnibus
756 2038 953 2089 gentihus!
1004 2038 1115 2084 Quod
1166 2051 1297 2077 semen
1342 2041 1381 2078 in

148 2140 204 2183 15)
231 2138 319 2173 Gen.
349 2143 402 2182 13,
430 2143 472 2172 14
498 2150 574 2182 sqq·

146 2271 166 2302 8
191 2266 266 2300 tuis
300 2266 406 2300 VRF
427 2276 491 2300 sec.
518 2266 664 2308 Graec.;
689 2277 753 2301 om.
781 2278 800 2301 υ
819 2268 831 2311 ΙΙ
852 2271 893 2301 10
919 2268 960 2300 tu
985 2277 1049 2301 om.
1084 2266 1144 2310 Vn
1164 2277 1244 2301 eam
1278 2266 1386 2301 VRF

50 2325 114 2349 see.
142 2314 266 2348 Graec.
275 2326 286 2355 ,-
312 2323 375 2347 om.
402 2323 422 2346 v

1410 887 1450 916 10

1410 1177 1450 1206 15

1408 1468 1449 1498 20

1408 1757 1451 1787 25

1408 2048 1451 2078 30
