1611 2465
86 759 127 790 10

86 1052 127 1082 15

87 1933 129 1960 30

154 123 240 165 504
698 131 725 157 S.
744 132 963 158 AUGUSTINI

153 228 277 261 tutam
309 223 430 261 fuisse
469 228 557 260 ante
596 227 818 273 peccatum,
856 221 894 259 id
927 227 1003 274 est,
1040 227 1084 261 ut
1114 228 1247 273 posset
1277 235 1489 274 numquam

152 282 306 333 perpeti
346 285 530 332 mortem3
571 279 682 318 aliter
726 285 855 318 autem
899 286 988 331 post
1024 287 1245 333 peccatum,
1286 281 1409 333 qualis
1449 284 1489 321 in

153 351 338 379 aerumna
376 339 493 377 huius
531 337 777 377 mortalitatis
815 340 1007 392 innotuit,
1050 345 1094 378 ut
1130 346 1332 391 perpetem
1374 343 1489 380 vitam

153 404 287 437 tenere.
326 409 405 436 non
443 398 586 449 possit3
619 398 674 435 sic
714 409 807 448 ergo
839 397 967 449 aliter,
1006 410 1121 449 quam
1153 398 1265 437 nobis
1297 405 1387 438 nota
1419 406 1490 452 est,

152 459 381 496 instituetur
429 457 469 494 in
513 457 805 494 resurrectione
856 461 1112 495 mortuorum.
1188 457 1263 496 Sed
1308 460 1490 509 quoniam

152 517 238 554 istis
276 527 354 553 non
396 514 563 553 credunt
599 514 762 567 litteris,
802 514 870 553 ubi
907 514 1048 566 legitur
1086 515 1210 566 qualis
1241 518 1281 554 in
1312 517 1490 568 paradiso

152 575 292 612 vixerit
318 573 433 612 homo
461 578 727 624 quantumque
761 573 881 612 fuerit
912 586 932 612 a
964 576 1197 613 necessitate
1231 577 1368 614 mortis
1400 576 1490 614 alie-

152 645 226 671 nus
260 628 423 685 (quibus
456 634 592 682 utique
626 633 659 670 si
691 631 915 684 crederent,
947 645 1026 671 non
1058 646 1147 671 cum
1179 633 1253 671 illis
1287 634 1334 672 de
1366 646 1491 685 poena

153 691 446 743 damnatorum,
491 702 589 742 quae
628 691 761 729 futura
800 696 879 743 est,
923 693 1126 742 operosius
1159 688 1400 746 ageremus):
1445 693 1490 731 de

154 750 296 789 litteris
329 761 483 802 eorum,
522 751 589 800 qui
627 749 842 787 doctissimi
874 749 975 801 apud
1007 749 1093 788 illos
1126 751 1303 803 fuerunt,
1347 751 1492 802 aliquid

153 807 434 860 proferendum
477 814 556 860 est,
596 820 671 859 quo
710 814 893 859 appareat
929 820 1044 859 posse
1081 809 1184 861 fieri,
1221 815 1264 848 ut
1301 809 1413 849 aliter
1451 822 1492 849 se

154 866 293 906 haheat
319 879 497 918 quaeque
524 878 600 918 res,
633 878 748 917 quain
779 868 890 917 prius
921 868 961 905 in
994 866 1112 905 rebus
1144 869 1368 907 innotuerat
1400 880 1491 907 suae

153 926 478 964 determinatione
511 930 685 964 naturae.

271 984 342 1023 Est
373 985 413 1022 in
445 983 564 1022 Marci
597 982 780 1022 Varronis
813 983 941 1036 libris⁷
981 996 1149 1035 quorum
1180 986 1383 1036 inscriptio
1417 991 1492 1024 est:

154 1042 209 1082 De
243 1048 357 1094 gente
390 1042 525 1094 populi
556 1042 738 1094 Romani,
771 1042 874 1093 quod
907 1042 1055 1081 eisdem
1087 1042 1233 1095 verbis,
1267 1043 1408 1094 quihus
1439 1043 1493 1082 ibi

154 1102 313 1154 legitur,
353 1107 392 1140 et
428 1101 491 1139 hic
530 1113 689 1152 ponam:
719 1100 794 1153 „In
827 1101 949 1153 caelo,
981 1103 1126 1153 inquit,
1158 1101 1333 1140 mirabile
1367 1104 1494 1141 extitit

153 1165 401 1212 portentum3
434 1172 521 1198 nam
553 1161 593 1198 in
627 1159 735 1198 stella
762 1158 924 1197 Veneris
958 1159 1208 1212 nobilissima,
1241 1173 1354 1211 quam
1380 1160 1491 1199 Plau-

154 1225 216 1257 tus
250 1218 577 1270 Vesperuginem,
609 1217 802 1256 Homerus
834 1217 1037 1269 Hesperon
1069 1218 1246 1270 appellat,
1277 1219 1491 1269 pulcherri-

153 1289 256 1315 mam
282 1277 428 1328 dicens‚
462 1276 599 1315 Castor
625 1276 762 1314 scribit
794 1282 943 1315 tantum
974 1282 1201 1327 portentum
1233 1279 1418 1329 extitisse,
1449 1284 1494 1317 ut

154 1341 324 1375 mutaret
363 1335 555 1387 colorem,
594 1334 916 1387 magnitudinem,
954 1336 1135 1387 figuram,
1174 1348 1351 1387 cursum3
1389 1337 1492 1387 quod

154 1395 299 1433 sactum
342 1395 395 1432 ita
440 1406 565 1444 neque
613 1399 724 1431 antea
765 1406 892 1444 neque
930 1399 1066 1445 postea
1104 1395 1165 1432 sit.
1226 1393 1308 1432 Hoc
1348 1395 1492 1433 factum

155 1452 287 1504 Ogvgo
326 1464 419 1503 rege
459 1452 640 1490 dicebant
676 1451 862 1490 Adrastos
895 1451 1104 1503 Cyzicenos
1145 1458 1183 1490 et
1214 1452 1313 1490 Dion
1344 1452 1491 1504 Neapo-

154 1512 258 1562 lites‚
297 1511 561 1549 mathematici
600 1507 794 1549 nobiles.“
854 1510 937 1549 Hoc
970 1516 1077 1549 certe
1110 1509 1229 1549 Varro
1263 1516 1394 1550 tantus
1427 1523 1491 1550 au-

155 1576 239 1609 ctor
271 1575 499 1621 portentum
536 1581 615 1608 non
657 1569 885 1620 appellaret,
922 1571 997 1608 nisi
1029 1581 1114 1608 esse
1148 1575 1284 1608 contra
1315 1576 1493 1609 naturam

154 1629 366 1667 videretur.
429 1627 568 1666 Omnia
606 1629 748 1678 quippe
787 1633 969 1679 portenta
1008 1634 1142 1666 contra
1181 1634 1359 1667 naturam
1400 1628 1491 1667 dici-

155 1700 241 1726 mus
286 1699 393 1739 esse;
438 1686 505 1725 sed
551 1699 629 1725 non
674 1691 776 1725 sunt.
839 1686 924 1732 Quo
965 1686 1079 1724 modo
1118 1692 1177 1725 est
1215 1688 1318 1725 enim
1358 1693 1493 1726 contra

155 1752 351 1793 naturam,
392 1745 495 1796 quod
528 1745 598 1783 Dei
630 1745 672 1783 fit
703 1745 919 1797 voluntate,
961 1757 1050 1783 cum
1082 1745 1258 1783 voluntas
1290 1747 1387 1784 tanti
1418 1747 1491 1784 uti-

156 1817 230 1855 que
265 1804 479 1842 conditoris
512 1803 689 1841 conditae
723 1805 779 1841 rei
812 1805 1003 1854 cuiusque
1036 1809 1174 1842 natura
1206 1801 1283 1842 sit?
1331 1803 1493 1842 Porten-

156 1869 239 1901 tum
279 1875 370 1913 ergo
410 1862 451 1900 fit
489 1874 566 1900 non
606 1867 741 1900 contra
782 1867 981 1914 naturam,
1022 1861 1089 1900 sed
1122 1868 1256 1900 eontra
1288 1874 1403 1912 quam
1435 1868 1494 1901 est

158 1927 248 1959 nota
289 1927 436 1959 natura.
500 1920 595 1965 Quis
636 1925 765 1958 autem
807 1925 1079 1970 portentorum
1111 1926 1289 1958 numerat
1321 1920 1491 1959 multitu-

156 1981 303 2032 dinem,
349 1991 446 2030 quae
484 1978 645 2017 historia
683 1980 857 2029 gentium
899 1976 1149 2017 continetur?
1211 1978 1286 2016 Sed
1319 1991 1422 2017 nunc
1453 1981 1493 2017 in

254 2083 310 2124 18)
338 2079 519 2124 Amphitr.
548 2083 579 2122 1,
607 2083 638 2122 1,
668 2083 743 2113 119.
796 2080 853 2122 18)
880 2078 920 2113 Il.
948 2083 1003 2122 22,
1030 2083 1109 2114 318.

252 2214 272 2243 3
299 2210 517 2253 perpetuam
542 2208 578 2242 A
609 2210 620 2252 ΙΙ
654 2212 694 2242 17
721 2207 760 2241 id
785 2209 878 2252 port.
904 2207 940 2241 R
970 2209 982 2251 ΙΙ
1012 2207 1049 2241 in
1075 2219 1139 2242 om.
1166 2207 1238 2242 RA
1264 2209 1275 2252 ΙΙ
1304 2212 1347 2242 22
1374 2217 1492 2253 ogyge

156 2266 226 2290 mss
263 2258 373 2299 (265,
411 2258 496 2298 24)‚·
544 2254 671 2299 Ogyge
709 2265 729 2288 v
763 2256 774 2298 ΙΙ
807 2255 974 2289 adrastos
1011 2254 1199 2298 cyzicenos
1236 2265 1305 2289 mss
1337 2256 1418 2297 (vol.
1459 2255 1493 2297 I,

159 2305 247 2345 295,
275 2305 357 2345 30);
383 2302 563 2336 Adrastus
591 2301 787 2345 Cyzicenus
812 2312 832 2335 v
852 2302 864 2345 ΙΙ
883 2301 941 2335 dio
968 2300 1003 2335 R
