1611 2465
154 56 239 97 234
688 64 716 89 s.
738 64 958 91 AUGUSTINI

154 154 244 207 bus,
282 156 366 206 ipse
405 156 444 192 in
482 166 575 205 pace
615 155 850 205 praemium,
892 155 958 203 qni
998 155 1121 192 virtus
1154 155 1193 192 in
1225 153 1337 192 bello.
1400 153 1490 193 Ideo

154 225 242 252 cum
270 215 309 251 in
336 212 464 251 verbis
490 212 640 250 Nathan
667 211 815 250 dictum
848 213 914 250 sit:
947 213 998 250 Et
1029 213 1229 251 nuntiabit
1261 213 1335 250 tibi
1359 212 1491 251 Domi-

154 284 247 319 nus,
281 274 465 319 quoniam
500 273 654 310 domum
688 272 923 317 aedificabis
955 273 1046 319 ipsi,
1085 277 1221 321 postea
1254 270 1402 310 dictum
1434 277 1493 309 est

154 332 194 369 in
232 329 360 369 verbis
398 329 534 367 David:
579 330 773 376 Quoniam
813 334 854 367 tu
887 330 1079 367 Dominus
1111 332 1354 378 omnipotens
1385 330 1493 368 Deus

108 396 127 427 5
156 390 300 435 Israel,
343 390 532 427 revelasti
562 399 702 426 aurem
733 390 841 426 servi
872 390 932 426 tui
962 390 1118 427 dicens:
1155 389 1322 426 Domum
1353 389 1491 435 aedifi-

155 449 255 487 cabo
294 448 374 485 tibz‘.
438 445 544 484 Hanc
583 448 686 484 enim
724 446 883 484 domum
921 452 959 484 et
997 458 1068 485 nos
1108 446 1355 485 aedificamus
1393 446 1492 484 bene

154 506 335 557 vivendo,
374 510 413 543 et
444 504 547 543 Dens
586 510 630 543 ut
660 504 760 543 bene
801 506 973 543 vivamus
1011 504 1254 556 opituland03
1294 506 1383 555 qnia
1414 506 1495 543 m'sz'

156 565 346 603 Dominus
380 566 658 610 aedificaverit
690 565 862 611 domum,
905 566 944 602 2'72
977 576 1120 602 vanum
1153 564 1396 603 laborabunt
1427 575 1492 602 ae-

156 625 365 669 dificantes
403 634 500 660 eam.
564 622 683 661 Cuius
722 622 860 660 domus
899 634 987 660 cnm
1024 624 1175 660 venerit
1213 621 1348 660 ultima
1388 621 1492 660 dedi-

86 689 128 719 10
155 683 275 728 catio,
320 687 413 720 tnnc
456 681 521 719 fiet
558 680 672 732 illud,
718 680 820 731 qnod
859 680 921 718 hic
960 693 1030 732 pei·
1062 680 1213 719 Nathan
1245 680 1401 719 locutus
1433 686 1493 718 est

154 739 257 778 Deus
299 740 449 778 dicens:
493 740 545 777 Ec
580 751 726 788 ponam
767 742 895 778 locum
937 742 1082 788 populo
1130 751 1214 778 meo
1253 740 1404 786 Israel,
1457 744 1495 777 et

148 800 342 847 plcmmbo
380 801 505 849 illum,
545 804 581 837 et
614 799 855 836 inhabitabit
890 809 1083 845 seorsum,
1123 803 1161 836 et
1191 809 1269 836 non
1301 799 1494 836 sollicitus

154 859 231 895 eril
256 860 375 904 ultra,
409 863 445 895 et
470 869 548 895 non
575 862 744 906 apponet
765 859 874 903 filius
901 859 1123 905 iniquitatis
1155 858 1369 894 humiliare
1394 867 1494 903 eum,

153 917 259 954 sicut
295 917 345 953 ab
385 917 497 953 initio
530 927 555 953 a
588 916 743 961 diebus,
781 916 924 963 quibus
963 917 1153 954 constitui
1189 916 1343 954 iudices
1374 925 1495 963 super

85 982 126 1013 15
149 977 338 1023 populum
370 985 497 1012 meum
530 974 670 1012 Israel.

671 1099 828 1142 CAPUT
861 1099 976 1140 XIII.

155 1184 215 1221 Αη
237 1185 460 1232 promissae
482 1186 598 1232 pacis
625 1186 773 1222 veritas
801 1186 877 1222 illis
904 1185 1147 1232 temporibus
1176 1186 1300 1232 possit
1331 1185 1493 1231 ascribi,

477 1254 580 1290 quae
610 1243 682 1280 sub
715 1243 925 1281 Salomone
951 1244 1173 1290 fluxerunt.

274 1322 355 1360 Hoc
383 1328 459 1360 tam
487 1335 669 1374 magnum
701 1323 847 1362 bonnm
881 1325 1058 1374 quisquis
1090 1325 1130 1362 in
1162 1324 1236 1362 hoc
1268 1324 1422 1363 saeculo
1456 1329 1493 1362 et

84 1391 128 1421 20
156 1382 195 1418 in
227 1380 298 1419 hac
327 1386 431 1419 terra
458 1388 601 1433 sperat,
633 1383 863 1432 insipienter
897 1383 1006 1432 sapit.
1069 1382 1125 1420 An
1160 1384 1352 1433 quispiam
1383 1388 1493 1433 puta-

155 1439 211 1477 bit
242 1440 281 1477 in
314 1451 407 1490 pace
446 1442 556 1491 regni
590 1440 806 1478 Salomonis
838 1440 876 1478 id
909 1452 995 1478 esse
1028 1438 1293 1491 completum?
1354 1440 1493 1479 Pacem

155 1499 299 1548 qnippe
332 1497 433 1536 illam
474 1500 667 1549 scriptura
709 1501 747 1537 in
782 1498 918 1537 umbra
952 1500 1073 1537 futuri
1107 1499 1310 1538 excellenti
1342 1499 1492 1550 praedi-

156 1557 307 1594 catione
334 1557 591 1595 commendat.
655 1557 730 1595 Sed
758 1557 848 1595 hnic
875 1559 1088 1608 suspicioni
1122 1557 1326 1608 vigilanter
1357 1569 1493 1596 occur-

156 1626 241 1652 sum
274 1619 350 1666 est,
384 1627 490 1667 cum,
523 1621 657 1666 postea
690 1628 804 1666 qnam
838 1616 985 1654 dictum
1017 1621 1093 1654 est:
1131 1617 1181 1654 Et
1214 1628 1291 1655 non
1324 1621 1495 1665 apponet

85 1682 127 1712 25
151 1675 261 1719 filius
287 1675 510 1721 iniquilatis
535 1676 750 1713 Iezmze'le'are
781 1686 880 1726 eum,
913 1676 1099 1713 continno
1133 1674 1385 1713 subiunctnm
1418 1680 1493 1712 est:

156 1732 269 1769 Sicut
307 1732 357 1769 ab
398 1734 510 1770 milio
543 1745 567 1771 a
600 1734 756 1780 diebus,
795 1734 938 1781 quibus
969 1735 1160 1772 constitui
1190 1735 1343 1772 iudices
1373 1744 1495 1781 super

149 1792 339 1838 populum
363 1801 491 1828 meum
526 1791 665 1829 Israel.
727 1791 879 1829 Indices
912 1803 1090 1841 namque,
1122 1792 1348 1842 priusquam
1381 1801 1494 1841 reges

154 1847 207 1885 ibi
245 1860 330 1886 esse
370 1850 607 1900 coepissent,
646 1861 764 1899 super
805 1849 913 1888 illum
945 1849 1132 1900 populum
1165 1850 1320 1887 fuerant
1351 1850 1493 1887 consti-

155 1907 249 1957 tnti,
283 1918 328 1944 ex
362 1918 437 1957 qno
471 1912 614 1945 terrani
646 1909 916 1958 promissionis
949 1909 1109 1958 accepit.
1172 1906 1221 1945 Et
1255 1908 1389 1957 ntique
1421 1906 1492 1945 hu-

84 1974 128 2004 30
155 1963 326 2002 miliahat
368 1977 455 2003 enm
495 1965 596 2004 filius
635 1967 869 2016 iniqnitatis,
908 1965 982 2003 hoc
1021 1970 1080 2003 est
1112 1965 1235 2003 hostis
1268 1965 1494 2016 alienigena,

251 2056 285 2095 1)
314 2057 341 2086 1.
379 2053 458 2088 Cor.
487 2058 546 2096 15,
582 2057 637 2089 28.
689 2056 723 2098 6)
752 2059 782 2089 2.
812 2055 907 2089 Sam.
943 2058 981 2097 7,
1018 2058 1158 2095 11327.
1212 2055 1246 2098 9)
1272 2054 1328 2088 Ps.
1357 2057 1434 2097 126,
1463 2058 1492 2089 1.

157 2100 212 2142 15)
240 2104 270 2133 2.
299 2099 394 2133 Sam.
423 2104 453 2143 7,
483 2106 523 2135 10
551 2113 601 2145 sq.

250 2232 270 2262 5
298 2228 446 2263 domum
474 2240 537 2263 om.
565 2229 600 2262 R
619 2231 630 2272 ξΙ
650 2234 669 2262 8
698 2229 867 2264 laborant
892 2229 927 2262 R
946 2231 958 2273 ΙΙ
978 2233 1020 2263 27
1048 2230 1219 2274 namque]
1248 2231 1371 2264 autem
1397 2228 1433 2263 R

1593 143 1607 307 Διιπ-ι-..α
