1611 2465
64 713 106 742 10

66 1133 106 1164 15

64 1426 108 1457 20

66 1717 108 1748 25

133 77 219 117 5264
673 85 699 110 s.
720 84 937 111 AUGUSTINI

134 177 234 226 Argo
279 181 457 214 mortuus
503 180 560 212 est
599 173 738 224 loseph
781 175 821 212 in
860 174 1032 226 Aegypto
1077 186 1267 213 annorum
1312 180 1469 213 centum

133 235 278 273 decem.
339 234 434 272 Post
472 234 583 271 cuius
625 239 791 270 mortem
823 232 990 283 populus
1023 232 1091 271 Dei
1124 232 1353 271 mirabiliter
1385 245 1467 271 cre-

133 305 246 331 scens
280 294 419 330 mansit
452 293 491 329 in
517 291 689 342 Aegypto
722 296 880 329 centum
914 291 1167 342 quadraginta
1200 293 1372 342 quinque
1405 303 1468 329 an-

134 364 222 403 nos,
267 349 472 400 tranquille
518 351 648 401 prius,
694 349 817 387 donec
863 356 1111 388 morerentur
1150 350 1291 401 quibus
1330 349 1470 400 Ioseph

134 416 249 448 notus
301 410 392 460 fuit3
449 407 588 446 deinde
646 409 735 459 quia
786 407 1031 446 invidebatur
1080 410 1335 447 incrementis
1385 410 1470 447 eius

133 474 320 518 erantque
367 471 574 517 suspecta:
617 478 694 517 quo
738 479 862 517 usque
907 466 995 504 inde
1040 466 1294 518 liberaretur,
1338 479 1469 517 perse-

133 525 356 565 cutionibus
399 521 523 578 (inter
564 537 660 575 quas
700 531 828 563 tamen
871 525 1056 563 divinitus
1099 525 1304 563 fecundata
1342 525 1469 563 multi-

132 585 339 636 plicatione
373 580 594 636 crescebat)
633 589 671 621 et
702 583 900 622 laboribus
931 583 1183 634 premebatur
1215 583 1471 622 intolerabilis

133 644 344 682 servitutis.
405 641 448 681 ln
480 643 636 693 Assyria
675 654 764 679 vero
804 648 842 680 et
874 641 1033 680 Graecia
1071 654 1142 693 per
1182 643 1285 681 idem
1317 648 1471 693 tempus

132 714 251 753 regna
285 701 418 739 eadem
450 700 741 752 permanebant.

651 837 806 879 CAPUT
832 837 949 879 VIII.

201 926 373 971 Quorum
407 935 546 972 requm
578 928 710 961 aelate
741 923 901 971 Moyses
933 928 1051 961 natus
1082 925 1144 970 εῖτ,
1177 928 1215 961 et
1245 934 1414 971 quorum

299 984 464 1021 deorum
497 983 643 1020 eisdem
675 982 917 1030 temporibus
948 984 998 1019 sil
1031 986 1122 1019 orta
1154 984 1306 1029 rele'ye'o.

253 1064 350 1103 Cum
377 1075 469 1114 ergo
496 1068 680 1113 regnaret
705 1063 872 1113 Assyriis
906 1069 1068 1113 quartus
1095 1063 1270 1101 decimus
1297 1062 1471 1114 Saphrus

134 1130 172 1162 et
218 1123 408 1174 Sicyoniis
454 1121 708 1160 duodecimus
754 1120 978 1171 Orthopolis
1028 1127 1066 1159 et
1111 1120 1267 1160 Criasus
1312 1123 1472 1172 quintus

134 1183 303 1232 Argivis,
336 1186 449 1219 natus
482 1186 542 1218 est
573 1182 611 1217 in
644 1180 817 1230 Aegypto
850 1179 1022 1231 Moyses,
1053 1192 1124 1230 per
1156 1192 1273 1230 quem
1304 1180 1472 1231 populus

133 1240 203 1278 Dei
242 1240 288 1278 de
327 1240 515 1277 servitute
548 1238 732 1289 Aegyptia
769 1237 956 1276 liberatus
995 1243 1074 1289 est,
1115 1239 1155 1276 in
1197 1251 1271 1288 qua
1304 1251 1394 1277 eum
1425 1239 1472 1277 ad

134 1297 436 1337 desiderandum
475 1298 535 1335 sui
568 1295 763 1335 Creatoris
802 1296 988 1334 auxilium
1020 1298 1075 1334 sic
1108 1299 1283 1334 exerceri
1316 1303 1470 1348 oporte-

134 1357 209 1395 bat.
248 1355 538 1407 vRegnantibus
576 1356 800 1393 memoratis
839 1354 996 1404 regibus
1036 1355 1155 1393 fuisse
1189 1367 1208 1393 a
1241 1354 1472 1406 quibusdam

135 1415 310 1454 creditur
341 1413 617 1465 Prometheus,
651 1425 766 1463 quem
798 1419 1006 1463 propterea
1038 1414 1169 1451 ferunt
1201 1413 1248 1451 de
1280 1414 1362 1452 luto
1395 1415 1471 1452 sor-

134 1486 259 1513 masse
286 1473 475 1520 homines,
507 1473 596 1522 quia
623 1473 792 1523 optimus
826 1473 1037 1521 sapientiae
1064 1471 1201 1510 doctor
1233 1472 1352 1510 fuisse
1385 1484 1472 1523 per-

133 1532 308 1583 hibetur3
341 1544 413 1569 nec
440 1536 569 1569 tamen
595 1530 826 1577 ostenditur,
853 1531 920 1580 qui
947 1531 1029 1568 eius
1056 1530 1299 1581 temporibus
1326 1531 1472 1569 fuerint

135 1592 361 1658 sapientesy
409 1589 546 1628 Frater
590 1590 675 1627 eius
716 1588 847 1626 Atlans
886 1600 1049 1639 magnus
1091 1589 1212 1627 fuisse
1252 1589 1472 1640 astrologus

136 1650 297 1700 dicitur3
335 1648 439 1686 unde
481 1649 726 1686 occasionem
765 1646 891 1685 sabula
923 1648 1088 1698 invenit,
1126 1652 1170 1685 ut
1201 1659 1290 1685 eum
1323 1647 1472 1685 caelum

136 1713 292 1760 portare
320 1708 579 1757 confingeret3
612 1707 788 1756 quamvis
821 1717 934 1743 mons
966 1707 1051 1744 eius
1083 1707 1239 1744 nomine
1272 1718 1471 1757 nuncupe-

136 1774 218 1818 tur,
262 1767 374 1804 cuius
416 1764 618 1803 altitudine
660 1765 791 1814 potius
832 1763 927 1801 caeli
965 1765 1133 1814 portatio
1171 1765 1210 1801 in
1249 1765 1473 1815 opinionem

137 1825 240 1875 vulgi
289 1825 441 1862 venisse
492 1822 678 1860 videatur.
741 1821 859 1860 Multa
903 1834 1059 1872 quoque
1104 1822 1174 1859 alia
1217 1834 1262 1860 ex
1313 1822 1388 1860 illis
1432 1824 1471 1860 in

136 1883 296 1922 Graecia
322 1880 565 1933 temporibus
593 1880 761 1929 contingi
788 1879 961 1918 fabulosa
988 1886 1219 1931 coeperunt3
1252 1879 1318 1918 sed
1347 1892 1471 1930 usque

138 1942 183 1979 ad
223 1941 437 1991 Cecropem
474 1951 607 1989 regem
645 1938 958 1988 Atheniensium,
999 1950 1075 1989 quo
1117 1944 1303 1988 regnante
1337 1938 1473 1976 eadem

67 2010 111 2041 30
137 2002 271 2039 civitas
310 2001 426 2037 etiam
464 1997 538 2036 tale
577 2008 719 2034 nomen
758 1997 928 2047 accepit,
970 2001 1007 2034 et
1040 2008 1116 2046 quo
1149 2003 1335 2047 regnante
1367 1996 1472 2035 Deus

138 2071 207 2109 per
233 2058 389 2108 Moysen
417 2056 550 2095 eduxit
581 2067 627 2093 ex
654 2055 826 2105 Aegypto
859 2054 1046 2105 populum
1079 2067 1206 2107 suum,
1237 2055 1349 2093 relati
1381 2060 1473 2093 sunt

137 2119 176 2154 in
216 2117 379 2153 deorum
419 2126 625 2153 numerum
664 2113 809 2163 alitluot
848 2115 992 2151 mortui
1032 2125 1145 2151 caeca
1184 2119 1222 2152 et
1254 2125 1348 2151 vana
1381 2125 1471 2151 con·

232 2256 250 2286 *2
279 2254 315 2285 et
340 2252 467 2285 decem
496 2262 513 2284 υ
533 2251 544 2293 Η
564 2254 606 2284 23
634 2249 753 2283 atlans
779 2259 868 2291 mss;
893 2249 998 2282 Atlas
1023 2259 1043 2283 v
