1548 2562
425 132 477 156 DE
496 130 684 157 clva'rE
703 132 772 157 DEI
791 132 823 158 L.
843 132 922 157 xix.
943 132 973 158 c,
992 133 1016 159 9.
1122 172 1125 175 .
1297 122 1380 163 369

588 286 740 345 CAPUT
773 287 844 328 IX.

51 372 111 410 De
142 373 321 409 amicitia
357 376 588 409 sanclorum
626 374 877 420 anyelmwm,
918 384 1022 420 quae
1053 374 1204 412 homini
1233 374 1273 411 in
1305 374 1381 412 hoe

114 431 259 467 mundo
291 441 368 467 non
395 434 525 477 potest
554 441 638 468 esse
668 430 882 478 manifesta
910 435 1078 480 propter
1105 431 1315 479 fallaciam

168 489 411 534 daemonum,
444 490 484 525 2'72
516 499 613 535 quos
645 489 885 535 inciderunt,
919 492 989 537 qui
1017 492 1158 528 multos
1188 491 1268 528 sibi

441 547 534 584 deos
565 548 749 584 colendos
776 551 984 596 putarunt.

152 624 209 665 ’In
242 628 425 665 societate
458 639 549 665 vero
582 632 806 666 sanctorum
838 628 1081 681 angelorum,
1114 642 1229 680 quam
1260 629 1382 680 philo-

51 685 162 736 sophi
199 685 270 736 illi,
308 686 374 735 qui
407 685 519 724 nohis
552 685 645 724 deos
686 687 830 724 amicos
863 699 947 725 esse
980 687 1206 740 voluerunt,
1244 693 1383 739 quarto

50 745 340 782 constituerunt
376 743 480 795 loco,
518 743 623 782 velut
661 743 706 782 ad
745 744 933 783 mundum
971 747 1171 784 venientes
1210 745 1256 784 ab
1289 746 1383 784 orbe

49 807 261 854 terrarum,
298 796 350 840 ut⁴
382 803 437 840 sic
476 802 641 852 quodam
679 802 793 840 modo
833 803 1188 854 complecterentur
1228 810 1267 842 et
1299 816 1382 843 cae—

49 859 150 912 lum,
192 859 298 898 nullo
338 860 452 898 modo
491 860 647 910 quidem
684 862 915 913 metuimus,
956 874 1003 900 ne
1043 862 1138 900 tales
1177 864 1289 900 amici
1321 861 1381 901 vel

50 924 174 957 morte
216 930 287 956 nos
331 930 399 956 sua
447 918 504 956 vel
545 918 817 969 depravatione
860 921 1104 959 contristent.
1177 920 1252 959 Sed
1294 922 1383 970 quia

50 976 162 1014 nobis
194 988 272 1014 non
304 988 360 1028 ea,
391 989 465 1027 qua
497 976 686 1024 homines,
720 977 977 1020 familiaritate
1010 979 1225 1017 miscentur
1259 974 1382 1031 (quod

51 1037 164 1073 etiam
205 1036 332 1085 ipsum
373 1034 419 1072 ad
461 1046 665 1073 aerumnas
705 1035 821 1073 huius
862 1037 1032 1086 pertinet
1076 1032 1196 1089 vitae)
1238 1043 1276 1074 et
1317 1037 1381 1075 ali-

51 1093 203 1144 quando
238 1093 417 1145 Satanas,
458 1094 568 1145 sicut
596 1093 780 1145 legimus,
820 1094 1070 1144 transfigurat
1110 1107 1151 1132 se
1184 1096 1286 1133 sicut
1317 1107 1381 1133 an-

50 1151 178 1202 gelum
209 1150 307 1189 lucis
334 1151 379 1189 ad
412 1151 655 1201 temptandos
688 1163 766 1203 eos,
797 1149 896 1202 quos
928 1153 978 1190 ita
1011 1152 1070 1190 vel
1102 1153 1251 1191 erudiri
1283 1165 1382 1204 opus

51 1215 110 1248 est
140 1208 200 1258 vel
231 1209 358 1260 decipi
388 1210 534 1248 iustum
568 1214 644 1247 est:
682 1221 817 1260 magna
850 1209 918 1247 Dei
951 1211 1217 1249 misericordia
1250 1223 1382 1249 neces-

51 1269 150 1306 saria
187 1273 266 1319 est,
307 1279 355 1305 ne
397 1269 622 1319 quisquam,
666 1279 755 1305 cum
794 1267 916 1306 bonos
957 1269 1113 1319 angelos
1155 1271 1299 1307 amicos
1342 1282 1382 1308 se

50 1325 193 1364 habere
225 1330 352 1377 putat,
388 1325 528 1364 habeat
565 1325 685 1363 malos
717 1326 924 1364 daemones
957 1327 1068 1365 fictos
1099 1329 1262 1379 amicos,
1299 1340 1381 1366 eos-

52 1396 127 1435 que
166 1389 273 1423 tanto
314 1385 582 1435 nocentiores,
627 1389 770 1434 quanto
817 1386 1026 1423 astutiores
1072 1397 1115 1424 ac
1157 1385 1384 1437 fallaciores,

50 1443 220 1493 patiatur
259 1443 448 1480 inimicos.
516 1441 563 1480 Et
608 1443 681 1480 cui·
714 1454 851 1492 magna
891 1444 963 1481 ista
1004 1442 1073 1481 Dei
1116 1444 1383 1482 misericordia

52 1501 271 1539 necessaria
302 1505 361 1538 est
392 1501 467 1538 nisi
499 1512 656 1550 magnae
688 1500 878 1539 humanae
911 1502 1112 1553 miseriae,
1144 1514 1242 1552 quae
1277 1504 1383 1553 iguo—

52 1560 176 1597 rantia
214 1563 327 1597 tanta·
357 1559 566 1609 premitur,
606 1564 650 1596 ut
688 1558 798 1597 facile
836 1560 1001 1597 istorum
1040 1560 1285 1599 simulatione
1318 1560 1382 1598 fal—

52 1614 182 1655 latur?
242 1616 292 1654 Et
316 1616 401 1654 illos
428 1615 585 1666 quidem
616 1616 868 1668 philosophos
899 1618 938 1655 in
971 1619 1086 1668 impia
1120 1619 1286 1670 civitate,
1319 1620 1385 1668 qui

52 1674 146 1713 deos
178 1674 251 1713 sibi
282 1676 426 1712 amicos
451 1686 537 1712 esse
569 1673 764 1726 dixerunt,
794 1676 835 1713 in
867 1674 1075 1713 daemones
1106 1676 1294 1727 malignos
1327 1678 1382 1715 in·

53 1732 193 1771 cidisse
226 1733 486 1771 certissimum
519 1737 595 1784 est,
627 1732 768 1783 quibus
799 1738 879 1771 tota
910 1735 993 1784 ipsa
1024 1735 1158 1772 civitas
1191 1734 1384 1786 subditur,

52 1796 255 1829 aeternum
281 1802 369 1829 cum
396 1792 451 1828 eis
477 1789 654 1828 habitura
678 1785 923 1848 supplicium.
985 1791 1041 1838 Ex
1074 1804 1210 1831 eorum
1242 1794 1384 1844 quippe

53 1851 174 1888 sacris
212 1848 270 1887 vel
308 1850 438 1900 potius
477 1849 707 1900 samilegiis,
746 1849 888 1900 quihus
930 1862 996 1888 eos
1028 1850 1230 1903 colendos,
1269 1856 1308 1890 et
1339 1863 1384 1889 ex

52 1907 154 1946 ludis
184 1906 509 1955 inmundissimiS,
542 1906 609 1945 ubi
641 1919 777 1945 eorum
810 1909 971 1946 ciimIna
1003 1909 1269 1957 celeluantui,
1303 1911 1384 1960 qui-

52 1964 126 2004 bus
158 1977 225 2004 eos
262 1965 469 2017 placandos
504 1970 744 2016 putaverunt
782 1953 928 2004 eisdem
960 1968 1056 2017 ipsis
1088 1967 1314 2006 auctoribus
1347 1972 1386 2006 et

148 2067 205 2109 15)
231 2069 263 2100 2.
291 2065 370 2101 Cor.
399 2070 452 2108 11,
482 2069 532 2099 14.

149 2197 192 2227 14
224 2193 318 2228 sicut
347 2193 383 2227 R
415 2193 598 2238 Sanyerm.
636 2193 811 2235 Olarowm
840 2195 882 2228 ut
907 2195 941 2228 A
968 2194 1101 2229 fuld·
1088 2221 1097 2236 ,
1132 2194 1170 2229 in
1197 2195 1228 2228 L
1253 2196 1384 2240 fraqm

53 2238 154 2274 Fris.
184 2240 330 2274 Tmmtuzz
357 2240 490 2274 Amiat.
519 2240 652 2275 Siwait.
686 2241 766 2275 Vat.
791 2241 851 2283 (cf.
872 2242 938 2276 vol.
961 2241 996 2283 Ι,
1017 2245 1079 2283 92,
1099 2245 1142 2283 8,·
1162 2242 1183 2276 Ζ.
1204 2245 1251 2277 21
1273 2253 1300 2277 c.
1322 2246 1386 2286 6);

53 2286 157 2321 uelut
184 2286 292 2321 Ρα77·.
319 2287 364 2331 (5³)
389 2297 409 2320 7)
434 2287 494 2329 (ef.
521 2287 587 2322 vol.
615 2287 651 2330 Ι,
677 2290 758 2331 418,
785 2291 825 2330 8)

124 2357 198 2376 ΑΓΕ.
218 2358 258 2376 ΒΕ
280 2357 339 2376 etv.
359 2350 486 2376 mut-11.
1062 2350 1106 2379 24
1160 2358 1163 2359 ν

1410 870 1452 900 10

1411 1161 1454 1191 15

1411 1452 1455 1483 20
