1548 2562
392 189 445 214 DE
465 188 654 214 CIVITATE
673 189 742 214 DEI
762 189 794 214 L.
814 189 929 215 XVHJ.
950 189 978 215 C.
997 190 1041 215 41.
1307 179 1391 220 319

64 277 218 330 publica
249 277 388 328 impiae
420 278 584 315 civitatis
616 277 880 316 diiudicandas
913 283 952 316 et
976 277 1067 315 alias
1099 275 1318 329 probandas
1349 289 1393 316 ac

64 335 324 387 recipiendas,
362 334 453 373 alias
485 334 745 385 inprobandas
777 335 1112 386 repudiandasque
1146 337 1310 387 curavit,
1350 347 1393 374 ac

64 406 142 432 non
173 395 315 445 passim
343 394 425 431 sine
452 392 530 431 ullo
561 393 705 431 iudicio
738 394 977 444 confuseque
1008 393 1143 432 habuit
1174 394 1213 432 in
1245 395 1392 444 gremio

64 464 136 491 suo
161 457 218 490 tot
243 452 529 489 controversias
554 451 755 490 hominum
787 451 1070 504 dissidentium,
1102 464 1179 490 non
1211 451 1258 490 de
1290 453 1392 502 agris

64 516 103 548 et
133 509 313 548 domibus
343 509 404 548 vel
429 521 673 559 quacumque
705 511 927 560 pecuniaria
960 511 1121 561 ratione,
1153 509 1220 548 sed
1253 509 1299 548 de
1332 510 1390 548 his
1419 516 1439 547 5

63 567 200 620 rebus,
243 567 385 618 quibus
426 573 493 606 aut
531 569 674 606 misere
713 569 853 606 vivitur
894 573 960 606 aut
1002 566 1143 606 beate?
1204 567 1278 606 Ubi
1319 569 1393 607 etsi

64 626 190 676 aliqua
238 638 328 665 vera
377 625 630 677 dicebantur,
686 626 819 664 eadem
868 626 1024 664 licentia
1074 626 1304 665 dicebantur
1354 631 1393 665 et

64 685 175 736 falsa,
205 696 368 735 prorsus
399 689 443 723 ut
473 696 550 722 non
583 684 727 722 frustra
761 684 846 722 talis
880 686 1012 722 civitas
1044 686 1250 735 mysticum
1282 696 1392 722 voca-

63 742 198 781 bulum
229 742 434 793 Babylonis
466 743 671 793 acceperit.
733 742 903 792 Babylon
934 744 1216 793 interpretatur
1249 744 1390 793 quippe

64 801 253 852 confusio,
284 800 387 850 quod
419 813 489 838 nos
521 802 595 838 iam
622 800 764 838 dixisse
797 802 1055 839 meminimus.
1117 800 1196 839 Nec
1228 802 1394 839 interest
1421 809 1464 840 10

63 858 204 897 diaboli
241 860 345 909 regis
383 860 484 910 eius,
522 870 635 908 quam
674 860 880 896 contrariis
912 860 1016 897 inter
1048 871 1089 897 se
1121 860 1300 897 rixentur
1333 870 1392 897 er-

62 916 237 968 roribus,
275 929 373 967 quos
410 918 549 957 merito
587 916 728 955 multae
767 918 972 967 variaeque
1005 918 1214 968 impietatis
1246 918 1393 967 pariter

63 975 247 1026 possidet.

180 1033 229 1071 At
259 1045 350 1072 vero
391 1045 486 1084 gens
517 1032 597 1085 illa,
634 1032 697 1071 ille
730 1033 914 1083 populus,
953 1032 1015 1071 illa
1048 1034 1201 1084 civitas,
1238 1032 1300 1071 illa
1333 1045 1396 1071 res

63 1091 240 1143 publica,
281 1091 335 1129 illi
372 1090 587 1141 Israelitae,
629 1090 770 1141 quibus
809 1090 955 1129 credita
995 1096 1086 1129 sunt
1124 1091 1275 1141 eloquia
1316 1089 1397 1142 Dei,
1426 1099 1467 1130 15

64 1149 169 1188 nullo
207 1149 321 1188 modo
359 1149 719 1200 pseudoprophetas
758 1161 846 1187 cun]
886 1151 986 1187 veris
1024 1149 1226 1200 prophetis
1268 1149 1396 1199 parili-

63 1213 141 1247 tate
179 1208 357 1246 licentiae
397 1207 676 1258 confuderunt,
717 1207 783 1245 sed
825 1207 1039 1246 concordes
1071 1209 1175 1246 inter
1207 1220 1247 1245 se
1280 1213 1396 1258 atque

63 1268 103 1305 in
134 1266 240 1305 nullo
272 1265 547 1304 dissentientes
588 1278 787 1304 sacrarum
817 1265 1037 1304 litterarum
1070 1278 1227 1304 veraces
1261 1264 1307 1304 ab
1341 1267 1396 1304 eis
1451 1313 1458 1319 Ι

64 1323 374 1376 agnoscebantur
400 1329 438 1362 et
463 1323 696 1362 tenebantur
721 1330 911 1362 auctores.
973 1323 1050 1375 Ipsi
1084 1325 1138 1362 eis
1172 1329 1282 1362 erant
1312 1323 1395 1374 phi-

64 1382 247 1433 losophi,-
270 1382 343 1420 hoc
381 1387 441 1420 est
472 1388 662 1420 amatores
695 1384 924 1434 sapientiae,
961 1384 1035 1433 ipsi
1068 1383 1280 1433 sapientes,
1321 1383 1395 1432 ipsi
1422 1391 1466 1422 20

67 1441 245 1491 theologi,
275 1441 351 1491 ipsi
375 1440 599 1491 prophetae,
630 1442 704 1490 ipsi
730 1440 910 1478 doctores
936 1440 1140 1491 probitatis
1167 1446 1282 1490 atque
1315 1442 1393 1490 pie-

64 1500 164 1537 tatis.
227 1498 471 1549 Quicumque
497 1498 713 1536 secundum
744 1498 829 1537 illos
862 1500 989 1549 sapuit
1021 1505 1059 1537 et
1091 1500 1195 1550 vixit,
1227 1511 1304 1536 non
1337 1510 1394 1537 se-

19 1591 27 1599 .
66 1557 236 1596 cundum
262 1556 450 1608 homines,
482 1556 550 1595 sed
582 1556 797 1595 secundum
824 1556 958 1608 Deum,
991 1558 1058 1607 qui
1088 1568 1159 1607 per
1192 1569 1258 1594 eos
1290 1556 1394 1595 locu-

66 1621 128 1654 tus
160 1621 231 1666 est,
263 1616 391 1665 sapuit
416 1620 455 1653 et
479 1616 583 1653 vixit.
634 1615 690 1653 Ibi
717 1616 749 1653 si
774 1614 1015 1665 prohibitum
1047 1619 1107 1653 est
1138 1614 1395 1666 sacrilegium,

66 1672 175 1712 Deus·
200 1672 411 1724 prohibuit.
474 1672 515 1711 Si
548 1673 693 1711 dictum
726 1678 802 1711 est:
835 1673 999 1711 Honora
1026 1677 1186 1721 patrem
1218 1678 1328 1710 tuum
1359 1678 1396 1711 et
1422 1682 1465 1712 25

66 1737 232 1770 matrem
265 1736 385 1782 tuam,
416 1730 520 1769 Deus
552 1732 675 1769 iussit.
739 1731 779 1769 Si
810 1731 956 1769 dictum
990 1737 1065 1769 est:
1098 1732 1184 1769 Non
1215 1732 1395 1769 moecha-

68 1790 194 1837 beris,
235 1800 314 1827 non
344 1790 601 1827 homicidium
629 1788 778 1837 facies,
820 1800 898 1828 non
932 1788 1158 1837 furaberis,
1198 1794 1236 1827 et
1268 1795 1397 1827 cetera

66 1846 183 1886 huius
210 1846 325 1897 modi,
355 1854 432 1884 non
458 1846 553 1884 haec
585 1859 652 1885 ora
683 1847 862 1898 humana,
895 1847 962 1885 sed
994 1847 1148 1885 oracula
1180 1846 1307 1885 divina
1340 1847 1395 1885 fu-

67 1905 219 1944 derunt.
291 1905 487 1955 Quidquid
530 1905 749 1956 philosophi
793 1905 948 1955 quidam
992 1907 1094 1943 inter
1139 1904 1255 1955 salsa,
1299 1917 1395 1955 quae

67 1964 213 2014 opinati
244 1968 355 2010 sunt,
388 1975 523 2001 verum
555 1963 685 2002 videre
717 1969 930 2014 potuerunt
963 1969 1000 2001 et
1031 1963 1233 2001 laboriosis
1266 1962 1395 2013 dispu-
1423 1973 1467 2004 30

69 2020 278 2060 tationibus
319 2021 554 2071 persuadere
596 2021 718 2060 inoliti
756 2028 867 2073 sunt,
911 2022 1012 2072 quod
1052 2021 1239 2060 mundum
1279 2022 1396 2060 istum

68 2078 171 2118 Deus
198 2079 335 2117 fecerit
360 2091 527 2129 euinque
553 2081 636 2130 ipse
668 2079 1031 2130 providentissimus
1063 2080 1319 2130 administret,
1349 2079 1396 2117 de

165 2169 220 2211 10)
246 2167 286 2201 L.
315 2170 357 2202 16
384 2178 412 2202 c.
439 2172 471 2202 4.
523 2170 580 2211 27)
607 2168 718 2202 Exod.
746 2172 800 2211 20,
829 2172 870 2202 12
899 2179 975 2211 sqq.

160 2300 204 2376 ἒξ
243 2295 430 2339 parilitate
464 2295 637 2330 licentiae
672 2306 760 2337 mss;
802 2295 882 2340 pari
921 2295 1069 2330 licentia
1106 2305 1126 2329 v
1163 2297 1175 2339 ΙΙ
1212 2298 1255 2330 25
1293 2297 1397 2329 tuum

69 2352 133 2376 om.
