1548 2562
412 166 464 190 DE
484 165 674 191 CIVITATE
693 165 763 190 DEI
782 165 815 191 L.
837 165 934 190 XXII.
957 165 985 190 c.
1004 166 1046 190 30.
1320 155 1399 195 [331

73 257 112 293 in
144 254 320 293 laudibus
353 254 431 292 Dei.
495 254 640 292 Omnes
674 255 815 304 quippe
848 253 923 305 illi,
955 253 1000 291 de
1035 252 1178 303 quibus
1210 254 1284 291 iam
1319 265 1402 291 sum

73 313 237 364 locutus,
270 314 335 362 qui
362 324 464 350 nuno
491 312 622 363 latent,
654 312 875 350 harmoniae
903 311 1115 362 corporalis
1141 312 1295 349 numeri
1327 323 1403 349 non

73 371 267 423 latebunt,
310 372 546 408 intrinsecus
585 376 623 408 et
661 371 904 408 extrinsecus
942 382 1012 420 per
1051 371 1227 420 corporis
1265 374 1402 407 cuncta

73 429 269 480 dispositi,
311 434 349 467 et
387 440 474 467 cum
514 429 653 466 ceteris
691 428 831 479 rebus,
873 440 970 478 quae
1010 427 1065 466 ihi
1098 439 1255 478 magnae
1290 434 1403 478 atque

74 486 270 525 mirabiles
308 486 559 537 videbuntur,
599 486 808 525 rationales
847 492 996 524 mentes
1034 487 1073 524 in
1110 488 1207 524 tanti
1248 487 1405 524 artificis

74 545 227 583 laudem
259 544 496 583 rationabilis
534 544 836 595 pulchritudinis
869 544 1122 583 delectatione
1155 544 1404 582 succendent.

75 603 150 648 Qui
182 608 312 641 motus
343 602 420 641 illic
460 602 592 641 talium
632 614 841 653 corporum
874 604 951 640 sint
984 604 1122 649 futuri,
1161 609 1307 640 temere
1341 602 1404 640 de-

74 662 184 699 finire
228 673 303 698 non
346 661 489 713 audeo,
527 661 630 711 quod
668 662 887 712 excogitare
927 673 1003 698 non
1036 660 1162 712 valeo;
1207 667 1335 699 tamen
1368 666 1406 699 et

75 724 202 757 motus
236 724 274 756 et
307 725 447 770 status,
480 720 581 757 sicut
612 720 694 770 ipsa
728 721 896 771 species,
928 719 1071 757 decens
1104 720 1198 770 erit,
1231 720 1403 769 quicum-

75 789 148 827 que
189 778 282 829 erit,
326 776 393 815 ubi
437 777 537 826 quod
586 789 662 815 non
707 777 859 815 decebit
903 789 978 815 non
1028 779 1112 815 erit.
1181 777 1294 815 Certe
1340 777 1405 815 ubi

74 835 175 873 volet
207 837 390 887 spiritus,
432 835 485 873 ihi
517 836 592 873 erit
623 837 802 886 protinus
835 848 993 886 corpus3
1026 848 1097 873 nec
1131 835 1231 873 volet
1262 835 1404 886 aliquid

75 895 254 945 spiritus,
296 894 398 943 quod
443 906 514 931 nec
558 895 737 944 spiritum
779 899 910 944 posset
948 893 1087 931 decere
1133 906 1204 931 nec
1251 906 1404 944 corpus.

74 951 172 989 Vera
210 951 263 989 ibi
302 951 422 1002 gloria
460 952 556 1002 erit,
596 951 662 989 ubi
700 951 890 990 laudantis
930 964 1001 989 nec
1034 964 1167 990 errore
1202 954 1405 1002 quisquam

75 1022 147 1047 nec
181 1009 400 1048 adulatione
433 1009 669 1061 laudabitur3
702 1022 817 1047 verus
849 1009 993 1057 honor,
1027 1011 1092 1060 qui
1125 1009 1218 1048 nulli
1251 1010 1404 1060 negabi-

75 1074 139 1106 tur
172 1067 300 1119 digno,
331 1067 427 1105 nulli
459 1067 658 1106 deferetur
689 1068 864 1119 indigno3
898 1067 965 1105 sed
998 1080 1069 1106 nec
1102 1068 1147 1106 ad
1182 1080 1269 1106 eum
1302 1068 1403 1106 amh-

75 1127 129 1164 iet
169 1125 269 1164 ullus
310 1125 512 1178 indignus,
548 1125 615 1163 ubi
656 1126 785 1163 nullus
824 1127 1074 1176 permittetur
1113 1138 1197 1164 esse
1237 1127 1310 1164 nisi
1352 1127 1404 1164 di-

74 1195 190 1235 gnus,
231 1195 320 1221 vera
358 1195 448 1235 pax,
485 1183 552 1221 ubi
590 1183 685 1221 nihil
723 1183 873 1221 adversi
911 1196 982 1222 nec
1015 1196 1034 1221 a
1067 1196 1107 1222 se
1140 1185 1223 1235 ipso
1256 1197 1327 1223 nec
1360 1185 1405 1223 al)

76 1241 203 1292 aliquo
232 1243 396 1292 quisque
423 1243 602 1292 patietur.
665 1241 885 1280 Praemium
920 1243 1074 1280 virtutis
1108 1243 1182 1280 erit
1212 1244 1307 1294 ipse,
1340 1244 1406 1293 qui

74 1301 258 1337 virtutem
290 1299 396 1337 dedit
434 1301 546 1349 eique
588 1311 627 1337 se
660 1301 805 1350 ipsum,
846 1312 921 1350 quo
954 1301 1091 1338 melius
1124 1307 1162 1338 et
1193 1302 1317 1339 maius
1350 1302 1404 1339 ni-

76 1357 127 1395 hil
159 1359 283 1408 possit
315 1361 433 1409 esse,
456 1359 645 1408 promisit.
708 1357 807 1402 Quid
841 1363 899 1396 est
931 1359 1033 1396 enim
1066 1358 1165 1396 aliud
1201 1359 1303 1409 quod
1335 1371 1405 1409 per
1434 1376 1441 1382 ·

75 1415 305 1466 prophetam
343 1415 455 1454 dixit:
494 1416 575 1454 Ero
614 1417 771 1454 illorum
811 1417 936 1467 Deus,
975 1421 1013 1455 et
1051 1419 1127 1466 ipsi
1162 1422 1282 1455 erunt
1311 1419 1408 1455 mike⁸

70 1475 200 1523 plebs,
239 1475 331 1512 nisi:
369 1473 479 1525 „Ego
513 1485 579 1511 ero
612 1473 715 1511 unde
748 1476 956 1525 satientur,
998 1486 1067 1525 ego
1101 1487 1168 1512 ero
1200 1487 1404 1525 quaecum-

75 1544 150 1582 que
189 1530 236 1570 ab
273 1531 495 1570 homiuibus
533 1532 696 1570 honeste
729 1532 1017 1584 desiderantur,
1057 1538 1095 1571 et
1126 1534 1201 1571 vita
1234 1539 1272 1571 et
1304 1533 1406 1572 salus

75 1596 114 1628 et
151 1591 275 1628 victus
317 1596 355 1628 et
396 1591 504 1640 copia
543 1596 581 1628 et
619 1590 739 1640 gloria
778 1596 815 1628 et
852 1590 977 1628 honor
1016 1596 1054 1628 et
1091 1603 1163 1641 pax
1203 1597 1241 1629 et
1279 1593 1405 1630 omnia

75 1645 227 1686 homst?
290 1647 353 1685 Sic
398 1650 500 1685 enim
544 1653 583 1686 et
625 1648 718 1686 illud
761 1654 866 1687 recte
910 1649 1170 1701 intellegitur,
1214 1650 1315 1699 quod
1355 1652 1406 1688 ait

76 1706 291 1757 apostolus:
331 1707 378 1745 Ut
402 1708 453 1744 sit
477 1707 584 1745 Deus
611 1709 742 1745 omnia
770 1709 809 1745 in
842 1708 1032 1746 omnibus.
1094 1707 1179 1758 Ipse
1214 1708 1300 1746 sinis
1333 1710 1407 1746 erit

76 1764 360 1802 desideriorum
393 1770 635 1816 nostrorum,
675 1767 740 1815 qui
773 1766 855 1803 sine
888 1766 962 1803 sine
995 1764 1206 1816 videbitur,
1239 1767 1320 1804 sine
1353 1767 1405 1804 fa-

76 1822 190 1860 stidio
223 1821 430 1874 amabitur,
468 1823 550 1861 sine
588 1823 810 1873 fatigatione
848 1823 1078 1862 laudabitur.
1140 1823 1220 1861 Hoc
1253 1836 1406 1876 munus,

75 1880 138 1918 hic
171 1881 347 1928 affectus,
387 1880 449 1918 hic
488 1886 597 1919 actus
635 1882 810 1932 profecto
844 1883 919 1920 erit
951 1881 1151 1934 omnihus,
1192 1883 1293 1920 sicut
1324 1884 1405 1934 ipsa

76 1940 150 1976 vita
183 1944 356 1990 aeterna,
388 1940 616 1977 communis.

170 2030 227 2070 22)
254 2027 369 2061 Levit.
397 2031 452 2071 26,
482 2031 533 2061 12.
586 2029 643 2071 26)
673 2032 701 2062 1.
730 2027 809 2062 Cor.
839 2032 892 2071 15,
919 2032 972 2063 28.

170 2134 189 2164 2
216 2141 309 2174 quae
334 2132 421 2165 tunc
441 2131 530 2165 R¹A
557 2134 666 2175 (nunc
692 2136 789 2166 vetus
814 2137 988 2167 corrector
1013 2134 1053 2167 in
1078 2132 1127 2177 R)
1160 2135 1170 2177 ΙΙ
1203 2138 1221 2168 9
1250 2134 1404 2180 species]

75 2176 310 2221 pulchritudo
331 2177 366 2211 R
386 2179 514 2220 (nescio
540 2190 589 2212 cm
614 2180 661 2213 sit
685 2182 874 2223 uto-umque
898 2180 1068 2223 ylossema
1094 2183 1125 2213 et
1150 2179 1230 2223 ipsa
1257 2182 1304 2215 acl
1330 2192 1405 2215 cor-

75 2234 166 2267 pora
190 2225 236 2257 sit
260 2223 497 2267 referendum)
524 2226 535 2269 Η
566 2229 606 2259 12
634 2225 731 2269 quod
758 2237 829 2260 non
855 2225 890 2259 R
909 2228 921 2270 ll
946 2226 1063 2269 possit
1088 2238 1107 2259 z:
1128 2228 1139 2270 Η
1161 2231 1202 2260 14
1229 2227 1405 2262 adolatio-

74 2281 119 2304 ne
145 2269 180 2304 R
217 2271 228 2314 ll
267 2275 308 2304 16
334 2270 560 2314 permittitur
584 2271 620 2305 R
644 2273 656 2316 Η
696 2276 738 2306 18
766 2272 888 2316 aliquo
916 2272 1067 2316 quisque
1093 2272 1185 2315 RA‚·
1211 2274 1283 2308 alio
1310 2274 1407 2317 quis-

74 2327 184 2360 quam
210 2327 229 2350 v

1432 494 1451 522 τ’)

1434 785 1474 815 10

1433 1950 1476 1980 30
