1611 2465
57 736 99 766 10

57 1100 98 1130 15

56 1416 100 1447 20

58 1709 100 1739 25

58 2002 102 2032 30

125 102 213 143 364
387 148 391 150 ,
650 130 656 136 .
670 109 698 135 s,
719 108 936 135 Auensmm

123 200 291 251 auditur,
324 201 424 250 quia,
458 200 531 237 etsi
559 200 724 249 quisque
758 204 835 236 tam
868 199 979 236 fortis
1012 200 1073 250 sit,
1104 204 1149 237 ut
1179 210 1303 249 aequo
1336 200 1464 237 animo

122 259 307 310 perferat,
339 258 398 296 vel
424 263 502 296 tam
528 257 703 309 vigilans,
734 262 777 295 ut
803 256 963 308 provido
997 257 1157 295 consilio
1191 263 1334 309 caveat,
1366 269 1464 308 quae

123 318 310 356 adversus
355 328 445 355 eum
489 315 648 354 molitur
692 317 860 354 amicitia
904 315 1102 368 simulata,
1147 328 1283 354 eorum
1334 321 1464 354 tamen

112 377 325 414 >hominum
351 374 591 426 perfidorum
619 374 730 427 malo,
763 386 852 412 cum
879 386 945 412 eos
972 386 1057 413 esse
1089 376 1282 425 pessimos
1313 376 1463 426 experi-

125 441 206 486 tur,
245 436 278 473 si
315 436 397 485 ipse
437 433 563 472 bonus
603 438 680 485 est,
718 435 887 484 graviter
920 434 1169 471 excrucietur
1201 445 1361 472 necesse
1394 437 1466 485 est,

124 495 204 532 sive
249 505 422 544 semper·
444 492 534 530 mali
571 492 718 530 fuerint
757 498 796 530 et
834 504 874 530 se
913 491 1036 530 honos
1068 492 1271 543 finxerint,
1314 493 1394 530 sive
1425 493 1466 530 in

124 554 240 590 istam
272 551 457 590 malitiam
497 563 543 589 ex
581 550 754 589 bonitate
793 552 931 589 mutati
963 552 1052 589 sint.
1115 550 1157 588 Si
1189 562 1281 601 ergo
1315 550 1465 601 domus,

125 622 332 648 commune
372 610 596 661 perfugium
634 611 674 648 in
712 609 772 647 his
814 609 924 647 malis
968 609 1128 647 humani
1168 610 1342 661 generis,
1382 614 1466 648 tuta

127 681 202 707 non
231 675 301 717 est,
336 668 428 719 quid
456 670 602 720 civitas,
635 680 733 718 quae
761 674 905 718 quanto
939 669 1061 706 maior
1093 672 1164 719 est,
1196 673 1303 706 tanto
1336 668 1465 706 forum

126 730 211 766 eius
251 727 385 766 litibus
423 732 462 765 et
502 726 679 765 civilibus
721 733 760 765 et
797 726 1064 765 criminalibus
1101 726 1273 778 plenius,
1314 728 1467 765 etiamsi

126 788 330 837 quiescant
357 798 435 824 non
462 785 587 824 solum
614 785 875 837 turbulentae,
907 796 1043 823 verum
1070 786 1224 835 saepius
1256 790 1295 823 et
1327 795 1465 824 cruen—

124 851 186 883 tae
220 845 432 883 seditiones
466 857 509 883 ac
543 843 642 882 bella
675 844 811 895 civilia,
844 856 863 881 a
896 855 1065 894 quorum
1097 845 1245 882 eventis
1278 849 1369 883 sunt
1401 843 1465 882 ali-

125 903 280 954 quando
313 903 458 942 liberae
492 904 682 954 civitates,
714 915 734 940 a
766 902 952 954 periculis
985 899 1226 952 numquam?

669 1017 820 1059 CAPUT
852 1017 925 1059 VI.

167 1092 227 1130 De
259 1103 401 1130 errore
432 1092 699 1129 humanorum
732 1092 983 1139 iudiciorum,
1017 1102 1107 1129 cum
1138 1092 1287 1129 veritas
1319 1093 1425 1130 latet.

245 1172 346 1218 Quid
378 1174 461 1223 ipsa
487 1172 630 1210 iudicia
662 1172 864 1210 hominum
897 1172 944 1210 de
976 1171 1212 1223 hominibus,
1245 1184 1342 1222 quae
1376 1174 1465 1211 civi-

125 1231 271 1270 tatibus
312 1233 353 1269 in
392 1230 634 1281 quantalibet
670 1243 764 1282 pace
803 1230 1052 1269 manentibus
1090 1230 1226 1269 deesse
1268 1243 1346 1269 non
1377 1243 1465 1282 pos-

126 1295 237 1342 sunt,
275 1289 402 1340 qualia
433 1294 616 1340 putamus
644 1302 752 1341 esse,
785 1301 900 1340 quam
933 1290 1095 1340 misera,
1129 1301 1242 1339 quam
1275 1288 1467 1329 dolenda?

127 1348 290 1394 Quando
330 1347 488 1398 quidem
527 1348 567 1386 hi
605 1348 796 1399 iudicant,
833 1349 900 1398 qui
932 1349 1193 1386 conscientias
1225 1359 1379 1400 eorum,
1418 1348 1465 1388 de

127 1407 271 1457 quibus
309 1407 499 1458 iudicant,
538 1419 701 1445 cernere
741 1412 953 1457 nequeunt.
1016 1405 1125 1444 Unde
1166 1418 1280 1457 saepe
1322 1419 1465 1458 cogun-

126 1471 192 1504 tur
235 1466 441 1503 tormentis
489 1467 758 1504 innocentium
808 1466 968 1504 testium
1011 1465 1058 1503 ad
1103 1464 1266 1503 alienam
1309 1477 1467 1504 causam

126 1526 389 1575 pertinentem
425 1536 615 1574 quaerere
648 1526 861 1563 veritatem.
925 1523 1025 1568 Quid
1058 1535 1147 1561 cum
1179 1525 1218 1561 in
1251 1536 1320 1562 sua
1352 1536 1467 1563 causa

127 1584 295 1633 quisque
334 1588 543 1633 torquetur
581 1588 639 1635 et,
682 1593 771 1621 cum
810 1584 1012 1633 quaeritur
1051 1587 1184 1621 utrum
1226 1583 1276 1621 sit
1307 1595 1466 1636 nocens,

129 1643 327 1680 cruciatur
359 1646 398 1679 et
430 1642 618 1679 innocens
657 1641 729 1680 luit
760 1653 831 1692 pro
863 1643 1013 1680 incerto
1046 1640 1194 1679 scelere
1227 1643 1466 1680 certissimas

127 1712 293 1751 poenas,
331 1711 409 1737 non
451 1701 539 1750 quia
586 1699 680 1738 illud
725 1701 966 1738 commisisse
1013 1699 1227 1751 detegitur,
1268 1700 1335 1738 sed
1378 1701 1467 1751 quia

128 1771 205 1797 non
239 1759 481 1796 commisisse
515 1756 719 1797 nescitur?
780 1758 833 1796 Ac
871 1770 940 1809 per
972 1757 1046 1796 hoc
1079 1759 1296 1808 ignorantia
1326 1759 1466 1797 iudicis

127 1817 358 1867 plerumque
388 1822 447 1854 est
473 1816 669 1855 calamitas
695 1818 927 1855 innocentis.
988 1816 1037 1855 Et
1064 1817 1167 1866 quod
1194 1822 1254 1855 est
1284 1817 1464 1855 intolera-

129 1875 244 1913 bilius
277 1876 476 1925 magisque
518 1875 781 1925 plangendum
813 1874 1115 1926 rigandumque,
1151 1876 1184 1912 si
1216 1875 1299 1913 fieri
1331 1876 1466 1927 possit,

128 1933 302 1972 sontibus
335 1933 600 1981 lacrimarum,
633 1946 722 1971 cum
754 1939 962 1984 propterea
993 1933 1109 1971 iudex
1141 1938 1322 1983 torqueat
1353 1945 1465 1972 accu-

128 1998 275 2042 satum,
314 2004 362 2029 nc
402 1991 554 2030 occidat
594 1993 774 2030 nesciens
805 1993 1073 2043 innocentem,
1111 1992 1153 2029 fit
1184 2003 1254 2042 per
1285 1993 1464 2042 ignoran-

130 2053 204 2089 tiae
239 2052 446 2102 miseriam,
479 2056 522 2089 ut
554 2055 593 2088 et
625 2055 772 2089 tortum
804 2056 843 2088 et
874 2051 1124 2088 innocentem
1156 2050 1318 2102 occidat,
1350 2062 1465 2101 quem

130 2121 177 2147 ne
223 2111 473 2147 innocentem
522 2109 721 2147 occideret
770 2114 948 2147 torserat.
1019 2108 1059 2146 Si
1103 2109 1206 2146 enim
1250 2108 1466 2147 secundum

128 2169 294 2206 istorum
339 2169 568 2218 sapientiam
613 2167 775 2218 elegerit
825 2180 871 2205 ex
922 2166 992 2204 hac
1041 2168 1117 2205 vita
1167 2167 1302 2217 sugere
1349 2178 1465 2218 quam

225 2284 268 2313 33
291 2279 445 2323 elegerit
458 2280 494 2314 R
513 2281 594 2322 (vol.
611 2280 647 2323 I,
661 2283 722 2321 21,
736 2283 779 2321 9‚·
798 2279 861 2324 39,
876 2279 921 2322 53
942 2282 1002 2322 89,
1016 2282 1083 2321 23,·
1105 2282 1190 2321 241,
1204 2282 1288 2322 221),-
1308 2279 1424 2324 deleg.
1444 2289 1466 2314 υ
