1611 2465
177 91 264 131 544
713 99 739 124 s.
759 98 979 125 AUGUSTINI

175 189 497 229 delectationibus
535 189 658 227 aliena
697 194 788 227 sunt
826 190 981 227 nomina
1013 190 1167 239 pietatis
1199 189 1368 228 humano
1401 202 1510 229 more

176 249 382 287 carnaliter
415 246 609 298 diligendo
643 247 798 285 Christo
837 248 1054 299 anteponit,
1092 259 1170 286 non
1203 260 1291 286 eum
1324 247 1441 287 habet
1471 250 1511 287 in

175 308 425 346 fundamento
464 312 503 344 et
534 305 621 344 ideo
660 318 737 344 non
776 317 846 357 per
884 308 1012 356 ignem
1046 305 1173 345 salvus
1205 308 1297 358 erit,
1340 306 1407 345 sed
1441 306 1512 345 sal-

174 378 244 404 vus
276 378 353 403 11011
393 366 486 412 erit,
529 366 618 415 quia
656 377 742 403 esse
781 376 869 402 cum
904 364 1099 403 Salvatore
1133 377 1211 402 non
1244 367 1406 416 poterit,
1446 367 1513 416 qui

127 431 147 462 5
174 424 219 462 (16
252 423 322 461 1130
354 436 397 461 16
429 424 672 474 apertissime
703 422 868 473 loquens
900 425 969 462 ait:
1007 425 1085 470 Qui
1115 429 1225 462 amat
1251 429 1411 473 patrem
1443 429 1514 463 aut

173 488 339 521 matrem
367 485 458 531 plus
491 494 609 530 quam
641 493 712 534 me,
744 493 821 520 non
854 488 912 520 est
942 494 1002 520 me
1035 484 1203 530 de'qnus;
1235 488 1273 521 et
1304 485 1375 530 qui
1405 488 1514 521 amat

169 543 296 587 filium
329 546 399 579 aul
426 543 554 588 filiam
591 553 713 590 super
743 552 820 588 me,
858 552 936 579 non
969 546 1027 579 est
1057 552 1118 579 me
1151 542 1305 588 aionas.
1368 539 1512 579 Verum

174 600 239 649 qui
270 599 339 637 has
371 600 683 638 necessitudines
720 600 776 638 sic
814 605 914 637 amat
946 599 1172 651 carnaliter,
1211 605 1254 638 ut
1287 605 1415 638 tamen
1448 611 1513 637 eas

174 657 326 696 Christo
353 657 516 696 Domino
543 670 621 696 non
647 663 871 709 praeponat,
903 657 1087 708 malitque
1113 659 1208 708 ipsis
1235 669 1369 696 carere
1396 669 1512 708 quam

106 723 147 754 10
174 715 341 768 Christo,
373 718 405 755 si
431 717 477 755 ad
503 716 608 755 hunc
634 717 754 755 fuerit
779 716 985 755 articulum
1012 717 1278 767 temptationis
1311 715 1512 769 adductus,

173 787 244 826 per
281 777 410 825 ignem
450 777 526 814 erit
564 775 709 828 salvus,
749 776 837 826 quia
877 787 923 813 ex
955 786 1090 813 earum
1122 776 1328 813 amissione
1362 780 1512 814 tantum

174 845 335 872 necesse
374 840 433 872 est
471 840 558 872 urat
596 833 723 884 dolor,
762 840 950 884 quantum
987 833 1167 872 haeserat
1208 845 1326 872 amor.
1388 832 1512 872 Porro

174 893 241 942 qui
281 898 433 943 patrem
472 898 656 945 matrem,
699 892 798 930 tilios
836 892 933 931 filias
972 892 1188 931 secundum
1221 891 1419 930 Christum
1457 891 1512 930 di-

173 950 331 1002 lexerit,
369 957 412 990 111
451 951 495 989 ad
535 952 619 990 eius
658 951 1116 1001 regnum'obtinendum
1155 952 1269 1001 eique
1302 950 1512 989 cohaeren-

108 1016 148 1047 15
175 1008 268 1048 dum
306 1009 381 1047 illis
420 1008 617 1061 consulat,
655 1010 714 1047 vel
746 1009 819 1047 1100
851 1011 891 1048 111
923 1011 979 1047 eis
1012 1009 1162 1061 diligat,
1202 1008 1304 1060 quod
1337 1008 1511 1047 membra

174 1074 265 1106 sunt
307 1067 468 1106 Christi:
510 1067 610 1106 absit
650 1074 693 1106 ut
732 1069 806 1106 ista
850 1068 1005 1106 dilectio
1048 1069 1269 1119 reperiatur
1306 1069 1346 1105 in
1384 1067 1512 1120 lignis,

175 1126 274 1178 feno,
307 1126 446 1177 stipula
480 1126 755 1178 consumenda,
787 1127 853 1164 sed
887 1138 1050 1177 prorsus
1083 1126 1257 1164 aedificio
1290 1138 1421 1178 aureo,
1453 1138 1511 1164 ar-

173 1190 333 1236 genteo,
373 1197 549 1235 gemmeo
591 1184 852 1236 deputabitur.
922 1184 1007 1230 Quo
1052 1184 1166 1222 modo
1212 1190 1341 1222 autem
1382 1190 1513 1235 potest

174 1255 240 1281 eos
276 1243 364 1294 plus
403 1255 531 1281 amare
570 1255 684 1294 quam
717 1242 936 1295 Christum,
978 1255 1076 1293 quos
1115 1248 1216 1281 amat
1253 1244 1389 1293 utique
1421 1255 1510 1294 pro-

103 1308 146 1340 20
171 1307 259 1352 pter
292 1299 518 1340 Christum?

655 1461 811 1504 CAPUT
843 1462 1021 1504 XXVII.

177 1549 326 1587 Contra
353 1559 490 1587 eorum
511 1549 826 1596 persuasionem,
853 1550 924 1596 qui
946 1552 1095 1597 putant
1123 1548 1202 1586 sibi
1223 1559 1302 1587 non
1328 1548 1510 1596 offutura

303 1612 488 1655 peccata,
521 1608 561 1645 in
594 1607 747 1654 quibus,
780 1618 870 1645 cum
903 1608 1147 1655 elemosynas
1175 1605 1375 1655 facerent,

703 1667 978 1713 perstiterunt.

102 1753 145 1784 25
290 1746 425 1784 Restat
456 1747 512 1784 eis
550 1745 807 1797 respondere,
847 1747 913 1796 qui
945 1746 1081 1784 dicunt
1112 1750 1270 1784 aeterno
1302 1747 1391 1797 igne
1423 1746 1509 1786 illos

172 1804 440 1843 tantummodo
476 1800 652 1855 arsuros,
695 1806 760 1854 qui
792 1816 863 1855 pro
896 1805 1066 1855 peccatis
1099 1805 1180 1842 suis
1212 1805 1341 1843 facere
1374 1804 1508 1856 dignas

172 1863 413 1914 elemosynas
456 1861 683 1913 neglegunt,
727 1869 889 1913 propter
935 1862 1030 1901 illud
1072 1862 1175 1912 quod
1216 1864 1268 1901 ait
1309 1863 1508 1913 apostolus

172 1921 352 1960 lacobus:
391 1922 593 1959 Iudicium
625 1925 756 1959 autem
788 1923 873 1959 sine
904 1922 1185 1959 misericordia
1217 1922 1291 1968 illi,
1330 1924 1402 1969 qui
1430 1934 1508 1961 non

168 1979 267 2027 fecit
299 1980 631 2018 misericordiam.
694 1978 769 2024 Qui
806 1990 899 2029 ergo
941 1979 1052 2030 fecit,
1092 1980 1292 2031 inquiunt,
1334 1982 1508 2030 quamvis

100 2045 145 2075 30
173 2050 248 2075 11011
291 2039 508 2076 correxerit
546 2037 720 2088 perditos
759 2049 910 2089 mores,
949 2037 1016 2075 sed
1057 2038 1203 2075 nefarie
1242 2049 1286 2076 30
1327 2040 1509 2088 nequiter

172 2097 273 2134 inter
305 2098 407 2147 ipsas
441 2107 530 2134 suas
562 2095 803 2147 elemosynas
834 2097 991 2146 vixerit,
1033 2107 1121 2134 cum
1154 2096 1421 2134 misericordia
1453 2096 1507 2135 illi
1558 2111 1562 2115 ’
1593 2095 1597 2124 ³¹

172 2154 346 2193 futurum
380 2161 440 2192 est
472 2154 675 2207 iudicium,
713 2160 756 2193 ut
788 2160 853 2193 aut
891 2166 968 2192 non
1008 2153 1214 2192 damnetur
1253 2156 1409 2193 omnino
1442 2161 1509 2194 aut

267 2267 299 2309 7)
326 2267 388 2300 Mt.
419 2270 471 2309 10,
499 2271 553 2301 37.
604 2268 662 2310 29)
688 2266 759 2302 Iac.
787 2271 819 2310 2,
848 2270 901 2301 13.
