1495 2489
10 736 52 766 10

10 1029 50 1058 15

7 1614 49 1644 25

7 1907 51 1937 30

6 2199 49 2230 35

77 100 133 141 54
614 109 639 134 5.
659 108 878 135 AUGUSTINI

77 198 152 237 lem
197 200 275 237 seri
319 200 401 237 sine
448 197 617 235 libidinis
661 198 815 250 morbo,
859 197 925 236 sed
971 210 1016 237 eo
1060 198 1268 238 voluntatis
1311 207 1407 239 nutu

78 263 328 296 moverentur
371 256 541 295 membra
581 256 642 294 illa
681 268 757 306 quo
791 262 940 309 cetera,
985 263 1023 295 et
1055 259 1137 296 sine
1170 258 1320 297 ardoris
1352 260 1407 297 in-

77 315 279 354 lecebroso
328 315 483 354 stimulo
535 327 621 352 cum
667 315 943 365 tranquillitate
989 317 1106 354 animi
1151 323 1189 355 et
1232 319 1407 368 corporis

78 374 181 412 nulla
214 376 465 424 corruptione
498 374 730 423 integritatis
761 373 1034 413 infunderetur
1066 377 1213 425 gremio
1247 378 1406 415 maritus

77 434 220 471 uxoris.
282 432 417 482 Neque
445 433 547 469 enim
580 433 668 482 quia
700 434 938 483 experientia
969 433 1126 484 probari
1158 446 1235 472 non
1267 440 1408 487 potest,

77 490 164 529 ideo
192 491 428 529 credendum
456 502 532 528 non
560 496 629 542 est,
661 490 813 540 quando
845 491 928 529 illas
960 494 1135 543 corporis
1167 499 1298 543 partes
1331 506 1408 532 non

78 555 210 599 ageret
242 549 422 587 turbidus
455 548 575 600 calor,
614 549 681 587 sed.
714 555 925 600 spontanea
956 556 1145 603 potestas,
1177 553 1278 590 sieut
1310 564 1408 603 opus

78 614 193 659 esset,
226 607 438 659 adhiberet,
470 609 520 645 ita
547 614 639 645 tunc
664 610 837 658 potuisse
865 614 977 646 utero
1011 611 1187 659 coniugis
1219 610 1319 648 salva
1351 613 1407 649 in-

77 668 257 717 tegritate
286 667 443 704 feminei
469 666 645 716 genitalis
676 667 785 704 virile
819 679 951 705 semen
984 669 1139 719 inmitti,
1171 670 1272 707 sicut
1306 682 1408 707 nunc

77 730 208 776 potest
255 724 388 762 eadem
436 726 657 775 integritate
699 725 799 763 salva
841 738 886 763 ex
929 731 1040 764 utero
1081 728 1240 777 virginis
1281 728 1407 766 fluxus

78 785 269 822 menstrui
309 785 459 821 cruoris
499 785 633 822 emitti.
694 783 838 822 Eadem
878 785 1019 835 quippe
1061 786 1118 822 via
1151 792 1283 836 posset
1314 786 1407 825 illud

76 843 186 893 inici,
225 853 300 892 qua
338 841 411 880 hoc
449 848 578 893 potest
615 844 698 880 eici.
761 842 810 880 Ut
849 844 950 880 enim
990 842 1035 881 ad
1067 843 1297 893 pariendum
1329 857 1408 883 non

78 900 223 938 doloris
261 902 445 952 gemitus,
485 900 550 939 sed
584 902 817 939 maturitatis
850 901 1029 951 inpulsus
1062 902 1228 940 feminea
1260 905 1408 942 viscera

77 959 282 1011 relaxaret,
321 961 375 997 sic
414 959 459 997 ad
500 959 697 997 fetandum
730 966 768 998 et
799 960 1098 1011 concipiendum
1129 973 1207 999 non
1238 961 1408 1001 libidinis

78 1019 292 1070 appetitus,
333 1017 401 1056 sed
443 1017 682 1056 voluntarius
720 1030 815 1056 usus
854 1024 1030 1057 naturam
1071 1025 1275 1070 utramque
1318 1033 1406 1059 con-

78 1078 268 1126 iungeret.
342 1076 395 1114 De
446 1076 564 1115 rebus
605 1076 801 1127 loquimur
851 1089 954 1115 nunc
995 1077 1186 1128 pudendis
1231 1085 1269 1117 et
1308 1079 1407 1131 ideo,

77 1137 262 1186 quamvis,
295 1140 501 1185 antequam
534 1147 667 1173 earum
698 1135 875 1186 puderet,
907 1136 1040 1186 quales
1072 1149 1157 1175 esse
1189 1139 1408 1187 potuissent

77 1195 314 1232 coniciamus
358 1200 401 1231 ut
442 1206 669 1246 possumus,
713 1200 842 1232 tamen
880 1207 1041 1233 necesse
1083 1201 1161 1247 est,
1202 1201 1245 1234 ut
1276 1202 1408 1235 nostra

78 1252 287 1303 disputatio
325 1254 446 1302 magis
479 1253 655 1291 frenetur
687 1265 748 1305 ea,
781 1265 878 1303 quae
911 1265 981 1291 nos
1014 1260 1189 1305 revocat,
1221 1266 1406 1293 verecun-

79 1310 150 1362 dia,
184 1323 298 1361 quam
332 1311 563 1362 eloquentia,
596 1323 692 1361 quae
726 1311 837 1349 nobis
870 1324 1007 1362 parum
1040 1314 1222 1364 suppetit,
1254 1312 1407 1352 adiuve-

80 1376 154 1408 tur.
204 1369 299 1407 Nam
327 1381 415 1407 cum
447 1369 483 1407 id
513 1370 614 1419 quod
642 1370 726 1407 dieo
760 1382 831 1407 nec
863 1372 936 1420 ipsi
969 1373 1119 1421 experti
1152 1372 1308 1419 suerint,
1342 1373 1408 1423 qui

77 1430 246 1478 experiri
273 1434 486 1478 potuerunt
513 1424 715 1480 (quoniam
740 1434 1049 1479 praeoccupante
1070 1435 1229 1479 peccato
1251 1430 1408 1469 exilium

76 1486 123 1524 de
150 1486 326 1537 paradiso
353 1492 441 1524 ante
474 1492 714 1534 meruerunt,
748 1499 861 1537 quam
894 1486 967 1525 sibi
998 1488 1037 1525 in
1070 1500 1187 1538 opere
1220 1489 1407 1527 serendae

76 1546 299 1596 propaginis
319 1545 527 1595 tranquillo
548 1545 708 1583 arbitrio
736 1541 1021 1598 convenirent),
1047 1558 1123 1596 quo
1150 1546 1264 1585 modo
1291 1559 1407 1599 nunc,

77 1616 165 1642 cum
197 1605 269 1641 ista
302 1610 672 1655 commemorantur,
706 1603 885 1642 sensibus
918 1606 1089 1642 occurrit
1121 1604 1300 1644 humanis
1334 1607 1408 1645 nisi

77 1663 315 1713 experientia
336 1662 506 1700 libidinis
527 1662 715 1714 turbidae,
741 1675 818 1700 non
840 1664 1063 1702 coniectura
1084 1662 1253 1713 placidae
1275 1664 1406 1703 volun-

76 1718 194 1759 tatis?
248 1720 347 1759 Hinc
381 1728 439 1759 est
471 1721 574 1771 quod
606 1722 754 1772 inpedit
785 1721 1009 1772 loquentem
1039 1721 1183 1773 pudor,
1226 1724 1298 1761 etsi
1330 1735 1408 1761 non

76 1779 229 1818 deficiat
260 1781 357 1818 ratio
391 1781 635 1830 cogitantem.
693 1779 836 1818 Verum
868 1785 995 1818 tamen
1028 1781 1283 1830 omnipotenti
1316 1780 1408 1833 Deo,

77 1850 227 1876 summo
265 1850 309 1876 ac
341 1850 491 1876 summe
523 1837 624 1875 bono
656 1839 823 1876 creatori
854 1840 1028 1876 omnium
1060 1844 1305 1891 naturarum,
1343 1852 1405 1877 vo-

76 1896 269 1935 luntatum
301 1902 430 1935 autem
462 1896 651 1935 honarum
683 1897 847 1934 adiutori
881 1902 920 1934 et
951 1898 1254 1949 remuneratori,
1292 1897 1405 1936 mala-

76 1967 163 1993 rum
195 1961 324 1993 autem
355 1955 527 1993 relictori
559 1961 597 1993 et
628 1955 863 2006 damnatori,
896 1960 1149 2005 utrarumque
1182 1955 1407 2008 ordinatori,

77 2025 153 2051 non
180 2014 304 2052 defuit
328 2015 465 2064 utique
492 2013 708 2064 consilium,
740 2025 816 2063 quo
843 2019 995 2051 certum
1027 2025 1233 2051 numerum
1266 2016 1407 2053 civium

75 2073 114 2110 in
148 2084 215 2110 sua
249 2073 434 2123 sapientia
467 2072 794 2123 praedestinatum
827 2073 942 2109 etiam
974 2084 1020 2109 ex
1053 2071 1230 2110 damnato
1263 2085 1406 2124 genere

77 2130 243 2168 humano
294 2142 385 2168 suae
430 2132 594 2169 civitatis
638 2130 832 2182 impleret,
881 2142 956 2168 non
1005 2142 1071 2168 eos
1121 2131 1195 2168 iam
1246 2133 1407 2183 meritis,

77 2189 229 2239 quando
263 2189 419 2239 quidem
451 2190 630 2227 universa
663 2201 785 2226 massa
819 2194 1012 2239 tamquam
1044 2190 1083 2226 in
1116 2190 1244 2227 vitiata
1278 2189 1406 2228 radice

76 2248 253 2286 damnata
286 2253 356 2299 est,
387 2248 454 2286 sed
488 2249 608 2298 gratia
641 2247 867 2285 discernens
899 2253 937 2285 et
968 2246 1139 2285 liberatis
1171 2259 1249 2285 non
1281 2248 1405 2286 solum
