1611 2465
137 122 223 163 624
679 130 705 155 s.
726 130 941 157 AUGUSTENI

138 227 268 259 autem
313 232 417 259 nunc
455 220 567 270 longe
611 220 731 272 infra,
776 219 1062 270 quantumlibet
1102 226 1289 271 provectu
1331 222 1473 259 mentis

138 279 338 318 excellant.
402 278 736 317 Considerandum
775 284 834 317 est
871 280 973 317 enim
1015 284 1182 329 quantus
1215 280 1272 317 vir
1304 278 1473 318 dicebat:

139 339 204 376 Ex
232 343 352 387 parte
383 339 529 376 scimus
561 341 600 375 et
630 349 681 376 ea:
707 341 829 386 parte
854 338 1152 386 prophetantem,
1186 339 1311 377 donec
1343 340 1475 376 veniat

139 398 246 446 quod
271 395 498 445 perfectum
530 400 608 440 est;
641 401 695 434 et:
744 395 926 434 Videmus
958 408 1065 434 nunc
1093 408 1168 444 per
1199 398 1400 445 speculum
1434 398 1474 435 in

92 462 111 493 5
139 458 381 503 aeniqmate,
420 459 515 493 tunc
553 460 683 493 autem
717 453 867 502 faciem
906 455 963 493 ad
993 454 1154 503 faciem.
1219 454 1282 493 Sic
1313 456 1389 493 iam
1421 456 1472 493 vi-

139 514 231 552 dent
257 515 380 551 sancti
407 512 543 564 angeli,
576 513 643 563 qui
669 514 785 551 etiam
811 513 936 551 nostri
968 512 1093 563 angeli
1125 513 1218 551 dicti
1250 518 1352 564 sunt,
1385 515 1474 564 quia

139 573 241 610 eruti
273 571 320 610 de
353 577 545 622 potestate
573 570 823 610 tenebrarum
857 577 895 610 et
926 577 1085 622 accepto
1119 572 1280 622 spiritus
1311 573 1472 622 pignore

137 630 314 669 translati
347 629 393 668 ad
426 642 591 680 regnum
624 629 768 668 ChrIsti
801 629 846 668 ad
880 642 946 668 eos
978 629 1135 680 angelos
1167 631 1242 668 iam
1274 631 1473 681 coepimus

137 690 348 740 pertinere,
381 700 470 727 cum
503 688 645 739 quibus
678 688 789 726 nohis
821 689 896 726 erit
927 694 1060 727 sancta
1091 694 1206 739 atque
1239 687 1474 741 dulcissima,

71 756 111 786 10
139 747 185 785 de
225 760 299 798 qua
331 749 405 785 iam
445 752 502 785 tot
539 746 658 785 libros
698 748 944 798 scripsimus,
983 746 1052 784 Dei
1091 748 1223 785 civitas
1255 748 1337 797 ipsa
1370 759 1472 786 com-

138 808 277 844 munis.
341 805 404 844 Sic
437 811 528 844 sunt
560 818 652 856 ergo
685 805 810 856 angeli
841 806 984 857 nostri,
1017 806 1083 856 qui
1116 811 1206 844 sunt
1237 805 1362 856 angeli
1393 805 1474 857 Dei,

140 877 256 916 quem
295 865 339 903 ad
379 864 538 903 modum
571 863 749 902 Christus
782 863 851 902 Dei
884 863 1062 902 Christus
1101 870 1160 902 est
1197 870 1341 902 noster.
1404 863 1474 902 Dei

138 929 246 974 sunt,
279 925 368 974 quia
401 922 525 961 Deum
557 934 633 960 non
667 922 927 974 reliquerunt,
961 923 1085 961 nostri
1118 928 1226 973 sunt,
1260 923 1348 973 quia
1381 934 1472 961 suos

138 983 242 1020 cives
275 994 346 1020 nos
380 981 521 1019 habere
549 987 775 1032 coeperunt.
837 980 940 1019 Dixit
971 986 1100 1019 autem
1126 980 1313 1019 Dominus
1346 981 1472 1020 Iesus:

69 1049 110 1078 15
147 1041 282 1079 Videte
307 1053 356 1079 ne
382 1042 641 1079 contemnatiS
668 1051 789 1077 unum
816 1041 865 1078 de
891 1042 1048 1088 pusillis
1081 1041 1174 1078 istis.
1236 1040 1337 1078 Dico
1371 1042 1473 1079 enim

138 1100 255 1148 vobis,
288 1101 383 1146 ([ιιὶα
416 1100 551 1146 cmqele'
581 1109 717 1137 eorum
750 1100 791 1136 m
823 1100 945 1136 caelis
976 1109 1131 1146 semper
1163 1099 1297 1137 vident
1322 1097 1473 1146 faciem

133 1159 265 1206 patris
297 1159 392 1208 mei,
432 1159 501 1205 qui
531 1158 571 1194 2⁴22
603 1159 726 1195 caelis
757 1161 823 1195 est.
887 1156 997 1194 Sicut
1030 1168 1121 1206 ergo
1154 1155 1208 1193 illi
1240 1156 1388 1207 vident,
1420 1158 1472 1195 ita

138 1221 176 1254 et
209 1227 278 1253 nos
312 1216 432 1253 visuri
471 1227 622 1266 sumus,
662 1214 728 1252 sed
772 1214 944 1252 nondum
976 1215 1028 1252 ita
1060 1214 1245 1252 videmus.
1306 1214 1473 1265 Propter

137 1274 240 1324 quod
273 1275 326 1311 ait
358 1273 566 1324 apostolus,
599 1273 701 1323 quod
734 1272 847 1323 paulo
881 1279 968 1311 ante
1000 1273 1113 1311 dixit:
1154 1273 1336 1311 Videmus
1367 1285 1473 1312 mmo

67 1341 110 1371 ⁶20
132 1345 208 1381 per
245 1334 448 1381 speculum
486 1333 526 1370 in
565 1334 806 1379 aeniqmate,
845 1336 940 1369 tunc
979 1336 1109 1370 (eutem
1144 1330 1295 1379 faelem
1327 1333 1382 1370 ad
1407 1331 1471 1380 fa-

139 1393 247 1429 ciem.
310 1390 532 1428 Praemium
572 1391 703 1440 itaque
748 1389 837 1428 fidei
877 1388 989 1427 nohis
1031 1390 1125 1427 visio
1167 1391 1239 1428 ista
1284 1396 1472 1441 servatur,

140 1449 185 1487 de
219 1461 295 1500 qua
332 1454 371 1487 et
403 1448 593 1486 lohannes
631 1447 829 1499 apostolus
870 1447 1054 1498 loquens:
1097 1448 1191 1486 Cum
1223 1451 1472 1497 apparuerit,

139 1509 282 1559 inquit,
320 1509 466 1545 similes
498 1509 537 1546 εἰ
566 1509 731 1558 erimus,
769 1508 956 1555 quoniam
987 1507 1203 1545 videbimus
1235 1518 1322 1545 eum
1353 1509 1476 1546 sicuti

138 1571 204 1604 est.
268 1565 401 1604 Facies
434 1571 563 1604 autem
595 1564 664 1603 Dei
703 1565 962 1603 manifestatio
995 1566 1078 1603 eius
1110 1564 1369 1615 intellegenda
1401 1570 1471 1613 est,

69 1633 110 1663 25
139 1636 215 1662 non
254 1623 409 1674 aliquod
447 1623 521 1662 tale
563 1622 801 1675 membrum,
843 1622 953 1674 quale
994 1635 1065 1661 nos
1096 1622 1284 1662 habemus
1316 1625 1355 1662 in
1388 1635 1471 1662 cor-

137 1695 231 1734 pore
265 1688 380 1733 atque
413 1683 488 1721 isto
521 1683 677 1720 nomine
710 1693 991 1733 nuncupamus.

256 1741 502 1792 Quapropter
541 1753 629 1779 cnm
671 1753 716 1778 ex
755 1752 815 1779 me
854 1742 1076 1792 quaeritur,
1114 1739 1205 1791 quid
1238 1741 1363 1779 acturi
1395 1741 1472 1778 sint

140 1801 263 1838 sancti
294 1801 334 1837 in
366 1799 430 1837 illo
464 1792 627 1850 corpore
661 1798 841 1850 spiritali,
879 1810 957 1836 non
990 1798 1075 1836 dico
1109 1797 1211 1849 quod
1243 1799 1318 1837 iam
1349 1798 1472 1850 video,

139 1858 206 1896 sed
234 1858 319 1896 dico
347 1857 451 1908 quod
478 1857 606 1909 credo,
640 1857 855 1895 secundum
881 1856 973 1894 illud
1001 1856 1103 1907 quod
1130 1858 1168 1894 in
1195 1856 1341 1907 psalmo
1368 1856 1471 1907 lego:

68 1925 111 1955 30
144 1917 324 1968 Credidi,
359 1921 526 1965 propter
558 1917 665 1964 quod
695 1920 733 1955 et
763 1918 917 1954 loculus
948 1926 1043 1953 sum.
1106 1914 1198 1953 Dico
1231 1916 1378 1966 itaque:
1410 1914 1470 1953 Vi-

232 2008 266 2049 4>
297 2011 326 2040 1.
361 2005 441 2040 Cor.
475 2009 536 2047 13,
567 2008 598 2039 9.
650 2007 684 2048 5)
710 2004 760 2039 ib.
798 2008 850 2038 12.
903 2007 959 2047 17)
985 2004 1049 2038 Mt.
1080 2008 1139 2045 18,
1174 2006 1225 2037 10.
1276 2004 1335 2046 24)
1365 2007 1392 2037 1.
1421 2003 1469 2037 Io.

138 2058 170 2095 3,
198 2057 227 2088 2.
279 2056 337 2096 30)
364 2053 421 2088 Ps.
453 2056 528 2095 115,
557 2056 610 2087 10.

237 2210 251 2238 1
281 2205 389 2249 longe
422 2204 460 2238 in
493 2203 764 2248 quantumlibet,
794 2202 890 2237 infra
922 2230 929 2237 .
957 2231 963 2238 .
997 2202 1176 2237 excellent
1200 2201 1236 2236 R
1262 2201 1377 2246 (Neue
1402 2200 1471 2235 ΙΙ2

138 2262 176 2294 2).
211 2252 299 2294 425)
337 2253 349 2295 11
388 2255 406 2285 5
440 2254 471 2285 ec
504 2254 547 2285 20
584 2250 715 2284 faciem
747 2249 793 2284 ad
834 2250 857 2285 f.
894 2249 930 2283 R
968 2249 1143 2291 Clarom.;
1173 2247 1267 2283 facie
1305 2247 1351 2282 ad
1387 2247 1411 2282 f.
1436 2248 1471 2282 A

142 2298 276 2332 Amz'at.
302 2308 322 2331 v
342 2300 353 2341 Η
374 2302 417 2332 30
444 2298 479 2332 et
505 2296 559 2339 Ε,-
585 2308 650 2331 om.
676 2297 734 2331 Av

1540 0 1577 231 l

1551 308 1567 358 ἰ

1555 363 1567 401 ’δ

1557 412 1564 438 i
