1495 2489
6 723 46 752 10

6 1015 47 1044 15

77 92 130 132 72
623 101 649 127 S.
669 101 887 128 AUGUSTINI

75 204 179 243 nare,
212 191 279 230 sed
305 203 372 229 eos
405 191 520 242 solos,
553 202 650 240 quos
682 192 812 241 operis
845 193 1017 242 suscepti
1048 193 1147 231 ratio
1178 193 1412 244 postulabat.

74 250 322 301 Propositum
352 251 494 300 quippe
522 250 725 299 scriptoris
751 248 855 287 illius
887 250 971 301 fuit,
1002 262 1072 301 per
1105 263 1220 301 quem
1253 258 1412 292 sanctus

76 308 245 359 Spiritus
283 308 321 346 id
360 307 515 359 agebat,
556 318 626 357 per
665 309 935 346 successiones
968 314 1164 347 certarum
1196 313 1411 360 generatio-

75 379 168 405 num
201 379 246 404 ex
280 379 357 405 uno
390 366 546 403 homine
579 371 878 416 propagatarum
903 369 1110 417 pervenire
1142 367 1188 406 ad
1221 368 1412 408 Abraham

75 438 118 464 ac
151 425 289 463 deinde
317 437 363 462 ex
390 426 474 462 eius
506 425 653 462 semine
686 424 732 462 ad
763 424 950 475 populum
982 425 1064 477 Dei,
1094 427 1133 463 in
1167 438 1243 476 quo
1277 427 1411 466 d1stin-

75 490 137 522 cto
159 496 178 522 a
199 485 341 522 ceteris
373 482 555 532 gentibus
581 482 938 533 praefigurarentur
970 489 1010 521 et
1040 486 1413 534 praenuntiarentur

74 544 219 593 omnia,
252 553 350 591 quae
383 541 430 579 de
463 542 635 592 civitate,
673 542 785 579 cuius
816 547 1019 580 aeternum
1051 544 1127 580 erit
1158 555 1343 596 regnum,
1376 549 1414 583 et

75 601 121 639 de
154 612 246 650 rege
273 601 356 638 eius
390 599 604 649 eodemque
637 599 840 638 conditore
867 600 1021 638 Christo
1054 601 1094 638 in
1122 600 1269 651 Spiritu
1302 613 1412 653 prae-

74 658 305 696 videbantur
347 669 432 696 esse
472 664 652 709 ventura3
696 659 748 696 ita
790 663 832 696 ut
870 670 941 696 nec
983 658 1029 696 de
1069 658 1188 697 altera
1227 662 1413 699 societate

74 717 275 755 hominum
325 721 548 768 taceretur,
596 728 711 766 quam
756 722 953 754 terrenam
997 717 1162 756 dicimus
1207 719 1414 771 civitatem,

74 781 263 826 quantum
308 776 343 813 ei
385 774 746 813 commemorandae
791 776 884 812 satis
926 781 1050 826 esset,
1090 781 1134 814 ut
1171 777 1304 815 civitas
1344 776 1413 815 Dei

74 835 190 872 etiam
228 845 320 872 suae
360 833 602 871 adversariae
644 834 919 884 conparatione
953 833 1151 872 clarescat.
1214 833 1312 873 Cum
1343 836 1412 885 igi-

73 898 138 931 tur
170 893 365 942 scriptura
397 891 546 943 divina,
579 890 645 929 ubi
677 896 717 929 et
748 903 956 930 numerum
988 904 1196 939 annorum,
1229 905 1328 943 qnos
1359 893 1414 931 illi

73 951 251 988 homines
277 952 469 1001 vixerunt,
502 955 791 1001 commemorat,
823 951 875 987 ita
908 950 1124 998 concludat,
1156 956 1201 989 ut
1232 951 1334 990 dicat
1365 951 1412 990 de

73 1009 150 1060 illo,
182 1009 229 1046 de
263 1020 339 1058 quo
372 1008 623 1058 loquebatur:
658 1009 709 1046 Et
736 1011 877 1056 qenuit
903 1011 1010 1055 filios
1041 1014 1079 1048 et
1105 1011 1226 1057 filias,
1259 1015 1297 1049 et
1324 1009 1412 1058 fue-

74 1072 169 1106 runt
211 1078 342 1105 omnes
384 1069 467 1105 dies
503 1066 607 1104 illius
644 1066 704 1104 vel
743 1066 847 1105 illius
886 1079 984 1117 quos
1014 1068 1109 1105 vixit
1140 1069 1230 1105 anni
1262 1073 1336 1120 tot,
1377 1073 1416 1107 et

72 1131 258 1164 mortuus
296 1130 371 1163 est:
415 1124 603 1175 numquid
649 1126 738 1175 quia
778 1125 936 1162 eosdem
977 1124 1075 1163 filios
1119 1131 1159 1164 et
1197 1125 1294 1163 filias
1336 1138 1414 1165 non

73 1185 264 1234 nominat,
302 1183 389 1221 ideo
428 1183 654 1233 intellegere
699 1195 777 1221 non
820 1182 1008 1222 debemus
1045 1196 1117 1234 per
1152 1189 1231 1222 tam
1270 1184 1414 1223 multos

73 1254 206 1294 annos,
239 1241 381 1292 quibus
409 1247 502 1280 tunc
529 1243 567 1279 in
594 1241 739 1279 saeculi
764 1241 880 1279 huius
911 1243 1035 1292 prima
1068 1247 1190 1280 aetate
1224 1242 1414 1293 vivebant,

74 1302 180 1338 nasci
218 1301 392 1350 potuisse
434 1299 623 1350 plurimos
655 1299 851 1351 homines,
889 1312 1056 1349 quorum
1089 1299 1266 1339 coetibus
1299 1301 1414 1339 condi

72 1363 233 1409 possent
264 1359 379 1396 etiam
411 1357 600 1408 plurimae
628 1355 832 1395 civitates?
875 1358 950 1395 Sed
982 1360 1172 1408 pertinuit
1204 1359 1250 1397 ad
1277 1358 1414 1410 Deum,

74 1429 150 1467 quo
190 1418 263 1454 ista
302 1417 517 1466 inspirante
557 1417 778 1466 conscripta
817 1422 926 1463 sunt,
964 1416 1033 1454 has
1071 1417 1167 1454 duas
1206 1419 1414 1455 societates

74 1477 155 1513 suis
182 1474 345 1512 diversis
372 1473 690 1524 generationibus
716 1474 898 1524 primitus
924 1474 1101 1524 digerere
1129 1480 1244 1524 atque
1278 1475 1412 1514 distin-

74 1545 205 1584 guere,
239 1538 283 1570 ut
315 1544 493 1570 seorsum
525 1532 738 1583 hominum,
770 1531 843 1570 hoc
877 1538 937 1570 est
968 1532 1184 1571 secundum
1215 1533 1414 1572 hominem

74 1592 303 1642 viventium,
342 1602 520 1629 seorsum
558 1596 688 1628 autem
727 1590 896 1628 filiorum
927 1589 1014 1642 Dei,
1052 1590 1090 1628 id
1123 1596 1182 1629 est
1213 1591 1415 1631 hominum

72 1649 290 1688 secundum
335 1648 459 1687 Deum
502 1650 738 1700 viventium,
790 1650 1062 1699 generationes
1107 1655 1412 1688 contexerentur

72 1720 197 1758 usque
237 1707 443 1758 diluvium,
481 1707 548 1745 ubi
585 1706 787 1745 ambarum
826 1708 1057 1745 societatum
1093 1707 1278 1746 discretio
1322 1719 1412 1746 eon-

74 1767 275 1816 cretioque
327 1771 531 1816 narratur3
587 1764 772 1803 discretio
823 1765 1003 1817 quidem,
1059 1765 1162 1815 quod
1212 1765 1414 1804 ambarum

73 1825 281 1875 separatim
320 1825 593 1873 generationes
632 1828 1007 1874 commemorantur,
1044 1825 1160 1861 unius
1193 1823 1413 1862 fratricidae

74 1882 188 1934 Cain,
233 1881 393 1920 alterius
437 1887 567 1920 autem
605 1882 672 1931 qui
713 1880 921 1919 vocabatur
961 1880 1072 1932 Seth3
1122 1886 1236 1919 natus
1269 1882 1414 1932 quippe

74 1942 201 1978 suerat
244 1945 283 1978 et
327 1942 410 1990 ipse
455 1939 501 1977 de
540 1938 659 1977 Adam
697 1951 768 1989 pro
813 1938 897 1990 illo,
941 1950 1057 1988 quem
1095 1940 1215 1977 frater
1253 1939 1413 1991 occidit3

73 1999 272 2037 concretio
300 2004 442 2049 autem,
475 1999 564 2048 quia
590 1996 703 2035 bonis
729 1998 768 2035 in
795 1997 968 2035 deterius
1001 1996 1285 2036 declinantibus
1317 1997 1415 2036 tales

72 2058 246 2096 universi
279 2056 369 2094 sacti
403 2056 575 2107 fuerant,
613 2061 657 2094 ut
687 2055 831 2094 diluvio
864 2054 1106 2107 delerentur,
1139 2061 1301 2107 excepto
1335 2068 1414 2094 uno

170 2158 226 2200 17)
253 2156 340 2190 Gen.
369 2159 401 2199 5,
427 2160 449 2190 4
474 2167 526 2199 sq.

171 2265 213 2295 27
241 2271 355 2304 usque
382 2260 428 2294 ad
453 2271 474 2294 v
