1611 2465
52 742 91 773 10

50 1037 91 1066 15

48 1458 91 1488 20

51 2067 94 2096 30

118 106 205 147 584
661 114 688 140 S.
707 113 925 141 AUGUSTINI

119 206 294 256 quamvis
332 207 372 243 in
408 205 594 242 memoria
627 203 820 241 sacrificet
861 215 1015 254 eorum,
1053 204 1141 254 quia
1174 203 1243 242 Dei
1276 204 1457 243 sacerdos

119 269 199 316 est,
242 276 320 302 non
367 263 534 301 illorum.
596 261 729 313 Ipsum
778 273 870 300 vero
921 261 1155 300 sacrificium
1205 274 1349 314 corpus
1399 269 1459 302 est

120 322 285 374 Christi,
324 321 428 372 quod
467 332 546 359 non
584 321 748 359 offertur
784 321 898 373 ipsis,
937 321 1027 371 quia
1065 320 1138 359 hoc
1179 326 1271 360 sunt
1302 327 1341 360 et
1372 323 1458 373 ipsi.

119 381 269 427 Quibus
301 381 422 431 igitur
453 380 584 431 potius
611 379 852 418 credendum
883 384 943 417 est
974 378 1161 418 miracula
1192 377 1459 419 facientibus?

119 440 238 478 Eisne
280 440 347 490 qui
385 451 425 477 se
463 439 569 489 ipsos
609 437 744 477 volunt
775 437 911 476 haberi
942 437 1036 476 deos
1068 437 1114 476 ab
1146 437 1207 476 his
1240 438 1382 489 quibus
1415 450 1460 477 ea

120 500 288 550 faciunt,
320 510 368 536 an
401 499 458 536 eis
490 498 574 548 qui,
605 502 649 535 ut
680 498 720 535 in
753 496 876 535 Deum
909 496 1109 549 credatur,
1142 496 1246 547 quod
1279 503 1318 536 et
1349 496 1458 535 Chri-

119 563 202 596 stus
248 562 327 608 est,
372 556 520 594 faciunt
558 555 747 606 quidquid
785 554 960 593 mirabile
1003 552 1181 594 faciunt?
1241 554 1359 594 Eisne
1393 557 1460 606 qui

119 627 228 654 sacra
269 627 339 654 sua
377 616 492 653 etiam
533 615 696 652 crimina
733 625 803 653 sua
843 625 929 652 esse
961 613 1186 666 voluerunt,
1224 625 1273 652 an
1304 615 1361 653 eis
1393 615 1461 665 qui

119 687 189 713 nec
221 674 357 713 laudes
396 685 485 712 suas
517 672 652 712 volunt
684 684 768 711 esse
803 684 911 711 sacra
944 684 1030 724 sua,
1071 672 1139 710 sed
1172 677 1316 725 totum,
1355 672 1460 724 quod

118 734 309 772 veraciter
334 731 554 779 laudantur,
587 731 633 770 ad
666 732 749 770 eius
781 731 942 782 gloriam
974 731 1165 782 proficere
1197 732 1238 770 in
1271 743 1347 782 quo
1380 731 1459 770 lau-

118 788 288 831 dantur?
318 792 359 830 in
385 791 549 829 Domino
576 792 719 841 quippe
746 790 954 829 laudantur
979 791 1130 828 animae
1163 801 1311 828 eorum.
1363 788 1457 829 Cre-

118 852 253 890 damus
298 862 391 901 ergo
433 851 489 888 eis
528 854 567 888 et
606 861 698 887 vera
735 847 956 888 dicentibus
995 852 1034 887 et
1074 849 1171 886 mira
1212 847 1458 888 facientibus.

117 909 289 948 Dicendo
322 910 426 947 enim
451 920 541 946 vera
567 909 672 959 passi
703 913 881 961 suntfilt
911 908 1063 958 possint
1095 907 1223 945 facere
1256 908 1364 946 mira.
1414 906 1458 945 In

118 971 174 1007 eis
200 969 303 1007 veris
330 973 390 1006 est
415 968 682 1019 praecipuum,
710 966 819 1017 <quod
847 965 1026 1004 Christus
1053 966 1273 1004 resurrexit
1303 977 1324 1004 a
1355 977 1458 1004 mor-

118 1029 195 1066 tuis
228 1033 267 1065 et
298 1025 617 1064 inmortalitatem
650 1026 953 1063 resurrectionis
983 1026 1024 1063 in
1056 1036 1125 1063 sua
1157 1035 1273 1062 carne
1306 1026 1457 1075 primus

118 1085 301 1137 ostendit,
333 1097 447 1136 quam
475 1083 588 1122 nobis
614 1084 835 1122 adfuturam
867 1082 927 1121 vel
957 1084 998 1121 in
1029 1084 1223 1134 principio
1255 1084 1345 1121 novi
1378 1095 1459 1121 sae-

118 1144 195 1183 culi
225 1144 286 1182 vel
316 1144 357 1182 in
389 1143 506 1182 huius
538 1142 613 1181 fine
645 1143 836 1193 promisit.

661 1300 818 1344 CAPUT
844 1301 916 1343 XI.

123 1390 271 1428 Contra
304 1390 550 1435 Platonicos,
582 1389 653 1435 qul
683 1388 731 1425 de
763 1388 1018 1425 naturalibus
1050 1389 1332 1426 elementorum
1358 1399 1457 1437 pon-

203 1449 367 1487 deribus
399 1452 737 1495 arqumentanlm’
768 1450 973 1484 terrenum
1005 1457 1153 1495 corpus
1186 1447 1227 1483 in
1259 1448 1371 1485 caelo

613 1516 697 1543 esse
728 1516 806 1543 non
834 1516 960 1553 posse.

237 1587 380 1627 Contra
412 1587 517 1639 quod
548 1598 731 1638 magnum
763 1586 833 1624 Dei
871 1586 1016 1624 donum
1054 1587 1352 1624 ratiocinatores
1382 1587 1460 1638 isti,

118 1659 287 1696 quornm
319 1648 580 1695 coyitatz'ones
617 1646 726 1684 novit
755 1646 948 1684 Dominus
979 1646 1166 1693 quoniam
1198 1656 1326 1683 vanae
1356 1650 1460 1693 sunt,

120 1706 166 1745 de
199 1705 440 1757 ponderibus
473 1704 759 1744 elementorum
790 1708 1133 1755 argumentantur3
1170 1704 1354 1753 quoniam
1386 1704 1459 1742 sci-

77 1774 89 1783 *
120 1765 212 1803 licet
244 1765 429 1815 magistro
461 1762 621 1802 Platone
655 1762 876 1801 didicerunt
907 1761 1042 1800 mundi
1074 1761 1150 1800 duo
1184 1773 1349 1812 corpora
1380 1773 1457 1800 ma-

120 1825 221 1861 xima
247 1828 362 1873 atque
389 1827 587 1873 postrema
613 1821 766 1860 duobus
795 1821 945 1872 mediis,
977 1832 1066 1858 aere
1099 1819 1248 1859 scilicet
1279 1825 1318 1858 et
1349 1831 1460 1872 aqua,

121 1894 205 1920 esse
233 1881 411 1933 copulata
438 1887 553 1931 atque
582 1881 799 1918 coniuncta.
848 1880 902 1917 Ac
928 1891 999 1930 per
1024 1878 1110 1930 hoc,
1135 1879 1330 1929 inquiunt,
1363 1890 1458 1929 quo·

121 1942 223 1979 niam
249 1946 354 1979 terra
381 1939 521 1982 abhinc
547 1951 705 1977 sursum
731 1950 867 1976 versus
900 1943 959 1976 est
988 1938 1126 1988 prima,
1158 1936 1327 1974 secunda
1360 1948 1459 1987 aqua

122 2011 240 2050 super
280 2004 444 2051 terram,
485 1999 625 2037 tertius
666 2008 731 2035 aer
770 2008 889 2047 super
926 2007 1083 2047 aquam,
1125 2000 1308 2045 quartum
1340 2007 1459 2046 super

121 2070 208 2095 aera
248 2057 415 2109 caelum,
453 2069 531 2095 non
569 2060 699 2108 potest
731 2067 816 2093 esse
848 2060 1052 2093 terrenum
1085 2065 1228 2104 corpus
1260 2055 1300 2092 in
1334 2053 1458 2105 caelo3

219 2161 275 2201 11)
302 2159 359 2192 ΡΞ.
388 2162 444 2201 33,
471 2162 502 2192 3.
553 2159 611 2200 23)
638 2157 697 2191 Ps.
724 2160 779 2199 93,
809 2160 861 2190 11.
919 2158 977 2199 27)
1004 2155 1098 2189 Plat.
1126 2154 1219 2188 Tim.
1245 2166 1280 2198 p.
1307 2158 1363 2189 32.

220 2291 261 2320 13
288 2287 429 2330 possint
454 2286 509 2328 R;
535 2287 685 2330 possent
710 2297 728 2320 ὐ
748 2287 759 2329 Η
780 2289 823 2320 30
850 2295 971 2319 aerem
997 2284 1033 2318 A
