1611 2465
119 867 157 897 10

118 1158 157 1187 15

114 1451 156 1479 20

114 2034 156 2063 30

182 128 268 170 528
723 136 750 162 s.
769 136 989 164 Auecsnm

681 280 837 324 CAPUT
871 281 1027 324 XXIII.

230 370 377 408 Contra
412 368 635 415 opinionem
668 378 815 414 eorum,
849 369 918 415 qui
950 369 1090 406 (licum
1120 379 1194 406 nec
1227 369 1378 406 diaboli
1407 379 1481 407 nec

319 428 519 465 home‘num
551 427 746 463 malorum
772 430 971 475 perpetua
999 425 1145 474 futura
1177 429 1385 475 supplicia.

301 509 354 546 Ac
380 509 550 559 primum
577 509 713 557 quaeri
739 513 894 558 oportet
920 513 1033 558 atque
1068 509 1263 559 cognosci,
1296 520 1365 546 cur
1398 508 1521 546 eccle-

184 569 239 607 sia
266 567 369 605 ferre
398 566 618 616 nequiverit
649 565 850 604 hominum
887 566 1189 617 disputationem
1222 565 1373 604 diabolo
1407 568 1523 605 etiarn

184 632 273 677 post
310 626 494 663 maximas
533 630 571 662 et
615 624 930 663 diuturnissimas
968 637 1111 675 poenas
1150 626 1420 676 purgationem
1463 624 1522 663 vel

184 684 463 734 indulgentiam
490 682 750 734 pollicentem.
800 682 934 733 Neque
962 684 1065 721 enim
1092 688 1149 721 tot
1182 685 1305 722 sancti
1337 688 1376 722 et
1402 684 1523 722 sacris

183 742 382 781 veteribus
422 754 464 780 ao
503 743 611 780 novis
650 741 790 780 litteris
828 741 973 780 eruditi
1012 741 1303 780 mundationem
1342 747 1380 780 et
1412 743 1523 792 regni

185 801 382 840 caelorum
420 800 701 839 beatitudinem
737 805 827 851 post
864 799 1161 851 qualiacumque
1202 805 1241 838 et
1272 805 1522 850 quantacum-

185 872 259 910 que
301 858 490 910 supplicia
536 858 885 909 qualibuscumque
932 864 970 897 et
1011 860 1336 909 quantiscumque
1378 858 1524 909 angelis

183 918 426 969 inviderunt,
464 917 531 955 sed
564 919 694 968 potius
726 917 908 956 viderunt
940 916 1108 955 divinam
1140 918 1295 955 vacuari
1326 917 1386 955 vel
1417 917 1522 955 infir-

184 978 281 1014 mari
321 988 398 1014 non
436 988 551 1026 posse
591 977 845 1027 sententiam,
888 987 1003 1026 quam
1035 987 1077 1013 se
1110 974 1296 1014 Dominus
1329 987 1522 1026 praenun-

184 1036 290 1073 tiavit
322 1036 361 1072 in
394 1034 536 1072 iudicio
577 1034 820 1084 prolaturum
853 1040 968 1084 atque
1002 1033 1216 1072 dicturum:
1264 1034 1467 1073 Discedite
1499 1045 1524 1072 a

183 1105 253 1140 me,
286 1095 505 1141 maledicti,
546 1094 584 1130 e'n
619 1095 747 1140 &nem
781 1098 1004 1140 aeternum,
1048 1095 1117 1140 qui
1143 1097 1316 1141 paratus
1348 1097 1407 1131 est
1437 1094 1522 1131 dia-

185 1154 270 1191 holo
315 1156 353 1190 et
396 1153 548 1199 cmqelis
593 1153 677 1189 elus
722 1147 798 1203 (sic
844 1152 987 1202 quippe
1027 1151 1197 1189 ostendit
1234 1157 1393 1189 aeterno
1433 1152 1521 1202 igne

185 1209 379 1248 diabolum
412 1215 451 1247 et
492 1208 648 1259 angelos
680 1210 764 1247 eius
797 1205 996 1262 arsuros);
1035 1214 1073 1247 et
1105 1209 1208 1259 quod
1242 1210 1432 1260 scriptum
1464 1214 1525 1248 est

182 1270 222 1306 in
256 1268 491 1319 apocalypsi:
524 1268 735 1315 Diabolus,
768 1270 837 1316 qui
866 1269 1083 1306 seducebat
1114 1279 1189 1316 eos,
1221 1270 1362 1306 missus
1394 1272 1452 1306 est
1483 1270 1523 1306 ῖη

182 1332 367 1374 staqnum
407 1328 510 1374 e'fflze's
543 1331 581 1365 et
617 1327 838 1375 sulphuris,
877 1338 953 1374 quo
986 1331 1024 1365 et
1055 1327 1180 1365 bestia
1212 1330 1251 1364 et
1276 1328 1521 1376 pseudopro-

178 1387 325 1434 phem
359 1389 397 1423 et
422 1386 719 1423 cruciabmztur
752 1386 816 1423 die
848 1396 898 1423 ac
929 1388 1044 1423 nocte
1075 1387 1116 1422 in
1148 1387 1313 1423 saecula
1343 1387 1522 1424 saeculo-

183 1455 283 1481 rum.
347 1442 458 1488 Quod
492 1442 545 1481 ibi
577 1443 724 1481 dictum
757 1448 816 1481 est
855 1448 1078 1491 aeternum,
1117 1442 1179 1481 hic
1212 1443 1360 1481 dictum
1392 1448 1451 1482 est
1483 1446 1524 1482 in

182 1504 349 1540 saecula
386 1504 656 1553 saeculorum,
695 1500 836 1551 quibus
875 1500 1003 1539 verbis
1044 1500 1137 1539 nihil
1171 1503 1365 1552 scriptura
1396 1501 1523 1540 divina

184 1561 401 1610 significare
429 1561 642 1611 consuevit,
675 1561 749 1598 nisi
782 1559 884 1610 quod
917 1560 1033 1598 finem
1066 1571 1143 1598 non
1176 1559 1292 1598 habet
1323 1562 1522 1611 temporis.

184 1618 309 1663 Quam
347 1617 394 1656 ob
434 1630 517 1656 rem
554 1630 718 1669 prorsus
757 1630 828 1656 nec
866 1617 937 1656 alia
976 1630 1091 1656 causa
1130 1630 1201 1656 nec
1234 1619 1375 1657 iustior
1407 1624 1521 1669 atque

184 1677 426 1714 manifestior
458 1677 624 1714 inveniri
656 1681 797 1729 potest,
830 1688 900 1714 cur
933 1678 1134 1714 verissima
1166 1678 1309 1727 pietate
1343 1682 1522 1715 teneatur

138 1743 151 1769 ι’
184 1735 302 1773 fixum
342 1740 380 1772 et
416 1733 600 1772 inmobile
639 1734 789 1773 nullum
828 1746 1051 1785 regressum
1091 1735 1137 1772 ad
1169 1736 1357 1773 iustitiam
1387 1736 1520 1773 vitam—

183 1805 257 1843 que
291 1798 515 1831 sanotorum
554 1792 749 1837 diabolum
788 1798 826 1831 et
867 1793 1022 1843 angelos
1063 1794 1147 1831 eius
1179 1792 1403 1845 habituros,
1447 1795 1522 1832 nisi

183 1853 271 1901 quia
304 1852 516 1903 scriptura,
556 1863 652 1901 quae
687 1852 882 1889 neminem
922 1851 1035 1903 fallit,
1074 1851 1167 1889 dicit
1201 1853 1257 1890 eis
1289 1851 1412 1890 Deum
1444 1863 1521 1890 non

182 1911 426 1961 pepercisse,
466 1915 505 1948 et
542 1911 597 1947 sic
637 1909 683 1948 ab
716 1909 781 1947 illo
816 1921 900 1948 esse
933 1911 1093 1948 interim
1125 1909 1438 1961 praedamnatos,
1478 1915 1522 1949 ut

182 1967 406 2006 carceribus
439 1967 613 2017 caliginis
645 1968 761 2005 inferi
794 1969 940 2005 retrusi
974 1967 1224 2005 traderentur
1257 1968 1435 2006 servandi
1466 1974 1519 2007 at—

184 2038 259 2076 que
304 2026 441 2064 ultimo
482 2026 625 2064 iudicio
663 2025 871 2077 puniendi,
915 2025 1068 2075 quando
1109 2038 1175 2063 eos
1207 2032 1390 2065 aeternus
1421 2028 1521 2078 ignis

279 2128 334 2170 15)
361 2126 425 2161 Mt.
454 2130 509 2170 25,
536 2131 591 2161 41.
643 2127 701 2169 20)
731 2126 844 2170 Apoo.
872 2129 928 2168 20,
958 2129 999 2159 10
1026 2138 1079 2170 sq.
1130 2127 1187 2170 28)
1214 2130 1233 2160 2
1271 2126 1366 2161 Petr.
1394 2131 1426 2170 2,
1452 2131 1484 2161 4.

181 2302 267 2336 (4:2¹9
282 2254 502 2343 1})diabu10
527 2253 563 2288 R
588 2257 620 2289 et
643 2254 695 2289 sie
721 2254 871 2297 crebross
893 2257 933 2288 18
960 2253 1301 2300 pseudoprophetae
1327 2265 1422 2290 cruc.
1447 2254 1520 2289 ΒΑ
