1611 2465
148 691 188 719 10

147 982 187 1012 15

142 1274 187 1305 20

143 1708 185 1738 25

220 61 240 100 1
250 60 302 100 70
752 69 779 95 S.
798 69 1018 95 Acotsss‘rmr

216 165 257 196 ut
290 171 425 196 verum
458 160 507 197 sit
541 164 764 209 utrumque,
797 158 899 208 quod
927 160 1117 209 scriptum
1144 163 1214 209 est,
1246 164 1302 197 et:
1335 160 1551 197 Praevari—

215 222 374 255 catores
407 219 615 256 aestimari
652 228 783 254 azanes
811 222 1049 265 peccatores
1081 222 1233 265 terrae,
1278 222 1332 255 et:
1385 218 1458 256 Ubi
1488 219 1553 256 lex

215 287 292 313 nati
325 281 392 322 est,
425 287 498 313 nec
526 277 843 323 praevaricatio.
889 276 942 313 Ac
969 286 1039 325 per
1064 275 1150 326 hoc,
1183 277 1272 325 quia
1305 276 1551 314 circumcisio

217 335 369 383 signum
415 334 723 383 regenerationis
775 333 848 371 fuit
898 338 937 371 et
987 345 1065 371 non
1115 335 1298 372 inmerito
1349 333 1552 384 parvulum

215 398 377 442 propter
418 391 604 441 originale
643 396 865 442 peccatum,
911 403 986 442 quo
1019 393 1189 442 primum
1221 391 1290 431 Dei
1323 392 1553 443 dissipatum

218 456 277 488 est
309 455 606 501 testamentum,
639 451 837 500 generatio
871 449 1087 501 disperdet,
1126 451 1200 488 nisi
1233 452 1478 501 regeneratio
1511 450 1553 488 li-

216 507 344 546 beret:
389 509 446 545 sic
479 507 736 557 intellegenda
770 513 862 547 sunt
893 508 988 546 haec
1021 508 1137 546 verba
1169 508 1317 560 divina,
1356 514 1553 559 tamquam

217 566 364 604 dictum
398 567 465 604 sit:
509 565 615 617 „Qui
647 579 725 604 non
759 567 878 605 fuerit
910 573 1181 618 regeneratus,
1220 566 1397 605 interibit
1428 569 1553 605 anima

214 624 277 662 illa
322 624 369 663 de
413 636 559 675 genere
604 621 729 676 eius“‚
775 627 864 675 quia
908 631 1185 663 testamentum
1229 625 1297 663 Dei
1342 625 1554 677 dissipavit,

217 682 371 733 quando
409 684 448 720 in
486 683 605 721 Adam
646 695 735 721 cum
773 682 954 721 omnibus
994 685 1109 721 etiam
1148 685 1230 734 ipse
1262 686 1448 734 peccavit.
1513 683 1553 722 Si

216 743 319 779 enim
352 741 530 780 dixisset:
570 742 700 793 „Quia
734 741 805 779 hoc
840 747 1117 780 testamentum
1150 754 1279 781 meum
1312 739 1553 794 dissipavit“‚

215 811 293 838 non
320 801 395 838 nisi
422 800 469 838 de
495 801 568 838 ista
595 801 895 838 circumcisione
921 800 1095 850 intellegi
1116 805 1291 852 cogeret3
1318 812 1423 839 nunc
1448 813 1553 852 vem,

215 860 398 908 quoniam
435 870 514 896 non
555 860 748 909 expressit
780 860 891 897 cuius
924 858 1028 897 modi
1060 864 1337 898 testamentum
1368 859 1553 910 parvulus

215 916 483 967 dissipaverit,
532 916 700 955 liberum
745 923 804 955 est
848 917 1074 968 intellegere
1120 917 1166 956 de
1211 917 1275 955 illo
1321 923 1553 956 testamento

215 974 374 1026 dictum,
407 976 519 1013 cuius
552 975 752 1026 dissipatio
785 977 985 1026 pertinere
1018 981 1153 1026 posset
1185 976 1230 1014 ad
1256 975 1471 1026 parvulum.
1513 975 1554 1014 Si

215 1039 345 1072 autem
377 1033 451 1071 hoc
484 1034 690 1084 quisquam
717 1045 793 1072 non
822 1035 896 1072 nisi
924 1034 969 1072 de
991 1035 1064 1072 ista
1085 1035 1384 1072 circumcisione
1405 1033 1553 1073 dictum

215 1103 300 1130 esse
334 1091 548 1143 contendit,
581 1092 685 1142 quod
711 1093 751 1130 in
778 1104 821 1130 ea
848 1098 1125 1131 testamentum
1152 1092 1232 1144 Dei,
1265 1094 1447 1143 quoniam
1475 1105 1552 1131 non

215 1156 274 1188 est
306 1151 582 1201 circumcisus,
623 1149 869 1201 dissipaverit
905 1150 1108 1202 parvulus:
1153 1156 1315 1201 quaerat
1344 1151 1552 1190 locutionis

214 1208 381 1258 aliquem
414 1208 591 1259 niodum,
630 1220 706 1258 quo
746 1220 824 1247 non
863 1208 1030 1247 absurde
1067 1211 1192 1260 possit
1229 1209 1421 1261 intellegi,
1465 1209 1551 1248 ideo

214 1267 423 1317 dissipasse
456 1272 754 1318 testamentum,
794 1269 882 1317 quia
914 1267 1005 1305 licet
1037 1279 1114 1305 non
1147 1266 1193 1306 ab
1226 1267 1307 1319 illo,
1351 1273 1480 1306 tamen
1512 1269 1552 1306 in

212 1325 277 1363 illo
311 1330 370 1363 est
403 1325 644 1375 dissipatum.
708 1324 850 1363 Verum
889 1327 944 1363 sic
978 1337 1134 1376 quoque
1167 1326 1552 1365 animadvertendum

214 1389 273 1421 est
306 1382 410 1421 nulla
441 1384 481 1420 in
514 1395 555 1421 se
589 1383 831 1433 neglegentia
871 1396 939 1422 sua
972 1386 1116 1422 iniuste
1147 1385 1310 1422 interire
1342 1386 1551 1423 incircum·

214 1443 285 1480 cisi
316 1443 483 1480 animam
515 1441 665 1492 parvuli
698 1443 773 1479 nisi
804 1442 1004 1493 originalis
1036 1441 1270 1493 obligatione
1302 1444 1462 1493 peccati.

691 1601 847 1644 CAPUT
881 1601 1080 1643 XXVIII.

214 1699 273 1738 De
305 1701 610 1738 commutatione
641 1701 840 1737 nominum
874 1700 1064 1737 Abrahae
1095 1704 1134 1737 et
1163 1699 1330 1746 Sarrae,
1362 1701 1432 1747 qui
1461 1712 1551 1739 cum

254 1757 302 1796 ob
334 1759 453 1795 unius
485 1759 752 1805 sterilitatem,
785 1758 832 1795 ob
864 1759 1074 1805 utriusque
1107 1762 1238 1796 autem
1269 1763 1509 1797 senectutem

388 1827 593 1865 qenerare
625 1827 702 1854 non
728 1820 907 1864 possent,
940 1826 1082 1853 munus
1109 1813 1375 1863 fecunditatis

744 1874 897 1921 indepti
925 1877 1027 1911 sunt.

334 1966 448 2005 Facta
480 1967 598 2017 igitur
630 1967 887 2017 promissione
920 1971 999 2003 tam
1032 1977 1168 2015 magna
1200 1971 1356 2016 tamque
1383 1966 1550 2007 dilucida

144 2034 188 2064 30
216 2024 262 2062 ad
283 2024 486 2074 Abraham,
519 2026 582 2063 cui
614 2024 901 2062 evidentissime
935 2023 1082 2061 dictum
1109 2029 1188 2061 est:
1221 2025 1384 2063 Patrem
1409 2028 1548 2086 malta-

306 2188 332 2263 εἰ
366 2193 498 2228 genere
541 2182 644 2217 VRA
675 2186 775 2225 (169,
801 2186 859 2226 6)‚-
890 2182 1027 2227 populo
1055 2182 1113 2217 Fv
1149 2183 1162 2227 ΙΙ
1201 2186 1241 2217 15
1268 2183 1395 2227 posset
1426 2183 1550 2225 VIM,-

216 2241 314 2274 poss-1
358 2241 377 2264 v
