1611 2465
67 459 85 487 ιἾ

45 749 86 779 10

45 1039 86 1070 15

16 1910 86 1971 ι,3ο

112 73 198 114 284
646 82 672 107 s.
692 82 909 109 Arevsrim

621 190 777 232 CAPUT
803 191 939 233 XXII.

119 266 233 311 Quod
257 277 300 304 eo
328 272 501 313 tempore
527 265 654 302 Roma
680 267 732 303 sit
755 267 929 312 condila,
962 275 1037 312 quo
1071 276 1238 313 reymtm
1265 265 1447 313 Assyrio-

184 336 272 373 rum
306 324 513 361 intercidit
544 328 581 360 et
612 334 688 370 quo
722 323 922 361 Ezecln'as
954 325 1154 370 remeabat
1187 326 1225 361 ln
1260 324 1375 361 Iuda.

229 392 284 430 Ne
329 391 461 430 multis
506 403 658 443 morer,
703 392 857 430 condita
901 398 961 430 est
1005 394 1137 431 civitas
1180 392 1298 430 Roma
1344 393 1448 431 velut

113 451 232 489 altera
264 449 435 500 Babylon
473 455 511 488 et
550 449 654 488 velut
691 452 833 501 prioris
865 450 940 488 filia
973 449 1197 501 Babylonis,
1228 463 1299 501 per
1332 463 1447 501 quam

113 509 190 546 Deo
218 508 362 559 placuit
395 508 530 546 orbem
556 508 749 547 debellare
776 515 968 547 terrarum
996 514 1033 546 et
1065 510 1103 546 in
1137 520 1253 546 unam
1285 510 1445 548 societa-

113 573 191 605 tem
211 568 268 604 rei
289 566 465 617 publicae
486 566 692 617 legumque
719 567 951 617 perductum
979 567 1089 617 longe
1118 566 1269 616 lateque
1296 579 1475 618 pacare-2

112 624 233 663 Erant
271 627 375 663 enim
413 626 487 663 iam
527 625 661 676 populi
699 624 811 662 validi
852 631 889 663 et
928 625 1048 663 sortes
1091 631 1130 663 et
1161 626 1278 663 armis
1311 631 1446 675 gentes

113 685 357 735 exercitatae,
390 695 487 733 quae
526 695 603 721 non
643 682 752 721 facile
786 683 983 734 cederent,
1015 689 1053 721 et
1086 695 1180 733 quas
1213 695 1310 734 opus
1343 689 1447 722 esset

112 741 336 792 ingentibus
366 741 552 792 periculis
585 747 623 779 et
663 742 873 779 vastatione
906 742 1102 791 utrimque
1136 753 1212 779 non
1244 753 1360 792 parva
1393 748 1445 780 at—

113 811 187 849 que
220 798 416 837 horrendo
448 798 579 837 labore
619 800 806 850 superari.
869 798 964 837 Nam
997 799 1150 849 quando
1183 811 1346 850 regnum
1378 801 1444 838 As-

113 859 307 908 syriorum
340 863 459 896 totam
491 870 612 908 paene
639 858 768 896 Asiam
800 857 1033 909 subiugavit,
1065 857 1156 896 licet
1188 857 1364 896 bellando
1398 860 1447 896 sit

113 916 275 967 factum,
316 927 394 954 non
431 922 558 954 tamen
599 916 764 954 multum
803 917 951 966 asperis
991 921 1030 954 et
1071 915 1292 954 difficilibus
1334 915 1447 954 bellis

114 974 198 1012 fieri
241 975 393 1025 potuit,
444 975 533 1024 quia
583 974 701 1012 rudes
745 974 869 1012 adbuc
913 974 958 1012 ad
1004 974 1266 1012 resistendum
1310 980 1446 1024 gentes

114 1038 225 1070 erant
258 1044 329 1070 nec
362 1038 439 1070 tam
472 1032 613 1070 multae
647 1032 704 1069 vel
738 1044 908 1082 magnae.
972 1032 1012 1069 Si
1045 1032 1201 1082 quidem
1233 1038 1321 1083 post
1352 1032 1444 1070 illud

114 1092 323 1129 maximum
367 1096 482 1140 atque
526 1090 744 1129 universale
788 1090 992 1141 diluvium,
1038 1102 1125 1128 cum
1164 1092 1202 1128 in
1245 1102 1332 1128 arca
1364 1090 1445 1128 Noe

113 1154 201 1187 octo
229 1148 299 1187 soli
325 1148 502 1186 homines
529 1154 748 1199 evaserunt,
773 1150 863 1186 anni
890 1160 967 1187 non
993 1148 1113 1187 multo
1141 1148 1303 1199 amplius
1331 1160 1445 1199 quam

114 1206 215 1244 mille
249 1208 500 1259 transierant,
539 1206 692 1256 quando
726 1206 849 1245 Ninus
881 1207 1008 1244 Asiam
1042 1212 1161 1245 totam
1194 1213 1354 1257 excepta
1385 1206 1444 1245 In-

115 1264 175 1302 dia
220 1264 448 1314 subiugavit.
522 1264 643 1302 Roma
687 1276 778 1302 vero
829 1271 886 1303 tot
930 1271 1064 1315 gentes
1108 1270 1147 1303 et
1192 1264 1363 1303 Orientis
1408 1271 1445 1302 et

115 1322 357 1374 Occidentis,
389 1334 484 1373 quas
517 1324 680 1373 imperio
714 1322 886 1361 Romano
920 1323 1093 1361 subditas
1126 1324 1336 1374 cernimus,
1368 1335 1445 1361 non

114 1392 157 1418 ea
184 1380 382 1418 celeritate
410 1392 452 1418 ac
480 1380 662 1419 facilitate
694 1381 926 1432 perdomuit,
959 1383 1142 1432 quoniam
1174 1380 1356 1431 paulatim
1389 1383 1444 1419 in-

113 1438 326 1477 crescendo
353 1438 533 1477 robustas
567 1450 631 1476 eas
664 1444 702 1476 et
734 1438 948 1490 bellicosas,
981 1451 1134 1489 quaqua
1165 1451 1322 1477 versum
1353 1439 1445 1477 dila·

113 1496 287 1547 tabatur,
319 1498 476 1535 invenit.
538 1496 730 1547 Tempore
763 1498 893 1549 igitur,
926 1509 1001 1547 quo
1036 1497 1155 1535 Roma
1188 1496 1341 1535 condita
1375 1503 1445 1548 est,

111 1554 278 1604 populus
306 1554 425 1592 Israel
451 1554 614 1593 habebat
640 1557 679 1592 iu
713 1561 815 1593 terra
846 1556 1116 1606 promissionis
1148 1567 1269 1593 annos
1301 1557 1443 1606 septin-

112 1617 249 1663 gentos
275 1612 411 1650 decem
438 1619 475 1651 et
501 1618 599 1651 octo,
650 1612 706 1650 Ex
734 1612 874 1663 quibus
901 1615 1034 1664 viginti
1067 1618 1216 1663 septem
1246 1615 1445 1664 pertinent

112 1670 157 1708 ad
185 1670 314 1708 Iesum
334 1670 449 1721 Nave,
482 1670 620 1709 deinde
649 1671 694 1708 ad
721 1676 875 1722 tempus
907 1671 1079 1710 iudicum
1112 1673 1278 1709 trecenti
1311 1673 1444 1722 viginti

112 1739 261 1766 novem.
323 1727 380 1766 Ex
421 1740 497 1779 quo
537 1734 667 1767 autem
708 1741 824 1779 reges
865 1729 918 1768 ibi
957 1741 1041 1768 esse
1083 1736 1313 1780 coeperant,
1354 1731 1443 1768 anni

112 1792 223 1824 erant
259 1788 426 1824 trecenti
464 1788 660 1837 sexaginta
699 1787 785 1825 duo.
848 1787 897 1826 Et
929 1799 996 1825 rex
1029 1793 1121 1825 tunc
1154 1793 1237 1825 erat
1269 1789 1307 1825 in
1341 1787 1444 1838 Iuda,

112 1846 224 1882 cuius
257 1856 397 1882 nomen
431 1850 513 1883 erat
545 1844 668 1883 Achaz
702 1845 776 1896 vel,
818 1847 918 1883 sicut
951 1845 1013 1883 alii
1046 1851 1276 1896 conputant,
1308 1847 1373 1895 qui
1407 1847 1443 1883 ei

113 1904 302 1940 successit
332 1902 534 1954 Ezechias,
573 1914 687 1953 quem
727 1903 883 1952 quidem
915 1908 1066 1941 constat
1098 1904 1284 1953 optimum
1318 1909 1357 1941 et
1387 1904 1442 1953 pi·

112 1961 287 1998 issimum
321 1972 451 2010 regem
485 1960 638 1998 Romuli
671 1972 852 2010 regnasse
886 1960 1137 2011 temporibus.
1200 1960 1242 1998 In
1276 1972 1320 1998 ea
1351 1972 1443 1999 vero

112 2017 277 2056 Hebraei
318 2018 450 2069 populi
488 2025 615 2069 parte,
660 2030 757 2068 quae
796 2018 1059 2069 appellabatur
1100 2018 1238 2071 lsrael,
1280 2030 1443 2069 regnare

112 2082 292 2126 coeperat
325 2076 435 2115 Osee.

110 2235 142 2268 H
165 2234 188 2268 b
206 2193 246 2240 lo
271 2188 332 2241 yel
357 2191 434 2222 tam
461 2199 615 2232 magnae
641 2199 660 2222 v
697 2190 709 2231 ΙΙ
747 2192 786 2222 21
817 2188 1050 2223 increscendo
1077 2189 1131 2230 R;
1157 2199 1266 2223 cresc.
1293 2199 1312 2222 v
1349 2191 1361 2233 ΙΙ
1399 2192 1441 2221 32

146 2245 162 2268 e
193 2246 279 2269 raiol
306 2246 324 2268 v
