<?xml version="1.0" encoding="UTF-8"?>
<!DOCTYPE html PUBLIC "-//W3C//DTD XHTML 1.0 Transitional//EN"
    "http://www.w3.org/TR/xhtml1/DTD/xhtml1-transitional.dtd">
<html xmlns="http://www.w3.org/1999/xhtml" xml:lang="en" lang="en">
 <head>
  <title>
</title>
<meta http-equiv="Content-Type" content="text/html;charset=utf-8" />
  <meta name='ocr-system' content='tesseract 3.04.00' />
  <meta name='ocr-capabilities' content='ocr_page ocr_carea ocr_par ocr_line ocrx_word'/>
</head>
<body>
  <div class='ocr_page' id='page_1' title='image "./sanctiaureliiaug02auguuoft_0287.png"; bbox 0 0 1548 2562; ppageno 0'>
   <div class='ocr_carea' id='block_1_1' title="bbox 410 141 1418 181">
    <p class='ocr_par' dir='ltr' id='par_1_1' title="bbox 410 141 1418 181">
     <span class='ocr_line' id='line_1_1' title="bbox 410 141 1418 181; baseline 0.001 -7"><span class='ocrx_word' id='word_1_1' title='bbox 410 151 462 175; x_wconf 84' lang='lat' dir='ltr'>DE</span> <span class='ocrx_word' id='word_1_2' title='bbox 483 150 670 175; x_wconf 76' lang='lat' dir='ltr'>CIVITATE</span> <span class='ocrx_word' id='word_1_3' title='bbox 688 150 757 175; x_wconf 83' lang='lat' dir='ltr'>DEI</span> <span class='ocrx_word' id='word_1_4' title='bbox 777 150 809 175; x_wconf 85' lang='lat' dir='ltr'>L.</span> <span class='ocrx_word' id='word_1_5' title='bbox 829 150 941 175; x_wconf 81' lang='lat' dir='ltr'>xvm.</span> <span class='ocrx_word' id='word_1_6' title='bbox 961 150 990 175; x_wconf 82' lang='lat' dir='ltr'>C.</span> <span class='ocrx_word' id='word_1_7' title='bbox 1011 151 1052 175; x_wconf 88' lang='lat'>19.</span> <span class='ocrx_word' id='word_1_8' title='bbox 1072 151 1113 175; x_wconf 77' lang='lat'>20.</span> <span class='ocrx_word' id='word_1_9' title='bbox 1336 141 1418 181; x_wconf 81' lang='grc'>281</span> 
     </span>
    </p>
   </div>
   <div class='ocr_carea' id='block_1_2' title="bbox 95 238 1545 1583">
    <p class='ocr_par' dir='ltr' id='par_1_2' title="bbox 95 238 1545 982">
     <span class='ocr_line' id='line_1_2' title="bbox 98 238 1419 290; baseline 0 -14"><span class='ocrx_word' id='word_1_10' title='bbox 98 239 367 290; x_wconf 82' lang='lat' dir='ltr'>Sicyoniorum</span> <span class='ocrx_word' id='word_1_11' title='bbox 392 240 466 276; x_wconf 91' lang='lat' dir='ltr'>iam</span> <span class='ocrx_word' id='word_1_12' title='bbox 492 238 676 288; x_wconf 86' lang='lat' dir='ltr'>Pelasgus</span> <span class='ocrx_word' id='word_1_13' title='bbox 703 244 785 277; x_wconf 87' lang='lat' dir='ltr'>erat</span> <span class='ocrx_word' id='word_1_14' title='bbox 810 244 848 277; x_wconf 86' lang='lat' dir='ltr'>et</span> <span class='ocrx_word' id='word_1_15' title='bbox 872 238 1138 277; x_wconf 79' lang='lat' dir='ltr'>Hebraeorum</span> <span class='ocrx_word' id='word_1_16' title='bbox 1169 238 1284 277; x_wconf 82' lang='lat' dir='ltr'>iudex</span> <span class='ocrx_word' id='word_1_17' title='bbox 1315 238 1419 276; x_wconf 89' lang='lat' dir='ltr'>Sam-</span> 
     </span>
     <span class='ocr_line' id='line_1_3' title="bbox 98 295 1419 359; baseline 0 -24"><span class='ocrx_word' id='word_1_18' title='bbox 98 309 184 348; x_wconf 81' lang='lat' dir='ltr'>son3</span> <span class='ocrx_word' id='word_1_19' title='bbox 217 298 282 359; x_wconf 74' lang='lat' dir='ltr'>qui</span> <span class='ocrx_word' id='word_1_20' title='bbox 315 308 403 334; x_wconf 84' lang='lat' dir='ltr'>cum</span> <span class='ocrx_word' id='word_1_21' title='bbox 434 296 662 334; x_wconf 88' lang='lat' dir='ltr'>mirabiliter</span> <span class='ocrx_word' id='word_1_22' title='bbox 694 297 804 334; x_wconf 84' lang='lat' dir='ltr'>fortis</span> <span class='ocrx_word' id='word_1_23' title='bbox 837 302 957 349; x_wconf 83' lang='lat' dir='ltr'>esset,</span> <span class='ocrx_word' id='word_1_24' title='bbox 993 302 1151 347; x_wconf 87' lang='lat' dir='ltr'>putatus</span> <span class='ocrx_word' id='word_1_25' title='bbox 1183 302 1243 335; x_wconf 87' lang='lat' dir='ltr'>est</span> <span class='ocrx_word' id='word_1_26' title='bbox 1273 295 1419 335; x_wconf 89' lang='lat' dir='ltr'>Hercu-</span> 
     </span>
     <span class='ocr_line' id='line_1_4' title="bbox 96 354 1545 404; baseline 0 -12"><span class='ocrx_word' id='word_1_27' title='bbox 96 355 162 392; x_wconf 89' lang='lat' dir='ltr'>les.</span> <span class='ocrx_word' id='word_1_28' title='bbox 213 354 300 392; x_wconf 85' lang='lat' dir='ltr'>&#39;Sed</span> <span class='ocrx_word' id='word_1_29' title='bbox 327 355 493 404; x_wconf 80' lang='lat' dir='ltr'><strong>Aenean,</strong></span> <span class='ocrx_word' id='word_1_30' title='bbox 525 355 707 404; x_wconf 81' lang='lat' dir='ltr'>quoniam</span> <span class='ocrx_word' id='word_1_31' title='bbox 734 354 886 404; x_wconf 86' lang='lat' dir='ltr'>quando</span> <span class='ocrx_word' id='word_1_32' title='bbox 919 360 1098 393; x_wconf 87' lang='lat' dir='ltr'>mortuus</span> <span class='ocrx_word' id='word_1_33' title='bbox 1132 360 1191 392; x_wconf 89' lang='lat' dir='ltr'>est</span> <span class='ocrx_word' id='word_1_34' title='bbox 1221 366 1299 392; x_wconf 89' lang='lat' dir='ltr'>non</span> <span class='ocrx_word' id='word_1_35' title='bbox 1332 366 1421 392; x_wconf 86' lang='lat' dir='ltr'>con·</span> <span class='ocrx_word' id='word_1_36' title='bbox 1496 370 1508 403; x_wconf 80' lang='lat' dir='ltr'><em>s</em></span> <span class='ocrx_word' id='word_1_37' title='bbox 1540 395 1545 398; x_wconf 60' lang='grc'>,</span> 
     </span>
     <span class='ocr_line' id='line_1_5' title="bbox 95 411 1417 464; baseline 0 -14"><span class='ocrx_word' id='word_1_38' title='bbox 95 414 247 464; x_wconf 85' lang='lat' dir='ltr'>paruit,</span> <span class='ocrx_word' id='word_1_39' title='bbox 288 412 402 450; x_wconf 90' lang='lat' dir='ltr'>deum</span> <span class='ocrx_word' id='word_1_40' title='bbox 444 411 516 450; x_wconf 91' lang='lat' dir='ltr'>sibi</span> <span class='ocrx_word' id='word_1_41' title='bbox 558 412 735 450; x_wconf 83' lang='lat' dir='ltr'>fecerunt</span> <span class='ocrx_word' id='word_1_42' title='bbox 766 411 902 451; x_wconf 83' lang='lat' dir='ltr'>Latini.</span> <span class='ocrx_word' id='word_1_43' title='bbox 966 412 1097 450; x_wconf 90' lang='lat' dir='ltr'>Sabini</span> <span class='ocrx_word' id='word_1_44' title='bbox 1134 414 1248 450; x_wconf 88' lang='lat' dir='ltr'>etiam</span> <span class='ocrx_word' id='word_1_45' title='bbox 1287 424 1417 462; x_wconf 87' lang='lat' dir='ltr'>regem</span> 
     </span>
     <span class='ocr_line' id='line_1_6' title="bbox 97 469 1469 522; baseline -0.001 -14"><span class='ocrx_word' id='word_1_46' title='bbox 97 482 210 508; x_wconf 88' lang='lat' dir='ltr'>suum</span> <span class='ocrx_word' id='word_1_47' title='bbox 240 471 410 520; x_wconf 90' lang='lat' dir='ltr'>primum</span> <span class='ocrx_word' id='word_1_48' title='bbox 442 469 610 507; x_wconf 84' lang='lat' dir='ltr'>Sancum</span> <span class='ocrx_word' id='word_1_49' title='bbox 643 471 734 521; x_wconf 86' lang='lat' dir='ltr'>sive,</span> <span class='ocrx_word' id='word_1_50' title='bbox 768 475 810 507; x_wconf 91' lang='lat' dir='ltr'>ut</span> <span class='ocrx_word' id='word_1_51' title='bbox 841 469 958 520; x_wconf 81' lang='lat' dir='ltr'>aliqui</span> <span class='ocrx_word' id='word_1_52' title='bbox 990 470 1193 522; x_wconf 88' lang='lat' dir='ltr'>appellant,</span> <span class='ocrx_word' id='word_1_53' title='bbox 1225 470 1422 521; x_wconf 86' lang='lat' dir='ltr'>Sanctum,</span> <span class='ocrx_word' id='word_1_54' title='bbox 1449 476 1469 506; x_wconf 82' lang='lat'>5</span> 
     </span>
     <span class='ocr_line' id='line_1_7' title="bbox 96 527 1422 578; baseline -0.001 -12"><span class='ocrx_word' id='word_1_55' title='bbox 96 527 334 566; x_wconf 87' lang='lat' dir='ltr'>rettulerunt</span> <span class='ocrx_word' id='word_1_56' title='bbox 365 529 403 566; x_wconf 92' lang='lat' dir='ltr'>in</span> <span class='ocrx_word' id='word_1_57' title='bbox 436 527 540 565; x_wconf 90' lang='lat' dir='ltr'>deos.</span> <span class='ocrx_word' id='word_1_58' title='bbox 602 527 678 565; x_wconf 87' lang='lat' dir='ltr'>Per</span> <span class='ocrx_word' id='word_1_59' title='bbox 711 527 813 565; x_wconf 90' lang='lat' dir='ltr'>idem</span> <span class='ocrx_word' id='word_1_60' title='bbox 846 533 1000 578; x_wconf 88' lang='lat' dir='ltr'>tempus</span> <span class='ocrx_word' id='word_1_61' title='bbox 1027 527 1176 566; x_wconf 84' lang='lat' dir='ltr'>Codrus</span> <span class='ocrx_word' id='word_1_62' title='bbox 1208 540 1277 566; x_wconf 89' lang='lat' dir='ltr'>rex</span> <span class='ocrx_word' id='word_1_63' title='bbox 1309 527 1422 566; x_wconf 90' lang='lat' dir='ltr'>Athe-</span> 
     </span>
     <span class='ocr_line' id='line_1_8' title="bbox 96 585 1423 636; baseline 0 -12"><span class='ocrx_word' id='word_1_64' title='bbox 96 587 290 624; x_wconf 85' lang='lat' dir='ltr'>niensium</span> <span class='ocrx_word' id='word_1_65' title='bbox 332 585 694 636; x_wconf 87' lang='lat' dir='ltr'>Peloponnensibus</span> <span class='ocrx_word' id='word_1_66' title='bbox 738 585 911 624; x_wconf 88' lang='lat' dir='ltr'>eiusdem</span> <span class='ocrx_word' id='word_1_67' title='bbox 954 585 1132 624; x_wconf 80' lang='lat' dir='ltr'>hostibus</span> <span class='ocrx_word' id='word_1_68' title='bbox 1176 587 1340 624; x_wconf 86' lang='lat' dir='ltr'>civitatis</span> <span class='ocrx_word' id='word_1_69' title='bbox 1382 597 1423 624; x_wconf 89' lang='lat' dir='ltr'>se</span> 
     </span>
     <span class='ocr_line' id='line_1_9' title="bbox 96 642 1423 694; baseline -0.001 -13"><span class='ocrx_word' id='word_1_70' title='bbox 96 643 408 682; x_wconf 82' lang='lat' dir='ltr'>interficiendum</span> <span class='ocrx_word' id='word_1_71' title='bbox 440 645 595 693; x_wconf 83' lang='lat' dir='ltr'>ignotus</span> <span class='ocrx_word' id='word_1_72' title='bbox 627 643 786 694; x_wconf 80' lang='lat' dir='ltr'>obiecit3</span> <span class='ocrx_word' id='word_1_73' title='bbox 819 649 857 681; x_wconf 91' lang='lat' dir='ltr'>et</span> <span class='ocrx_word' id='word_1_74' title='bbox 889 644 1033 682; x_wconf 84' lang='lat' dir='ltr'>factum</span> <span class='ocrx_word' id='word_1_75' title='bbox 1065 650 1135 682; x_wconf 88' lang='lat' dir='ltr'>est.</span> <span class='ocrx_word' id='word_1_76' title='bbox 1196 643 1277 682; x_wconf 89' lang='lat' dir='ltr'>Hoc</span> <span class='ocrx_word' id='word_1_77' title='bbox 1310 642 1423 682; x_wconf 90' lang='lat' dir='ltr'>modo</span> 
     </span>
     <span class='ocr_line' id='line_1_10' title="bbox 96 701 1422 752; baseline 0 -13"><span class='ocrx_word' id='word_1_78' title='bbox 96 713 185 739; x_wconf 87' lang='lat' dir='ltr'>eum</span> <span class='ocrx_word' id='word_1_79' title='bbox 222 701 447 752; x_wconf 84' lang='lat' dir='ltr'>praedicant</span> <span class='ocrx_word' id='word_1_80' title='bbox 482 702 648 752; x_wconf 84' lang='lat' dir='ltr'>patriam</span> <span class='ocrx_word' id='word_1_81' title='bbox 684 701 880 739; x_wconf 84' lang='lat' dir='ltr'>liberasse.</span> <span class='ocrx_word' id='word_1_82' title='bbox 942 701 1187 752; x_wconf 85' lang='lat' dir='ltr'>Responsum</span> <span class='ocrx_word' id='word_1_83' title='bbox 1228 703 1332 739; x_wconf 91' lang='lat' dir='ltr'>enim</span> <span class='ocrx_word' id='word_1_84' title='bbox 1364 713 1422 739; x_wconf 88' lang='lat' dir='ltr'>ae-</span> 
     </span>
     <span class='ocr_line' id='line_1_11' title="bbox 96 758 1496 810; baseline -0.001 -13"><span class='ocrx_word' id='word_1_85' title='bbox 96 765 279 809; x_wconf 87' lang='lat' dir='ltr'>ceperant</span> <span class='ocrx_word' id='word_1_86' title='bbox 317 758 633 810; x_wconf 80' lang='lat' dir='ltr'>Peloponnenses</span> <span class='ocrx_word' id='word_1_87' title='bbox 675 764 757 798; x_wconf 88' lang='lat' dir='ltr'>tum</span> <span class='ocrx_word' id='word_1_88' title='bbox 795 759 951 797; x_wconf 90' lang='lat' dir='ltr'>demum</span> <span class='ocrx_word' id='word_1_89' title='bbox 991 771 1032 797; x_wconf 87' lang='lat' dir='ltr'>se</span> <span class='ocrx_word' id='word_1_90' title='bbox 1075 765 1348 810; x_wconf 81' lang='lat' dir='ltr'>superaturos,</span> <span class='ocrx_word' id='word_1_91' title='bbox 1393 760 1496 797; x_wconf 83' lang='lat' dir='ltr'>silo</span> 
     </span>
     <span class='ocr_line' id='line_1_12' title="bbox 96 816 1425 867; baseline 0 -12"><span class='ocrx_word' id='word_1_92' title='bbox 96 829 231 855; x_wconf 89' lang='lat' dir='ltr'>eorum</span> <span class='ocrx_word' id='word_1_93' title='bbox 270 829 402 867; x_wconf 85' lang='lat' dir='ltr'>regem</span> <span class='ocrx_word' id='word_1_94' title='bbox 439 829 515 855; x_wconf 88' lang='lat' dir='ltr'>non</span> <span class='ocrx_word' id='word_1_95' title='bbox 555 817 799 855; x_wconf 81' lang='lat' dir='ltr'>occidissent.</span> <span class='ocrx_word' id='word_1_96' title='bbox 862 816 1013 855; x_wconf 85' lang='lat' dir='ltr'>Fefellit</span> <span class='ocrx_word' id='word_1_97' title='bbox 1053 829 1144 867; x_wconf 84' lang='lat' dir='ltr'>ergo</span> <span class='ocrx_word' id='word_1_98' title='bbox 1184 830 1249 855; x_wconf 88' lang='lat' dir='ltr'>eos</span> <span class='ocrx_word' id='word_1_99' title='bbox 1292 817 1425 855; x_wconf 85' lang='lat' dir='ltr'>babitu</span> 
     </span>
     <span class='ocr_line' id='line_1_13' title="bbox 95 874 1425 925; baseline 0 -13"><span class='ocrx_word' id='word_1_100' title='bbox 95 876 277 925; x_wconf 89' lang='lat' dir='ltr'>pauperis</span> <span class='ocrx_word' id='word_1_101' title='bbox 316 874 536 924; x_wconf 89' lang='lat' dir='ltr'>apparendo</span> <span class='ocrx_word' id='word_1_102' title='bbox 576 880 613 913; x_wconf 90' lang='lat' dir='ltr'>et</span> <span class='ocrx_word' id='word_1_103' title='bbox 654 877 694 913; x_wconf 86' lang='lat' dir='ltr'>in</span> <span class='ocrx_word' id='word_1_104' title='bbox 727 886 835 913; x_wconf 89' lang='lat' dir='ltr'>suam</span> <span class='ocrx_word' id='word_1_105' title='bbox 867 886 1002 912; x_wconf 84' lang='lat' dir='ltr'>necem</span> <span class='ocrx_word' id='word_1_106' title='bbox 1034 887 1105 925; x_wconf 90' lang='lat' dir='ltr'>per</span> <span class='ocrx_word' id='word_1_107' title='bbox 1135 876 1306 925; x_wconf 82' lang='lat' dir='ltr'>iurgium</span> <span class='ocrx_word' id='word_1_108' title='bbox 1338 886 1425 925; x_wconf 91' lang='lat' dir='ltr'>pro-</span> 
     </span>
     <span class='ocr_line' id='line_1_14' title="bbox 96 931 772 982; baseline 0 -12"><span class='ocrx_word' id='word_1_109' title='bbox 96 932 277 970; x_wconf 84' lang='lat' dir='ltr'>vocando.</span> <span class='ocrx_word' id='word_1_110' title='bbox 341 932 447 970; x_wconf 88' lang='lat' dir='ltr'>Unde</span> <span class='ocrx_word' id='word_1_111' title='bbox 481 934 533 970; x_wconf 84' lang='lat' dir='ltr'>ait</span> <span class='ocrx_word' id='word_1_112' title='bbox 563 931 772 982; x_wconf 83' lang='lat' dir='ltr'>Vergilius:</span> 
     </span>
    </p>

    <p class='ocr_par' dir='ltr' id='par_1_3' title="bbox 95 1002 1496 1583">
     <span class='ocr_line' id='line_1_15' title="bbox 840 1002 1214 1051; baseline 0 -12"><span class='ocrx_word' id='word_1_113' title='bbox 840 1003 893 1039; x_wconf 75' lang='lat' dir='ltr'>Et</span> <span class='ocrx_word' id='word_1_114' title='bbox 923 1003 1054 1051; x_wconf 84' lang='lat' dir='ltr'>iurgia</span> <span class='ocrx_word' id='word_1_115' title='bbox 1086 1002 1214 1040; x_wconf 84' lang='lat' dir='ltr'>Codri.</span> 
     </span>
     <span class='ocr_line' id='line_1_16' title="bbox 96 1070 1496 1121; baseline -0.001 -12"><span class='ocrx_word' id='word_1_116' title='bbox 96 1071 145 1109; x_wconf 88' lang='lat' dir='ltr'>Et</span> <span class='ocrx_word' id='word_1_117' title='bbox 175 1071 280 1109; x_wconf 87' lang='lat' dir='ltr'>hunc</span> <span class='ocrx_word' id='word_1_118' title='bbox 306 1070 563 1109; x_wconf 82' lang='lat' dir='ltr'>Athenienses</span> <span class='ocrx_word' id='word_1_119' title='bbox 595 1076 791 1121; x_wconf 78' lang='lat' dir='ltr'>tamquam</span> <span class='ocrx_word' id='word_1_120' title='bbox 823 1070 938 1109; x_wconf 87' lang='lat' dir='ltr'>deum</span> <span class='ocrx_word' id='word_1_121' title='bbox 972 1071 1253 1109; x_wconf 81' lang='lat' dir='ltr'>sacrificiorum</span> <span class='ocrx_word' id='word_1_122' title='bbox 1278 1071 1425 1110; x_wconf 88' lang='lat' dir='ltr'>honore</span> <span class='ocrx_word' id='word_1_123' title='bbox 1456 1078 1496 1108; x_wconf 85' lang='lat'>15</span> 
     </span>
     <span class='ocr_line' id='line_1_17' title="bbox 97 1128 1426 1181; baseline 0 -15"><span class='ocrx_word' id='word_1_124' title='bbox 97 1128 312 1167; x_wconf 87' lang='lat' dir='ltr'>coluerunt.</span> <span class='ocrx_word' id='word_1_125' title='bbox 387 1128 533 1173; x_wconf 87' lang='lat' dir='ltr'>Quarto</span> <span class='ocrx_word' id='word_1_126' title='bbox 578 1128 802 1167; x_wconf 84' lang='lat' dir='ltr'>Latinorum</span> <span class='ocrx_word' id='word_1_127' title='bbox 848 1140 938 1178; x_wconf 85' lang='lat' dir='ltr'>rege</span> <span class='ocrx_word' id='word_1_128' title='bbox 981 1128 1097 1166; x_wconf 87' lang='lat' dir='ltr'>Silvio</span> <span class='ocrx_word' id='word_1_129' title='bbox 1142 1130 1292 1167; x_wconf 83' lang='lat' dir='ltr'>Aeneae</span> <span class='ocrx_word' id='word_1_130' title='bbox 1338 1129 1426 1181; x_wconf 83' lang='lat' dir='ltr'>filio,</span> 
     </span>
     <span class='ocr_line' id='line_1_18' title="bbox 95 1185 1425 1238; baseline 0.001 -14"><span class='ocrx_word' id='word_1_131' title='bbox 95 1199 172 1224; x_wconf 89' lang='lat' dir='ltr'>non</span> <span class='ocrx_word' id='word_1_132' title='bbox 193 1187 239 1224; x_wconf 92' lang='lat' dir='ltr'>de</span> <span class='ocrx_word' id='word_1_133' title='bbox 267 1185 423 1236; x_wconf 84' lang='lat' dir='ltr'>Creusa,</span> <span class='ocrx_word' id='word_1_134' title='bbox 454 1186 500 1224; x_wconf 89' lang='lat' dir='ltr'>de</span> <span class='ocrx_word' id='word_1_135' title='bbox 528 1198 603 1236; x_wconf 88' lang='lat' dir='ltr'>qua</span> <span class='ocrx_word' id='word_1_136' title='bbox 629 1187 701 1224; x_wconf 84' lang='lat' dir='ltr'>suit</span> <span class='ocrx_word' id='word_1_137' title='bbox 726 1187 924 1238; x_wconf 86' lang='lat' dir='ltr'>Ascanius,</span> <span class='ocrx_word' id='word_1_138' title='bbox 956 1188 1022 1236; x_wconf 90' lang='lat' dir='ltr'>qui</span> <span class='ocrx_word' id='word_1_139' title='bbox 1048 1188 1188 1224; x_wconf 85' lang='lat' dir='ltr'>tertius</span> <span class='ocrx_word' id='word_1_140' title='bbox 1212 1186 1266 1225; x_wconf 90' lang='lat' dir='ltr'>ibi</span> <span class='ocrx_word' id='word_1_141' title='bbox 1291 1199 1425 1237; x_wconf 84' lang='lat' dir='ltr'>regna-</span> 
     </span>
     <span class='ocr_line' id='line_1_19' title="bbox 96 1242 1426 1295; baseline 0 -13"><span class='ocrx_word' id='word_1_142' title='bbox 96 1246 166 1295; x_wconf 86' lang='lat' dir='ltr'>vit,</span> <span class='ocrx_word' id='word_1_143' title='bbox 198 1244 265 1282; x_wconf 87' lang='lat' dir='ltr'>sed</span> <span class='ocrx_word' id='word_1_144' title='bbox 310 1244 356 1282; x_wconf 90' lang='lat' dir='ltr'>de</span> <span class='ocrx_word' id='word_1_145' title='bbox 394 1242 548 1282; x_wconf 90' lang='lat' dir='ltr'>Lavinia</span> <span class='ocrx_word' id='word_1_146' title='bbox 586 1243 711 1282; x_wconf 86' lang='lat' dir='ltr'>Latini</span> <span class='ocrx_word' id='word_1_147' title='bbox 742 1243 836 1295; x_wconf 85' lang='lat' dir='ltr'>filia,</span> <span class='ocrx_word' id='word_1_148' title='bbox 877 1256 992 1293; x_wconf 90' lang='lat' dir='ltr'>quem</span> <span class='ocrx_word' id='word_1_149' title='bbox 1024 1250 1246 1294; x_wconf 88' lang='lat' dir='ltr'>postumum</span> <span class='ocrx_word' id='word_1_150' title='bbox 1279 1245 1426 1283; x_wconf 83' lang='lat' dir='ltr'>Aeneas</span> 
     </span>
     <span class='ocr_line' id='line_1_20' title="bbox 96 1301 1425 1353; baseline 0 -13"><span class='ocrx_word' id='word_1_151' title='bbox 96 1302 238 1340; x_wconf 89' lang='lat' dir='ltr'>dicitur</span> <span class='ocrx_word' id='word_1_152' title='bbox 282 1301 481 1353; x_wconf 82' lang='lat' dir='ltr'>habuisse,</span> <span class='ocrx_word' id='word_1_153' title='bbox 524 1302 771 1352; x_wconf 86' lang='lat' dir='ltr'>Assyriorum</span> <span class='ocrx_word' id='word_1_154' title='bbox 815 1308 944 1339; x_wconf 87' lang='lat' dir='ltr'>autem</span> <span class='ocrx_word' id='word_1_155' title='bbox 986 1303 1195 1340; x_wconf 88' lang='lat' dir='ltr'>vicensimo</span> <span class='ocrx_word' id='word_1_156' title='bbox 1241 1308 1279 1340; x_wconf 89' lang='lat' dir='ltr'>et</span> <span class='ocrx_word' id='word_1_157' title='bbox 1324 1315 1425 1340; x_wconf 88' lang='lat' dir='ltr'>nono</span> 
     </span>
     <span class='ocr_line' id='line_1_21' title="bbox 97 1359 1496 1407; baseline -0.001 -9"><span class='ocrx_word' id='word_1_158' title='bbox 97 1359 203 1398; x_wconf 89' lang='lat' dir='ltr'>Oneo</span> <span class='ocrx_word' id='word_1_159' title='bbox 237 1366 275 1398; x_wconf 87' lang='lat' dir='ltr'>et</span> <span class='ocrx_word' id='word_1_160' title='bbox 305 1359 496 1398; x_wconf 81' lang='lat' dir='ltr'>Melantho</span> <span class='ocrx_word' id='word_1_161' title='bbox 529 1359 825 1398; x_wconf 87' lang='lat' dir='ltr'>Atheniensium</span> <span class='ocrx_word' id='word_1_162' title='bbox 857 1365 965 1398; x_wconf 90' lang='lat' dir='ltr'>sexto</span> <span class='ocrx_word' id='word_1_163' title='bbox 999 1360 1168 1407; x_wconf 85' lang='lat' dir='ltr'>decimo,</span> <span class='ocrx_word' id='word_1_164' title='bbox 1201 1360 1327 1398; x_wconf 89' lang='lat' dir='ltr'>iudice</span> <span class='ocrx_word' id='word_1_165' title='bbox 1360 1373 1423 1398; x_wconf 87' lang='lat' dir='ltr'>au-</span> <span class='ocrx_word' id='word_1_166' title='bbox 1453 1367 1496 1397; x_wconf 83' lang='lat'>20</span> 
     </span>
     <span class='ocr_line' id='line_1_22' title="bbox 96 1416 1425 1468; baseline 0.001 -13"><span class='ocrx_word' id='word_1_167' title='bbox 96 1424 175 1456; x_wconf 89' lang='lat' dir='ltr'>tem</span> <span class='ocrx_word' id='word_1_168' title='bbox 200 1417 466 1456; x_wconf 86' lang='lat' dir='ltr'>Hebraeorum</span> <span class='ocrx_word' id='word_1_169' title='bbox 493 1416 577 1455; x_wconf 89' lang='lat' dir='ltr'>Heli</span> <span class='ocrx_word' id='word_1_170' title='bbox 610 1418 809 1455; x_wconf 84' lang='lat' dir='ltr'>sacerdote</span> <span class='ocrx_word' id='word_1_171' title='bbox 842 1430 1006 1468; x_wconf 87' lang='lat' dir='ltr'>regnum</span> <span class='ocrx_word' id='word_1_172' title='bbox 1034 1417 1304 1468; x_wconf 85' lang='lat' dir='ltr'>Sicyoniorum</span> <span class='ocrx_word' id='word_1_173' title='bbox 1336 1431 1425 1456; x_wconf 88' lang='lat' dir='ltr'>con—</span> 
     </span>
     <span class='ocr_line' id='line_1_23' title="bbox 98 1475 1427 1527; baseline 0 -13"><span class='ocrx_word' id='word_1_174' title='bbox 98 1482 295 1526; x_wconf 89' lang='lat' dir='ltr'>sumptum</span> <span class='ocrx_word' id='word_1_175' title='bbox 328 1482 406 1527; x_wconf 89' lang='lat' dir='ltr'>est,</span> <span class='ocrx_word' id='word_1_176' title='bbox 438 1475 540 1525; x_wconf 87' lang='lat' dir='ltr'>quod</span> <span class='ocrx_word' id='word_1_177' title='bbox 572 1487 643 1526; x_wconf 90' lang='lat' dir='ltr'>per</span> <span class='ocrx_word' id='word_1_178' title='bbox 675 1488 795 1514; x_wconf 89' lang='lat' dir='ltr'>annos</span> <span class='ocrx_word' id='word_1_179' title='bbox 829 1482 1045 1526; x_wconf 82' lang='lat' dir='ltr'>nongentos</span> <span class='ocrx_word' id='word_1_180' title='bbox 1078 1477 1357 1527; x_wconf 85' lang='lat' dir='ltr'>quinquaginta</span> <span class='ocrx_word' id='word_1_181' title='bbox 1389 1482 1427 1514; x_wconf 89' lang='lat' dir='ltr'>et</span> 
     </span>
     <span class='ocr_line' id='line_1_24' title="bbox 97 1534 852 1583; baseline -0.001 -11"><span class='ocrx_word' id='word_1_182' title='bbox 97 1546 235 1572; x_wconf 89' lang='lat' dir='ltr'>novem</span> <span class='ocrx_word' id='word_1_183' title='bbox 267 1534 434 1572; x_wconf 89' lang='lat' dir='ltr'>traditur</span> <span class='ocrx_word' id='word_1_184' title='bbox 466 1534 585 1571; x_wconf 85' lang='lat' dir='ltr'>fuisse</span> <span class='ocrx_word' id='word_1_185' title='bbox 617 1539 852 1583; x_wconf 87' lang='lat' dir='ltr'>porrectum.</span> 
     </span>
    </p>
   </div>
   <div class='ocr_carea' id='block_1_3' title="bbox 624 1680 892 1722">
    <p class='ocr_par' dir='ltr' id='par_1_4' title="bbox 624 1680 892 1722">
     <span class='ocr_line' id='line_1_25' title="bbox 624 1680 892 1722; baseline -0.004 0"><span class='ocrx_word' id='word_1_186' title='bbox 624 1680 777 1722; x_wconf 81' lang='lat' dir='ltr'>CAPUT</span> <span class='ocrx_word' id='word_1_187' title='bbox 801 1680 892 1722; x_wconf 85' lang='lat' dir='ltr'>XX.</span> 
     </span>
    </p>
   </div>
   <div class='ocr_carea' id='block_1_4' title="bbox 99 1765 1495 1871">
    <p class='ocr_par' dir='ltr' id='par_1_5' title="bbox 99 1765 1495 1871">
     <span class='ocr_line' id='line_1_26' title="bbox 99 1765 1495 1813; baseline -0.002 -10"><span class='ocrx_word' id='word_1_188' title='bbox 99 1766 158 1804; x_wconf 86' lang='lat' dir='ltr'>De</span> <span class='ocrx_word' id='word_1_189' title='bbox 182 1766 432 1803; x_wconf 75' lang='lat' dir='ltr'>successione</span> <span class='ocrx_word' id='word_1_190' title='bbox 458 1766 611 1803; x_wconf 72' lang='lat' dir='ltr'>ordinis</span> <span class='ocrx_word' id='word_1_191' title='bbox 637 1767 743 1812; x_wconf 72' lang='lat' dir='ltr'>reyiz&#39;</span> <span class='ocrx_word' id='word_1_192' title='bbox 772 1766 882 1813; x_wconf 82' lang='lat' dir='ltr'>apud</span> <span class='ocrx_word' id='word_1_193' title='bbox 906 1765 1114 1803; x_wconf 72' lang='lat' dir='ltr'>Israelitas</span> <span class='ocrx_word' id='word_1_194' title='bbox 1136 1770 1227 1813; x_wconf 82' lang='lat' dir='ltr'>post</span> <span class='ocrx_word' id='word_1_195' title='bbox 1252 1767 1426 1804; x_wconf 76' lang='lat' dir='ltr'>iudicum</span> <span class='ocrx_word' id='word_1_196' title='bbox 1453 1772 1495 1801; x_wconf 81' lang='lat'>25</span> 
     </span>
     <span class='ocr_line' id='line_1_27' title="bbox 669 1827 855 1871; baseline -0.005 -10"><span class='ocrx_word' id='word_1_197' title='bbox 669 1827 855 1871; x_wconf 78' lang='lat' dir='ltr'>tempora.</span> 
     </span>
    </p>
   </div>
   <div class='ocr_carea' id='block_1_5' title="bbox 97 1903 1497 2245">
    <p class='ocr_par' dir='ltr' id='par_1_6' title="bbox 97 1903 1497 2245">
     <span class='ocr_line' id='line_1_28' title="bbox 214 1903 1425 1954; baseline 0.001 -13"><span class='ocrx_word' id='word_1_198' title='bbox 214 1903 301 1941; x_wconf 82' lang='lat' dir='ltr'>Mox</span> <span class='ocrx_word' id='word_1_199' title='bbox 339 1903 484 1942; x_wconf 90' lang='lat' dir='ltr'>eisdem</span> <span class='ocrx_word' id='word_1_200' title='bbox 521 1916 592 1954; x_wconf 91' lang='lat' dir='ltr'>per</span> <span class='ocrx_word' id='word_1_201' title='bbox 629 1903 711 1941; x_wconf 86' lang='lat' dir='ltr'>loca</span> <span class='ocrx_word' id='word_1_202' title='bbox 751 1909 962 1942; x_wconf 87' lang='lat' dir='ltr'>memorata</span> <span class='ocrx_word' id='word_1_203' title='bbox 993 1903 1246 1954; x_wconf 84' lang='lat' dir='ltr'>regnantibus</span> <span class='ocrx_word' id='word_1_204' title='bbox 1277 1903 1425 1942; x_wconf 77' lang='lat' dir='ltr'>Israeli-</span> 
     </span>
     <span class='ocr_line' id='line_1_29' title="bbox 97 1961 1425 2012; baseline 0.001 -13"><span class='ocrx_word' id='word_1_205' title='bbox 97 1967 224 2000; x_wconf 90' lang='lat' dir='ltr'>tarum</span> <span class='ocrx_word' id='word_1_206' title='bbox 255 1973 419 2011; x_wconf 87' lang='lat' dir='ltr'>regnum</span> <span class='ocrx_word' id='word_1_207' title='bbox 451 1962 558 2000; x_wconf 75' lang='lat' dir='ltr'>sinito</span> <span class='ocrx_word' id='word_1_208' title='bbox 590 1966 764 2012; x_wconf 88' lang='lat' dir='ltr'>tempore</span> <span class='ocrx_word' id='word_1_209' title='bbox 797 1961 967 2000; x_wconf 87' lang='lat' dir='ltr'>iudicum</span> <span class='ocrx_word' id='word_1_210' title='bbox 1000 1973 1018 1999; x_wconf 89' lang='lat' dir='ltr'>a</span> <span class='ocrx_word' id='word_1_211' title='bbox 1054 1961 1166 1999; x_wconf 89' lang='lat' dir='ltr'>Saule</span> <span class='ocrx_word' id='word_1_212' title='bbox 1200 1974 1290 2012; x_wconf 89' lang='lat' dir='ltr'>rege</span> <span class='ocrx_word' id='word_1_213' title='bbox 1324 1974 1425 2000; x_wconf 90' lang='lat' dir='ltr'>sum-</span> 
     </span>
     <span class='ocr_line' id='line_1_30' title="bbox 97 2019 1425 2071; baseline 0 -14"><span class='ocrx_word' id='word_1_214' title='bbox 97 2021 174 2069; x_wconf 84' lang='lat' dir='ltr'>psit</span> <span class='ocrx_word' id='word_1_215' title='bbox 214 2019 435 2071; x_wconf 83' lang='lat' dir='ltr'>exordium,</span> <span class='ocrx_word' id='word_1_216' title='bbox 475 2031 550 2070; x_wconf 91' lang='lat' dir='ltr'>quo</span> <span class='ocrx_word' id='word_1_217' title='bbox 590 2025 764 2069; x_wconf 89' lang='lat' dir='ltr'>tempore</span> <span class='ocrx_word' id='word_1_218' title='bbox 803 2019 876 2057; x_wconf 87' lang='lat' dir='ltr'>suit</span> <span class='ocrx_word' id='word_1_219' title='bbox 913 2019 1102 2070; x_wconf 88' lang='lat' dir='ltr'>propheta</span> <span class='ocrx_word' id='word_1_220' title='bbox 1142 2019 1307 2057; x_wconf 87' lang='lat' dir='ltr'>Samuel.</span> <span class='ocrx_word' id='word_1_221' title='bbox 1369 2019 1425 2058; x_wconf 91' lang='lat' dir='ltr'>Ab</span> 
     </span>
     <span class='ocr_line' id='line_1_31' title="bbox 97 2076 1497 2129; baseline 0.001 -15"><span class='ocrx_word' id='word_1_222' title='bbox 97 2077 161 2114; x_wconf 86' lang='lat' dir='ltr'>illo</span> <span class='ocrx_word' id='word_1_223' title='bbox 202 2078 319 2127; x_wconf 86' lang='lat' dir='ltr'>igitur</span> <span class='ocrx_word' id='word_1_224' title='bbox 359 2083 534 2128; x_wconf 87' lang='lat' dir='ltr'>tempore</span> <span class='ocrx_word' id='word_1_225' title='bbox 575 2077 614 2115; x_wconf 90' lang='lat' dir='ltr'>hi</span> <span class='ocrx_word' id='word_1_226' title='bbox 659 2089 771 2127; x_wconf 80' lang='lat' dir='ltr'>reges</span> <span class='ocrx_word' id='word_1_227' title='bbox 808 2076 1034 2115; x_wconf 87' lang='lat' dir='ltr'>Latinorum</span> <span class='ocrx_word' id='word_1_228' title='bbox 1074 2089 1159 2115; x_wconf 88' lang='lat' dir='ltr'>esse</span> <span class='ocrx_word' id='word_1_229' title='bbox 1200 2084 1426 2129; x_wconf 82' lang='lat' dir='ltr'>coeperunt,</span> <span class='ocrx_word' id='word_1_230' title='bbox 1452 2085 1497 2116; x_wconf 88' lang='lat'>30</span> 
     </span>
     <span class='ocr_line' id='line_1_32' title="bbox 101 2134 1424 2186; baseline 0.001 -14"><span class='ocrx_word' id='word_1_231' title='bbox 101 2146 197 2184; x_wconf 90' lang='lat' dir='ltr'>quos</span> <span class='ocrx_word' id='word_1_232' title='bbox 229 2134 552 2184; x_wconf 85' lang='lat' dir='ltr'>cognominabant</span> <span class='ocrx_word' id='word_1_233' title='bbox 586 2135 740 2185; x_wconf 81' lang='lat' dir='ltr'>Silvios3</span> <span class='ocrx_word' id='word_1_234' title='bbox 773 2134 818 2172; x_wconf 91' lang='lat' dir='ltr'>ab</span> <span class='ocrx_word' id='word_1_235' title='bbox 852 2147 896 2172; x_wconf 91' lang='lat' dir='ltr'>eo</span> <span class='ocrx_word' id='word_1_236' title='bbox 930 2137 1091 2186; x_wconf 82' lang='lat' dir='ltr'>quippe,</span> <span class='ocrx_word' id='word_1_237' title='bbox 1124 2136 1189 2185; x_wconf 92' lang='lat' dir='ltr'>qui</span> <span class='ocrx_word' id='word_1_238' title='bbox 1222 2135 1322 2173; x_wconf 81' lang='lat' dir='ltr'>filius</span> <span class='ocrx_word' id='word_1_239' title='bbox 1355 2136 1424 2173; x_wconf 89' lang='lat' dir='ltr'>Ae-</span> 
     </span>
     <span class='ocr_line' id='line_1_33' title="bbox 97 2192 1424 2245; baseline 0.002 -16"><span class='ocrx_word' id='word_1_240' title='bbox 97 2204 191 2230; x_wconf 88' lang='lat' dir='ltr'>neae</span> <span class='ocrx_word' id='word_1_241' title='bbox 223 2193 374 2243; x_wconf 89' lang='lat' dir='ltr'>primus</span> <span class='ocrx_word' id='word_1_242' title='bbox 405 2192 531 2231; x_wconf 87' lang='lat' dir='ltr'>dictus</span> <span class='ocrx_word' id='word_1_243' title='bbox 564 2199 623 2231; x_wconf 88' lang='lat' dir='ltr'>est</span> <span class='ocrx_word' id='word_1_244' title='bbox 656 2192 808 2244; x_wconf 87' lang='lat' dir='ltr'>Silvius,</span> <span class='ocrx_word' id='word_1_245' title='bbox 840 2194 982 2231; x_wconf 83' lang='lat' dir='ltr'>ceteris</span> <span class='ocrx_word' id='word_1_246' title='bbox 1015 2192 1236 2232; x_wconf 86' lang='lat' dir='ltr'>subsecutis</span> <span class='ocrx_word' id='word_1_247' title='bbox 1268 2200 1307 2232; x_wconf 87' lang='lat' dir='ltr'>et</span> <span class='ocrx_word' id='word_1_248' title='bbox 1336 2206 1424 2245; x_wconf 88' lang='lat' dir='ltr'>pro-</span> 
     </span>
    </p>
   </div>
   <div class='ocr_carea' id='block_1_6' title="bbox 192 2291 624 2336">
    <p class='ocr_par' dir='ltr' id='par_1_7' title="bbox 192 2291 624 2336">
     <span class='ocr_line' id='line_1_34' title="bbox 192 2291 624 2336; baseline 0.002 -11"><span class='ocrx_word' id='word_1_249' title='bbox 192 2293 248 2335; x_wconf 87' lang='grc'>14)</span> <span class='ocrx_word' id='word_1_250' title='bbox 273 2291 382 2336; x_wconf 87' lang='lat' dir='ltr'>Verg.</span> <span class='ocrx_word' id='word_1_251' title='bbox 409 2291 484 2327; x_wconf 88' lang='lat' dir='ltr'>Ecl.</span> <span class='ocrx_word' id='word_1_252' title='bbox 512 2296 543 2334; x_wconf 82' lang='lat'>5,</span> <span class='ocrx_word' id='word_1_253' title='bbox 572 2297 624 2326; x_wconf 91' lang='lat'>11.</span> 
     </span>
    </p>
   </div>
  </div>
 </body>
</html>
