1611 2465
142 399 161 429 5

121 691 161 721 10

121 983 161 1013 15

120 1271 177 1305 20'

118 1567 160 1597 25

118 1859 137 1888 3
142 1860 162 1889 Ο

188 58 272 99 238
721 65 748 90 s.
767 65 986 91 Anscsnm

188 159 367 195 calamus
409 156 571 195 scribae
616 157 802 193 velociter
844 156 1067 194 scribentis
1140 155 1351 203 Specioszcs
1390 154 1526 203 forma

183 227 288 264 prae
327 217 424 262 filiis
468 215 690 257 homimcm;
735 213 886 260 diffusa
930 219 988 252 est
1020 215 1159 260 qratia
1199 216 1237 251 in
1278 214 1395 251 labiis
1435 215 1525 260 tuis,

184 279 403 322 propterea
451 274 655 310 benedixit
696 276 733 309 te
780 272 886 309 Deus
929 273 967 309 ῖη
1013 276 1228 310 aeternum.
1300 273 1527 319 Accinqere

185 334 367 380 ,olodiecm
408 336 518 369 tuum
557 332 671 368 circa
705 329 858 377 femur,
897 332 1168 379 potentissime
1206 332 1338 378 specle
1378 335 1448 368 tua
1489 335 1529 368 et

183 391 487 439 pulclerz'ludine
519 394 599 436 tua,
632 392 671 426 et
702 390 871 436 intende,
899 400 1093 437 prospere
1118 390 1298 437 procede
1329 393 1367 427 et
1397 400 1526 436 regma

183 453 352 497 propter
383 450 590 486 veritatem
629 451 666 485 et
702 448 1044 485 mansuetudinem
1076 451 1114 485 et
1144 449 1351 494 iustitiam,
1391 451 1429 485 et
1460 448 1524 485 de-

188 509 308 545 ducet
339 511 376 545 te
407 507 646 544 mirabiliter
685 507 854 544 dextera
887 511 966 543 tud.
1030 506 1212 553 Saqittae
1244 510 1337 544 tuae
1369 510 1526 553 acutae,

182 567 464 614 potentissime,
498 566 653 613 (populi
675 565 747 602 sub
780 569 817 602 te
848 565 1012 611 cadent)
1046 566 1087 602 z'n
1113 565 1240 602 corda
1272 565 1526 603 inimicorum

188 626 307 671 reyes.
369 624 492 662 Sedes
524 628 614 671 tua,
658 623 784 670 Deus,
828 624 867 661 in
899 625 1063 661 saecula
1095 624 1368 670 saeculorum,
1409 624 1526 671 virya

189 683 423 721 directionis
462 684 579 730 virqa
617 684 735 729 reqnz'
771 683 839 719 tui.
903 681 1090 719 Dilexisti
1127 683 1317 719 iustitiam
1358 686 1397 719 et
1435 682 1526 720 odio

187 742 365 779 habuisti
394 742 664 788 inz’quitatem;
690 744 909 789 propterea
936 741 1054 778 unxit
1084 744 1121 778 te
1146 739 1264 785 Deus,
1297 740 1403 778 Deus
1435 744 1526 777 tuus

187 801 271 838 oleo
304 801 561 838 emanationis
583 811 687 848 prae
707 799 978 847 participibus
1010 799 1098 836 tuis.
1162 798 1337 846 Myrrha
1370 803 1408 836 et
1435 802 1524 846 qut-

188 862 229 896 ta
268 863 307 896 et
343 860 456 896 casia
495 870 519 895 α
557 859 795 896 vestimentis
827 859 921 905 tuis,
961 869 985 895 a
1018 857 1198 895 domibus
1229 857 1438 901 ebzcrnez's;
1475 868 1527 894 ex

188 917 330 964 quibus
357 921 394 955 te
420 918 720 955 delectaverunt
739 917 852 961 filiae
876 927 1016 963 reglum
1048 917 1088 954 in
1120 916 1270 953 honore
1302 919 1379 953 tuo.
1430 913 1526 959 Quis

190 986 268 1012 non
300 974 363 1012 hic
396 974 611 1025 Christum,
650 986 766 1024 quem
804 973 1073 1024 praedicamus
1111 978 1150 1012 et
1180 974 1220 1011 in
1254 985 1370 1023 quem
1401 972 1525 1011 credi-

189 1045 294 1084 mus,
331 1032 543 1083 quamlibet
581 1034 630 1070 sit
675 1032 825 1083 tardus,
863 1038 1064 1083 agnoscat,
1102 1043 1190 1069 cum
1230 1031 1360 1069 audiat
1391 1030 1525 1079 Deum,

189 1092 301 1129 cuius
334 1091 447 1129 sedes
480 1096 539 1129 est
570 1092 610 1128 in
643 1090 794 1129 saecula
828 1090 1156 1141 saeculorum,·et
1189 1095 1347 1128 unctum
1381 1101 1401 1127 a
1435 1089 1526 1141 Deo,

191 1151 326 1199 utique
360 1151 461 1188 sieut
494 1150 631 1200 unguit
662 1149 777 1200 Deus,
809 1161 886 1187 non
919 1148 1078 1200 visibili,
1112 1149 1179 1186 sed
1213 1148 1377 1199 spiritali
1409 1153 1525 1198 atque

190 1207 431 1258 intellegibili
464 1205 703 1246 chrismate?
766 1207 860 1252 Quis
893 1209 996 1245 enim
1029 1213 1107 1245 tam
1144 1206 1252 1244 rudis
1292 1206 1422 1245 estin
1453 1206 1526 1245 hac

189 1265 376 1316 religione
410 1266 468 1304 vel
494 1272 571 1304 tam
611 1265 754 1303 surdus
787 1266 973 1304 adversus
999 1267 1083 1303 eius
1116 1265 1254 1302 famam
1286 1264 1399 1315 longe
1431 1264 1524 1303 late-

191 1336 265 1375 que
292 1324 483 1376 diffusam,
509 1329 552 1362 ut
573 1324 770 1362 Christum
796 1336 815 1362 a
837 1324 1056 1374 chrismate,
1082 1323 1156 1361 hoc
1183 1329 1242 1361 est
1267 1322 1314 1360 ab
1340 1324 1524 1361 unctione

189 1382 424 1433 appellatum
451 1395 535 1421 esse
568 1394 646 1420 non
679 1379 858 1420 noverit?
906 1383 1045 1432 Agnito
1079 1387 1206 1420 autem
1240 1393 1330 1432 rege
1359 1380 1525 1433 Christo,

188 1442 264 1479 iam
303 1447 456 1493 cetera,
501 1453 598 1491 quae
640 1440 702 1478 hic
741 1442 890 1491 tropice
930 1441 1032 1478 dicta
1070 1445 1181 1491 sunt,
1220 1451 1296 1490 quo
1329 1439 1443 1478 modo
1476 1441 1526 1478 sit

189 1501 391 1550 speciosus
425 1500 546 1537 forma
579 1511 670 1550 prae
703 1498 791 1537 filiis
823 1498 1036 1550 hominum,
1068 1497 1231 1549 quadam
1264 1503 1370 1536 tanto
1402 1499 1525 1549 magis

188 1558 348 1596 amanda
381 1563 495 1608 atque
528 1557 722 1609 miranda,
755 1563 897 1607 quanto
930 1558 1059 1596 minus
1091 1568 1278 1607 corporea
1309 1556 1523 1607 pulchritu-

189 1615 292 1667 dine,
326 1617 412 1666 quis
439 1615 588 1667 gladius
615 1617 711 1668 eius,
743 1627 840 1666 quae
868 1617 1040 1667 sagittae,
1072 1620 1110 1653 et
1142 1621 1272 1653 cetera
1303 1616 1377 1652 isto
1410 1614 1523 1653 modo

188 1685 266 1713 non
287 1676 457 1726 proprie,
489 1674 556 1713 sed
584 1675 733 1725 tropice
759 1676 885 1725 posita
911 1676 986 1712 iam
1013 1673 1192 1712 subditus
1219 1674 1265 1725 ei,
1297 1675 1364 1723 qui
1388 1678 1525 1724 regnat

187 1734 584 1783 propter·veritatem
611 1738 649 1770 et
680 1732 1020 1771 mansuetudinem
1052 1737 1091 1770 et
1121 1733 1322 1779 iustitiam,
1353 1732 1525 1782 inquirat

189 1803 235 1829 ex
267 1792 358 1829 otio,

307 1848 453 1887 Deinde
492 1849 654 1899 aspiciat
695 1850 779 1887 eius
821 1848 1023 1887 ecelesiam
1057 1853 1162 1886 tanto
1195 1848 1276 1885 viro
1309 1859 1380 1885 suo
1413 1849 1523 1898 spiri-

283 1963 339 2005 14)
365 1962 421 1996 Ps.
449 1965 505 2004 44,
531 1964 551 1995 2
579 1971 655 2004 sqq.
693 1944 695 1946 Ι

280 2094 302 2124 4
327 2090 452 2134 gladio
479 2091 541 2123 tuo
568 2088 618 2122 R¹
640 2090 690 2132 115
718 2090 756 2122 et
780 2088 844 2123 int.
871 2088 926 2130 Β,-
958 2088 1022 2123 int.
1050 2100 1069 2122 v
1089 2091 1101 2133 ss
1121 2092 1158 2123 et
1182 2100 1301 2133 prosp.
1330 2089 1364 2122 A
1383 2089 1395 2132 ΙΙ
1414 2090 1434 2122 8
1460 2098 1523 2132 po-

186 2136 393 2171 tentissime
420 2136 570 2177 RAF¹,-
595 2135 872 2180 potentissimae
901 2146 918 2169 v
944 2136 956 2179 ΙΙ
982 2135 1092 2170 corda
1115 2135 1169 2177 123
1197 2136 1305 2170 eorde
1331 2146 1349 2169 v
1370 2137 1420 2178 119
1448 2144 1522 2169 sae-

188 2184 311 2217 culum
342 2183 480 2217 saeculi
511 2183 546 2216 A
578 2193 640 2217 sec.
678 2181 802 2216 Graec.
841 2183 852 2225 ΙΙ
892 2186 933 2216 10
965 2181 1189 2227 directionis]
1223 2181 1419 2226 aequitatis
1454 2181 1489 2214 A
1513 2182 1525 2226 Η

187 2230 297 2264 odisti
322 2229 399 2263 AF
415 2231 426 2273 ΙΙ
449 2233 489 2263 12
516 2229 637 2264 oleum
663 2228 698 2263 A
723 2239 785 2263 sec.
814 2228 938 2263 Graec.
