1611 2465
146 120 232 160 574
686 129 711 155 s.
731 129 951 156 Auensnm

147 221 288 257 crimas
315 231 416 271 suas,
449 231 538 257 mox
570 230 591 257 a
623 219 826 257 daemonio
859 218 980 256 fuisse
1014 224 1196 257 sanatam.
1249 218 1337 257 Scio
1370 220 1485 258 etiam

146 279 374 329 episcopum
402 276 522 315 semel
554 289 626 328 pro
660 276 922 328 adulescente,
955 289 1072 327 quem
1104 289 1182 315 non
1215 277 1322 329 vidit,
1353 289 1485 316 orasse

143 336 331 386 illumque
365 335 453 373 ilico
487 335 674 373 daemone
707 337 890 374 caruisse.

263 394 358 432 Erat
402 393 557 444 quidam
597 406 717 432 senex
756 393 979 432 Florentius
1021 393 1298 445 Hipponiensis
1339 400 1486 447 noster,

99 460 119 490 5
145 452 260 491 homo
306 452 512 503 religiosus
564 458 602 491 et
652 464 817 504 pauper3
868 453 1029 490 sartoris
1074 464 1115 490 se
1159 458 1241 492 arte
1285 450 1502 505 pascebat,

146 511 315 549 casulam
348 510 573 562 perdiderat
611 517 649 550 et
692 511 795 549 unde
829 510 902 549 sibi
935 517 1083 549 emeret
1114 523 1192 549 non
1224 510 1407 563 habebat3
1439 511 1485 549 ad

144 571 279 619 viginti
311 575 520 621 martyres,
559 582 727 620 quorum
767 571 955 607 memoria
987 575 1046 608 est
1077 569 1178 619 apud
1210 581 1282 608 nos
1314 569 1485 608 celeber-

144 629 252 679 rima,
285 628 385 667 clara
413 640 507 666 voce
534 634 577 666 ut
602 630 813 666 vestiretur
838 629 971 666 oravit.
1032 627 1251 666 Audierunt
1277 640 1368 667 eum
1393 628 1485 666 adu-

145 686 339 725 lescentes
372 688 439 738 qui
470 687 572 725 forte
606 687 766 725 aderant
796 688 986 724 inrisores
1018 698 1185 737 eumque
1218 687 1485 725 discedentem

76 754 118 783 10
146 747 386 795 exagitantes
423 745 783 797 prosequebantur,
822 746 932 795 quasi
964 756 985 782 a
1016 744 1253 796 martyribus
1295 747 1484 796 quinqua-

144 816 266 854 genos
293 803 416 856 folles,
448 804 551 843 unde
578 805 854 842 vestimentum
881 809 1040 855 emeret,
1071 805 1285 854 petivisset.
1346 803 1395 842 At
1420 802 1485 842 ille

147 864 286 901 tacitus
320 861 521 901 ambulans
549 864 716 901 eiectum
749 861 935 913 grandem
967 863 1116 912 piscem
1146 862 1400 913 palpitantem
1432 863 1484 899 vi-

145 920 200 959 dit
238 922 276 958 in
315 921 428 959 litore
477 933 644 972 eumque
683 920 758 959 illis
797 919 1015 969 faventibus
1054 926 1170 971 atque
1215 919 1485 959 adiuvantibus

146 979 403 1029 adprehendit
430 985 469 1018 et
495 979 649 1018 cuidam
682 991 821 1031 coquO,
853 978 1009 1018 Cattoso
1042 980 1210 1031 nomine,
1241 978 1341 1018 bene
1375 978 1484 1018 Chri-

75 1044 116 1075 15
145 1039 291 1089 stiano,
329 1038 373 1075 ad
417 1040 623 1088 coquinam
661 1037 934 1089 conditariam,
971 1037 1146 1076 indicans
1194 1037 1287 1088 quid
1331 1043 1486 1088 gestum

145 1097 206 1148 sit,
239 1098 427 1134 trecentis
461 1096 617 1135 follibus
650 1096 838 1147 vendidit,
869 1096 995 1134 lanam
1027 1108 1253 1147 comparare
1285 1096 1375 1134 inde
1408 1096 1484 1134 dis-

143 1167 306 1206 ponens,
339 1161 381 1193 ut
413 1167 512 1193 uxor
538 1157 622 1193 eius
656 1167 732 1205 quo
765 1154 879 1192 modo
912 1161 1044 1205 posset
1075 1156 1111 1193 ei
1143 1167 1220 1205 quo
1252 1154 1485 1193 indueretur

145 1213 330 1251 efficeret.
400 1213 476 1251 Sed
515 1225 665 1263 coquus
703 1212 913 1251 concidens
950 1214 1098 1263 piscem
1130 1213 1288 1252 anulum
1322 1224 1485 1252 aureum

144 1274 183 1309 in
224 1271 442 1310 ventriculo
484 1273 568 1310 eius
606 1273 755 1309 invenit
792 1283 959 1321 moxque
999 1273 1248 1310 miseratione
1289 1271 1414 1310 flexus
1446 1276 1486 1309 et

74 1338 117 1367 20
144 1330 331 1380 religione
368 1332 605 1381 perterritus
643 1329 791 1368 homini
830 1341 920 1367 eum
961 1329 1130 1368 reddidit
1167 1330 1318 1369 dicens:
1356 1329 1484 1383 „Ecce

144 1401 219 1439 quo
254 1389 368 1426 modo
401 1394 438 1427 te
472 1390 607 1439 viginti
638 1394 829 1439 martyres
862 1384 1115 1426 vestierunt.“

260 1447 316 1485 Ad
362 1459 480 1497 aquas
525 1447 751 1485 Tibilitanas
804 1448 986 1497 episcopo
1038 1446 1238 1485 adferente
1280 1446 1483 1485 Praeiecto

143 1507 325 1557 martyris
363 1505 633 1557 gloriosissimi
666 1504 853 1556 Stephani
895 1507 1081 1543 memoria
1114 1505 1292 1544 veniebat
1323 1517 1483 1556 magnae

145 1564 406 1603 multitudinis
448 1576 644 1603 concursu
689 1570 728 1602 et
768 1576 946 1602 occursu.
1009 1563 1066 1602 Ibi
1098 1576 1212 1602 caeca
1243 1563 1400 1616 mulier,
1440 1569 1485 1602 ut

73 1630 116 1660 25
144 1623 190 1662 ad
232 1624 461 1674 episcopum
500 1629 722 1674 portantem
762 1622 995 1674 duceretur,
1034 1624 1174 1674 oravit,
1215 1622 1351 1674 ssoreS,
1384 1634 1483 1673 quos

144 1681 312 1734 ferebat,
345 1681 468 1733 dedit,
507 1683 673 1733 recepit,
719 1680 841 1719 oculis
874 1681 1042 1719 admovit
1076 1703 1129 1708 —
1163 1682 1344 1732 protinus
1376 1681 1481 1719 vidit.

145 1739 401 1791 Stupentibus
435 1742 501 1790 qui
534 1740 694 1778 aderant
731 1739 906 1790 praeibat
945 1739 1142 1791 exultans,
1185 1740 1286 1777 viam
1318 1751 1482 1790 carpens

144 1804 182 1837 et
214 1800 295 1837 viae
328 1798 469 1837 ducem
501 1798 667 1837 ulterius
699 1810 777 1836 non
809 1799 1027 1848 requirens.

260 1857 464 1895 Meinorati
495 1858 721 1895 memoriam
748 1858 940 1908 martyris,
973 1868 1069 1906 quae
1102 1858 1227 1907 posita
1258 1862 1319 1895 est
1347 1857 1388 1894 in
1421 1868 1481 1894 ca-

75 1924 116 1953 30
144 1915 255 1954 stello
296 1915 503 1967 Sinitensi,
545 1915 649 1965 quod
688 1914 945 1965 Hipponiensi
986 1914 1159 1953 coloniae
1200 1916 1371 1953 vicinum
1412 1920 1483 1966 est,

143 1974 317 2012 eiusdem
349 1974 425 2012 loci
457 1973 629 2012 Lucillus
661 1975 867 2024 episcopus
899 1973 1042 2024 populo
1073 1972 1332 2024 praecedente
1365 1978 1481 2023 atque

143 2038 331 2082 sequente
365 2032 554 2083 portabat.
617 2031 780 2083 Fistula,
823 2033 934 2069 cuius
966 2031 1142 2070 molestia
1173 2033 1249 2069 iam
1281 2031 1347 2069 diu
1378 2030 1481 2069 labo-

236 2161 257 2190 4
283 2156 531 2201 Hipponensis
557 2168 577 2191 v
602 2159 614 2201 ΙΙ
641 2160 684 2190 14
711 2155 844 2190 Catoso
870 2167 889 2189 v
915 2157 928 2201 ΙΙ
952 2160 996 2190 22
1024 2155 1196 2190 efferente
1221 2155 1258 2189 R
1282 2157 1294 2200 ΙΙ
1319 2159 1362 2190 23
1388 2166 1481 2190 mar-

139 2203 233 2247 tyris
260 2203 352 2245 RA,·
378 2203 554 2248 reliquias
583 2205 689 2238 mart.
717 2214 736 2237 v
773 2205 785 2247 ΙΙ
821 2202 1000 2237 memoria
1025 2204 1086 2243 A‚·
1111 2202 1327 2236 memoriam
1352 2201 1408 2243 Β,-
1434 2201 1482 2236 acl

141 2249 464 2302 eins-memoriam
490 2262 510 2285 v
548 2252 559 2295 Η
597 2254 641 2284 24
674 2261 868 2285 concursus
901 2251 938 2284 et
971 2260 1141 2284 occursus
1166 2260 1186 2283 v
1223 2250 1235 2293 ΙΙ
1272 2253 1316 2284 30
1342 2248 1480 2293 Hippo-

141 2308 245 2331 uens]
271 2308 289 2331 'U
