1548 2562
406 94 456 118 DE
477 93 666 119 CIVITATE
684 93 754 118 DEI
773 93 806 118 L.
826 93 905 119 XVI.
925 94 954 119 C.
974 94 1016 119 42.
1035 94 1077 119 43.
1234 107 1236 110 ’
1330 83 1410 124 193

82 183 259 220 venerint
296 181 341 219 de
380 182 526 219 semine
565 181 685 233 Esau,
724 182 789 220 sed
828 182 1016 233 Idumaei,
1056 194 1127 220 nec
1171 181 1411 220 Christianae

81 245 216 291 gentes
248 239 293 277 de
326 238 456 291 Iacob,
494 239 561 278 sed
593 241 722 290 potius
754 240 901 291 Iudaei,
940 240 985 278 ad
1017 240 1090 278 hoc
1122 242 1230 279 enim
1260 245 1411 278 tantum

79 299 202 348 figura
242 297 376 349 valuit,
413 297 515 348 quod
556 297 702 336 dictum
729 304 814 337 est:
858 300 994 346 Maior
1035 302 1181 338 serviet
1226 294 1412 350 minori):

79 358 130 394 ita
171 357 315 394 factum
354 361 413 393 est
450 357 564 393 etiam
596 358 636 394 in
667 356 819 395 duobus
850 357 937 395 filiis
969 357 1123 409 Ioseph,
1162 370 1256 396 nam
1289 359 1411 395 maior

80 416 200 465 gessit
248 419 381 465 typum
431 414 687 466 Iudaeorum,
737 414 1045 454 Chr-istianomm
1094 422 1224 455 autem
1273 417 1410 454 minor.
1437 423 1457 454 5

81 472 186 517 Quos
218 484 306 510 cum
337 472 587 510 benediceret
612 472 737 524 Iacob,
772 485 927 512 manum
959 474 1134 513 dextram
1165 486 1316 526 ponens
1347 487 1409 512 su-

78 543 148 581 per
179 532 368 568 minorem
394 543 515 580 quem
547 530 712 569 habebat
746 531 791 569 ad
824 533 1032 584 sinistram,
1065 535 1261 571 sinistlam
1293 544 1411 584 super

80 590 266 627 maimem
291 601 408 639 quem
433 588 598 627 habebat
622 589 666 627 ad
695 589 888 628 dextram:
920 602 1033 640 grave
1061 592 1187 629 visum
1219 597 1279 630 est
1310 592 1410 642 patri

80 659 231 697 eorum,
270 653 308 685 et
339 647 538 685 admonuit
567 652 718 698 patrem
749 647 853 686 velut
885 650 1085 699 corrigens
1118 652 1202 688 eius
1233 661 1409 687 errorem

79 711 117 744 et
142 707 320 756 quisnam
346 717 482 744 eorum
509 710 613 744 esset
644 707 766 744 maior
798 706 1019 745 ostendens.
1082 707 1129 746 At
1160 708 1223 746 ille
1256 714 1407 746 mutare
1437 715 1478 744 10

79 775 215 802 manus
246 763 385 814 noluit,
418 763 484 801 sed
518 763 634 802 dixit:
674 765 783 811 Scio,
811 767 890 813 fili,
922 767 1014 803 scio.
1079 766 1131 803 Et
1161 768 1228 805 hic
1260 770 1339 805 erit
1365 769 1409 818 in

75 825 273 871 populum,
307 828 345 861 et
368 824 437 860 hic
459 824 705 861 exaltabitur
712 837 727 867 ;
757 825 830 861 sed
848 823 984 871 frater
1011 826 1095 861 eius
1122 826 1255 863 iunior
1280 827 1410 863 maior

79 883 143 919 illo
194 883 286 927 erit,
331 886 368 919 el
402 892 532 918 semen
577 883 661 919 eius
698 883 776 920 erit
813 884 852 919 ῖη
890 884 1180 921 multitudinem
1218 886 1407 930 qentium.

78 938 203 977 Etiam
247 938 308 976 hic
352 938 428 976 duo
472 939 533 976 illa
576 941 766 989 promissa
810 940 1060 978 demonstrat.
1123 940 1218 978 Nam
1260 941 1323 979 ille
1369 945 1409 980 m

74 1000 280 1046 populum,
312 999 384 1035 iste
418 999 457 1035 in
488 1000 776 1036 mullitude'nem
806 1001 993 1046 qentz'zcm.
1019 994 1022 997 ’
1057 999 1157 1044 Quid
1191 999 1408 1038 evidentius
1436 1006 1477 1037 15

79 1067 193 1106 quam
218 1055 278 1093 his
303 1054 452 1093 duabus
477 1055 800 1106 promissionibus
827 1058 1019 1095 contineri
1044 1057 1231 1108 populum
1257 1057 1406 1097 Israeli-

78 1120 204 1152 tarum
244 1113 455 1164 orbemque
497 1119 691 1152 terrarum
722 1116 761 1152 in
793 1116 940 1153 semine
972 1115 1164 1167 Abrahae,
1208 1116 1317 1154 illum
1349 1129 1407 1155 se-

77 1172 248 1211 cundum
279 1184 453 1223 carnem,
484 1174 601 1211 istum
633 1173 848 1211 secundum
880 1172 1025 1212 fidem?

567 1297 723 1339 CAPUT
759 1298 912 1339 XLIII.

78 1386 137 1422 De
174 1385 414 1432 temporibus
451 1383 584 1432 Moyse·
622 1388 660 1422 et
704 1384 793 1422 Iesu
833 1385 942 1422 Nave
982 1396 1032 1422 ac
1070 1385 1247 1423 iudicum
1288 1389 1408 1433 atque
1433 1392 1477 1423 20

77 1443 169 1481 inde
199 1454 349 1490 requm,
381 1453 548 1489 quorum
580 1443 736 1489 quidem
763 1443 863 1480 Saul
887 1444 1043 1491 primus
1075 1447 1143 1490 est,
1174 1445 1247 1481 sed
1277 1444 1411 1482 David

218 1503 463 1549 praecipuus
494 1505 532 1538 et
561 1506 812 1539 sacramento
845 1502 1015 1539 habelur
1047 1505 1085 1539 et
1103 1504 1264 1540 merito.

194 1582 383 1620 Defuncto
421 1571 551 1633 iacob,
589 1582 771 1620 defuncto
810 1583 924 1619 etiam
957 1581 1095 1632 Ioseph
1133 1594 1203 1632 per
1235 1583 1408 1633 reliquos

78 1646 233 1679 centum
275 1640 525 1690 quadraginta
572 1645 754 1690 quattuor
795 1652 935 1691 annos,
980 1639 1103 1678 donec
1144 1634 1318 1679 exiretur
1351 1642 1405 1680 -de

78 1705 183 1737 terra
219 1699 398 1750 Aegypti,
449 1700 488 1736 in
534 1698 690 1736 modum
730 1698 997 1736 incredibilem
1034 1698 1095 1736 illa
1137 1711 1232 1749 gens
1273 1702 1405 1750 crevit,
1434 1709 1476 1739 25

79 1758 192 1795 etiam
232 1758 348 1795 tantis
380 1756 905 1808 adtritapersecutionibus,
943 1762 986 1794 ut
1024 1757 1190 1806 quodam
1229 1763 1404 1808 tempore

79 1817 157 1853 nati
194 1814 352 1853 masculi
391 1820 642 1866 necarentur,
684 1827 771 1853 cum
815 1816 1002 1853 mirantes
1039 1815 1248 1866 Aegyptios
1290 1818 1406 1855 nimia

77 1873 210 1924 populi
245 1872 347 1911 illius
384 1874 622 1911 incrementa
665 1878 868 1911 terrerent.
930 1872 1039 1911 Tunc
1072 1873 1222 1924 Moyses
1255 1874 1405 1913 subtra—
1437 1891 1441 1896 ·

77 1937 163 1970 ctus
201 1932 305 1970 furto
342 1931 645 1970 trucidatoribus
683 1931 932 1982 parvulorum
971 1931 1016 1969 ad
1058 1932 1215 1970 domum
1247 1935 1404 1985 regiam,

79 1991 247 2045 ingentia
283 2001 353 2040 per
392 2001 481 2028 eum
518 1989 597 2027 Deo
634 1995 906 2041 praeparante,
944 1991 1121 2040 pervenit
1152 1992 1402 2042 nutritusque
1431 2001 1474 2031 30

170 2080 205 2122 3)
231 2078 318 2113 Gen.
345 2082 401 2121 25,
427 2082 481 2112 23.
533 2080 589 2122 13)
616 2078 703 2113 Gen.
731 2082 787 2121 48,
815 2082 868 2112 19.

117 2253 139 2287 d
173 2211 188 2240 1
224 2206 267 2241 de
306 2206 468 2248 VRAF,·
500 2217 543 2241 ex
566 2217 587 2241 v
623 2208 635 2251 ΙΙ
672 2210 693 2240 4
719 2206 829 2241 etiam
855 2218 919 2242 om
959 2207 993 2241 V
1025 2209 1037 2251 ΙΙ
1074 2212 1115 2241 21
1149 2208 1234 2242 inde
1259 2209 1314 2250 F;
1347 2221 1403 2244 ex-

77 2253 115 2287 in
142 2263 160 2287 e
185 2264 206 2288 v

148 2325 221 2344 Auo.
241 2325 282 2343 nn
302 2324 361 2344 crv.
381 2325 444 2344 nm.
481 2318 521 2344 Π.
1084 2317 1124 2347 13
