1611 2465
66 702 107 732 10

68 994 109 1024 15

67 1286 112 1317 20

69 1576 112 1607 25

71 1868 115 1898 30

132 70 217 111 304
678 75 703 100 s.
724 73 940 101 AUGUSTLNI

132 168 236 207 nulla
280 169 355 206 iam
400 167 525 218 posui.
587 164 839 214 Prophetavit
881 168 1010 201 autem
1054 168 1242 213 regnante
1287 162 1385 201 {osia
1429 163 1469 200 in

131 226 375 265 Hierusalem
415 230 453 262 et
490 222 590 274 apud
624 222 818 260 Romanos
855 221 962 259 Anco
994 220 1157 273 Marcio,
1194 222 1269 259 iam
1312 222 1469 272 propin-

133 291 275 336 quante
303 284 524 334 captivitate
551 280 794 319 Iudaeorum.
857 279 1040 318 Tetendit
1065 284 1193 318 autem
1226 279 1471 330 prophetiam

132 355 257 393 usque
291 343 336 380 ad
370 342 550 391 quintum
587 351 763 378 mensem
801 339 1051 389 captivitatis,
1088 339 1190 376 sicut
1222 340 1261 376 in
1295 339 1379 376 eius
1410 337 1470 376 lit-

134 404 228 440 teris
272 401 502 438 invenimus.
583 397 800 448 Sophonias
844 402 972 435 autem
1016 408 1119 435 unus
1163 396 1209 434 de
1254 395 1472 434 minoribus

133 460 357 509 adiungitur
390 459 437 496 ei.
498 456 595 494 Nam
634 462 673 494 et
703 458 786 507 ipse
818 457 858 494 in
890 455 1028 494 diebus
1060 454 1182 492 losiae
1215 454 1471 506 prophetasse

134 530 174 557 se
207 517 317 568 dicit;
351 516 418 554 sed
452 527 668 566 quousque,
700 527 778 553 non
810 514 913 552 dicit.
975 513 1226 564 Prophetavit
1257 525 1350 563 ergo
1382 512 1471 552 Hie-

133 577 275 614 remias
319 587 397 613 non
442 573 567 612 solum
605 574 701 611 Anci
739 573 891 624 Marcii,
935 584 1071 610 verum
1116 573 1231 610 etiam
1270 571 1473 622 Tarquinii

135 635 259 673 Prisci
296 632 560 684 temporibus,
599 643 714 682 quem
746 631 909 669 Romani
946 629 1169 668 habuerunt
1201 631 1380 680 quintum
1412 642 1472 668 re·

134 705 232 744 gem.
294 691 380 743 Ipse
415 692 530 742 enim,
561 690 715 740 quando
748 689 810 728 illa
842 690 1042 740 captivitas
1075 689 1174 726 facta
1206 694 1278 740 est,
1308 700 1472 739 regnare

134 753 209 789 iarn
254 755 447 802 coeperat.
521 748 765 799 Prophetans
809 760 902 798 ergo
946 747 993 785 de
1039 746 1194 785 Christo
1238 746 1473 786 Hieremias:

135 811 328 859 Spiritus,
360 809 499 859 inquit,
531 810 614 846 oris
645 809 774 846 nostri
809 807 987 845 Christus
1020 807 1211 844 Dominus
1243 811 1385 854 captus
1416 810 1476 844 est

134 871 176 907 in
215 869 396 917 peccatis
440 868 604 918 nostris,
642 867 697 904 sic
734 865 905 903 breviter
947 863 1156 903 ostendens
1196 869 1234 902 et
1272 863 1473 903 dominum

136 933 315 965 nostrum
348 925 548 963 Christum
591 929 630 962 et
661 935 819 975 passum
850 935 936 962 esse
969 935 1041 974 pro
1073 922 1198 961 nobis.
1259 922 1356 961 Item
1388 922 1473 961 loco

137 985 228 1023 alio:
266 985 344 1023 Hic
376 985 484 1022 Deus
523 995 651 1029 meus,
690 984 833 1033 inquit,
877 982 915 1022 et
951 994 1030 1020 non
1062 982 1340 1020 aestimabitur
1371 983 1474 1020 alter

137 1046 193 1083 ad
229 1055 317 1082 eum
328 1057 342 1088 ,·
384 1044 455 1090 qui
492 1043 643 1080 invenit
680 1052 829 1079 omnem
868 1043 971 1079 viam
1006 1042 1251 1089 prudentiae
1289 1045 1327 1079 et
1365 1041 1476 1079 dedit

137 1114 223 1141 eam
252 1102 374 1140 Iacob
403 1111 530 1149 puero
561 1111 632 1139 suo
665 1105 703 1138 et
729 1100 862 1137 Israel
892 1101 1034 1137 dilecto
1065 1110 1158 1144 suo,·
1186 1104 1276 1147 post
1305 1099 1406 1138 haec
1433 1101 1474 1137 in

137 1166 251 1199 terra
291 1162 396 1197 visus
435 1163 493 1197 est
529 1162 566 1196 et
598 1169 687 1196 cum
718 1159 940 1196 hominibus
972 1162 1230 1195 conversatus
1262 1162 1330 1195 est.
1391 1156 1473 1195 Hoc

137 1219 406 1257 testimonium
438 1216 593 1267 quidam
627 1228 703 1254 non
736 1215 972 1266 Hieremiae,
1011 1215 1078 1253 scd
1110 1214 1258 1253 scribae
1292 1216 1377 1253 eius
1409 1214 1472 1253 ad-

138 1277 330 1329 tribuunt,
362 1276 429 1326 qui
460 1274 668 1313 vocabatur
694 1273 864 1325 Baruch,
897 1274 965 1312 sed
991 1273 1207 1311 Hieremiae
1241 1273 1474 1312 celebratius

138 1335 315 1374 hahetur.
383 1333 535 1372 Rursus
573 1332 676 1371 idem
714 1332 903 1383 propheta
941 1332 989 1370 de
1026 1333 1129 1383 ipso:
1170 1332 1296 1379 Ecce,
1334 1333 1474 1384 inquit,

139 1396 224 1433 dies
261 1395 439 1439 veniunt,
484 1394 543 1430 ait
579 1392 786 1437 Dominus,
830 1396 870 1429 et
904 1392 1105 1429 suscitabo
1143 1391 1277 1429 David
1308 1402 1474 1438 yermen

139 1455 295 1498 iustum,
329 1456 367 1490 et
391 1451 581 1506 reynabit
603 1462 680 1489 rex
706 1455 744 1488 et
767 1452 926 1499 sapiens
953 1451 1031 1488 erit
1055 1454 1093 1488 et
1119 1449 1249 1497 saciet
1279 1451 1473 1488 iudicium

140 1517 178 1550 et
214 1512 405 1549 iustitiam
448 1511 490 1547 in
529 1514 652 1547 terra.
716 1509 764 1547 In
805 1509 943 1547 diebus
976 1510 1052 1546 illis
1083 1508 1305 1546 salvabitur
1337 1508 1473 1555 Iudas,

140 1575 177 1608 et
209 1569 341 1607 Israel
369 1568 568 1606 habitabit
598 1568 867 1613 confidentem
907 1571 946 1605 et
975 1568 1051 1605 hoc
1082 1572 1141 1605 est
1170 1578 1329 1617 nomen,
1368 1568 1477 1614 quod

140 1628 340 1666 vocabunt
388 1637 496 1664 eum:
547 1626 739 1664 Dominus
789 1627 915 1663 iustus
963 1629 1107 1663 noster.
1170 1623 1224 1662 De
1274 1626 1474 1663 vocatione

140 1688 255 1724 etiam
287 1686 473 1735 gentium,
505 1696 602 1734 quae
636 1684 762 1722 suerat
794 1684 924 1721 sutura
956 1689 995 1721 et
1027 1694 1111 1721 eam
1143 1694 1246 1721 nunc
1278 1682 1475 1733 impletam

140 1745 349 1794 cernimus,
382 1743 437 1780 sic
463 1742 616 1780 locutus
643 1747 719 1780 est:
751 1742 918 1780 Domine
943 1742 1051 1780 Deus
1076 1753 1185 1780 meus
1210 1746 1248 1779 et
1273 1741 1475 1789 refugium

140 1814 267 1841 meum
300 1804 340 1840 in
373 1802 437 1838 die
468 1803 674 1847 malorum,
706 1802 763 1839 aa'
792 1805 829 1838 te
857 1805 996 1848 §entes
1027 1802 1184 1838 venient
1214 1800 1264 1837 ab
1297 1805 1475 1838 extremo

142 1866 279 1900 terrae
305 1864 343 1898 et
367 1861 523 1897 dicent:
564 1859 664 1897 Vere
695 1860 907 1897 mendacia
940 1860 1151 1896 coluerunt
1177 1863 1317 1906 patres
1347 1860 1477 1896 nostri

140 1921 380 1964 simulacra,
425 1922 462 1955 et
505 1928 584 1955 non
621 1922 678 1954 est
716 1919 756 1955 in
795 1918 872 1954 illis
908 1918 1072 1954 utilitas.
1135 1915 1231 1960 Ouia
1272 1927 1364 1953 vero
1397 1927 1474 1954 non

142 1982 252 2015 erant
284 1988 373 2014 eum
406 1976 575 2024 agnituri
606 1974 756 2025 Iudaei,
787 1986 807 2011 a
840 1973 982 2023 quibus
1014 1985 1104 2012 eum
1136 1979 1174 2011 et
1206 1973 1330 2011 occidi
1361 1985 1474 2025 opor-

236 2067 269 2108 7)
297 2065 455 2109 Sophon.
491 2068 527 2106 1,
563 2067 591 2097 1.
644 2064 700 2104 13)
726 2062 859 2097 Thren.
886 2067 924 2103 4,
956 2066 1011 2096 20.
1066 2064 1120 2106 18)
1147 2062 1228 2098 Bar.
1254 2066 1293 2106 3,
1326 2066 1370 2097 36
1397 2074 1474 2106 sqq.

142 2116 200 2155 26)
226 2112 323 2146 Hier.
351 2115 407 2153 23,
435 2115 454 2144 5
483 2122 534 2154 sq.
586 2111 644 2152 31)
670 2109 769 2143 Hier.
798 2113 852 2151 16,
883 2113 933 2143 19.

234 2244 279 2273 24
304 2239 408 2273 iudas
433 2238 504 2272 ΕΑ
529 2240 633 2280 (253,
660 2240 732 2278 29;
757 2237 857 2271 Neue
883 2237 966 2281 ΙΙ).
994 2240 1098 2280 608);
1124 2236 1221 2271 Juda
1245 2236 1304 2271 Fv
