1611 2465
82 818 122 847 10

83 1108 122 1137 15

81 1691 124 1721 25

82 1984 124 2014 30

82 2276 125 2304 3:⁹⁷)

145 101 230 141 338
686 108 712 133 s.
732 108 948 134 AUGUS'HNI

680 228 836 271 CAPUT
863 229 953 271 LII.

145 317 207 354 An
241 316 486 354 credendum
523 316 591 362 sit,
629 316 737 363 quod
765 316 929 362 quidam
955 319 1118 364 putant,
1151 316 1319 364 impletis
1352 315 1487 353 decem

195 375 555 423 persecutionibus,
588 385 692 421 quae
718 372 899 422 fuerunt,
931 376 1080 412 nullam
1112 375 1189 412 iam
1222 384 1429 422 superesse

288 436 458 481 praeter
488 433 753 479 undecimam,
785 443 889 480 quae
921 433 961 470 in
995 434 1077 480 ipso
1108 433 1349 470 Antichrz'stz'

594 495 769 539 tempore
799 492 851 528 sit
878 489 1033 538 futura.

263 572 433 610 Proinde
460 584 509 610 ne
536 572 631 611 illud
662 572 819 623 quidem
852 577 999 610 temere
1032 577 1126 622 puto
1160 584 1246 610 esse
1278 571 1488 610 dicendum

148 633 227 669 sive
273 630 534 682 credendum,
580 630 682 681 qnod
729 630 926 668 nonnullis
964 632 1089 668 visum
1129 636 1188 668 est
1226 630 1285 668 vel
1324 629 1488 681 videtur,

147 702 225 727 non
263 689 429 740 amplius
467 686 915 740 ecclesiam'passuram
955 691 1251 739 persecutiones
1284 700 1409 739 usque
1441 688 1488 726 ad

148 753 304 799 tempus
337 748 586 799 Antichristi,
625 759 740 798 quam
773 752 868 797 quot
899 748 974 785 iam
1005 759 1117 798 passa
1150 753 1229 799 est,
1259 746 1298 785 id
1331 752 1391 785 est
1423 746 1487 785 de-

149 819 246 858 cem,
278 812 322 845 nt
353 806 559 844 undecima
591 806 804 856 eademque
836 807 1044 843 novissima
1077 807 1127 844 sit
1158 805 1204 843 ab
1235 805 1487 844 Antichristo.

149 865 317 903 Primam
357 867 500 915 quippe
540 869 766 915 computant
798 876 816 901 a
850 863 1004 902 Nerone
1044 876 1142 914 quae
1180 864 1280 902 sacta
1311 869 1388 916 est,
1429 875 1487 902 se·

149 923 316 961 cundam
349 935 367 961 a
401 923 636 974 Domitiano,
669 935 688 961 a
721 922 886 960 Traiano
919 924 1093 974 tertiam,
1125 929 1303 972 quartam
1334 921 1382 960 ab
1413 922 1487 960 An-

149 983 302 1034 tonino,
347 994 367 1019 a
401 981 544 1019 Severo
578 983 771 1033 quintam,
816 987 963 1019 sextam
996 993 1015 1018 a
1048 980 1273 1032 Maximino,
1318 993 1338 1018 a
1369 980 1487 1019 Decio

150 1041 366 1091 septimam,
399 1046 572 1078 octavam
599 1052 619 1078 a
645 1039 859 1090 Valeriano,
892 1039 938 1077 ab
965 1039 1172 1077 Aureliano
1199 1051 1353 1091 nonam,
1385 1039 1486 1078 deci·

150 1111 251 1137 mam
284 1111 304 1136 a
336 1098 574 1136 Diocletiano
608 1103 647 1136 et
677 1098 919 1136 Maximiano.
980 1097 1115 1148 Plagas
1149 1099 1251 1135 enim
1283 1099 1486 1148 Aegyptio-

149 1169 254 1208 rum,
293 1158 475 1208 quoniam
513 1157 649 1195 decem
693 1157 872 1208 suerunt,
914 1161 1119 1206 autequam
1162 1157 1267 1194 exire
1308 1155 1399 1194 inde
1430 1157 1487 1194 in-

150 1218 298 1266 ciperet
338 1215 506 1266 populus
550 1215 644 1266 Dei,
688 1220 826 1265 putant
875 1213 921 1252 ad
965 1214 1068 1252 hunc
1113 1214 1357 1252 intellectum
1402 1227 1486 1253 esse

150 1274 392 1325 referendas,
436 1279 480 1312 ut
512 1275 718 1312 novissima
751 1272 981 1311 Antichrisli
1011 1274 1234 1323 persecutio
1267 1274 1403 1311 similis
1435 1275 1486 1312 vi—

149 1332 287 1371 deatur
319 1332 547 1371 undecimae
580 1332 725 1383 plagae,
758 1344 832 1381 qua
860 1332 1047 1382 Aegyptii,
1079 1331 1171 1369 dum
1203 1331 1397 1370 hostiliter
1428 1343 1486 1370 se·

150 1397 368 1442 querentur
406 1390 622 1442 Hebraeos,
661 1392 699 1428 in
740 1391 836 1428 mari
868 1389 1002 1427 Rubro
1035 1389 1178 1440 populo
1211 1389 1281 1428 Dei
1311 1402 1383 1441 per
1414 1392 1486 1428 sic—

151 1462 239 1488 cum
290 1455 518 1488 transeunte
567 1451 782 1500 perierunt.
846 1447 922 1486 Sed
972 1460 1042 1498 ego
1092 1447 1155 1486 illa
1204 1460 1246 1486 re
1296 1454 1404 1499 gesta
1446 1450 1487 1487 in

149 1509 323 1559 Aegypto
370 1510 463 1546 istas
508 1509 804 1558 persecutiones
848 1506 1076 1557 prophetice
1122 1507 1355 1556 significatas
1400 1519 1486 1546 esse

150 1579 228 1605 non
266 1566 453 1617 arbitror3
495 1568 669 1618 quamvis
708 1566 754 1604 ab
787 1567 861 1616 eis,
894 1566 960 1615 qui
992 1565 1065 1602 hoc
1097 1571 1252 1616 putant,
1294 1567 1485 1616 exquisite

151 1632 188 1664 et
220 1627 420 1675 ingeniose
453 1624 515 1662 illa
549 1625 700 1675 singula
732 1624 791 1662 his
824 1623 987 1673 singulis
1019 1629 1240 1674 comparata
1272 1624 1487 1676 videantur,

151 1696 229 1722 non
267 1683 496 1734 prophetico
538 1685 697 1735 spiritu,
739 1682 806 1721 sed
844 1683 1070 1720 coniectura
1112 1683 1252 1720 mentis
1284 1682 1486 1734 humanae,

151 1754 248 1793 quae
282 1742 487 1792 aliquando
520 1742 567 1780 ad
600 1754 734 1780 verum
766 1742 955 1792 pervenit,
987 1740 1192 1791 aliquando
1224 1740 1380 1780 fallitur.

269 1800 369 1845 Quid
403 1801 526 1851 enim,
572 1802 638 1851 qui
678 1800 750 1837 hoc
783 1801 978 1848 sentiunt,
1022 1799 1165 1837 dicturi
1197 1804 1289 1837 sunt
1319 1799 1366 1837 de
1399 1811 1484 1850 per-

151 1861 372 1910 secutione,
404 1870 479 1908 qua
510 1860 593 1909 ipse
626 1857 814 1895 Dominus
848 1858 1057 1895 crucifixus
1090 1855 1178 1895 est‘?
1208 1859 1248 1894 in
1287 1869 1363 1907 quo
1403 1869 1485 1896 eam

152 1930 315 1956 numero
342 1915 537 1968 posituri?
601 1916 641 1954 Si
673 1922 802 1954 antem
834 1915 903 1953 hac
938 1921 1097 1965 excepta
1130 1916 1352 1953 existimant
1382 1927 1485 1954 com-

151 1976 387 2027 putandum,
419 1980 615 2025 tamquam
647 1974 732 2012 illae
767 1973 1026 2011 numerandae
1059 1975 1153 2024 sint,
1193 1985 1289 2023 quae
1322 1973 1368 2012 ad
1401 1986 1484 2012 cor-

151 2047 224 2085 pus
251 2036 460 2085 pertinent,
494 2046 570 2071 non
602 2045 676 2083 qua
709 2034 835 2083 ipsum
868 2037 984 2082 caput
1015 2037 1071 2069 est
1106 2033 1319 2082 appetitum
1352 2038 1391 2071 et
1421 2044 1483 2071 oc-

151 2094 295 2130 cisum:
340 2092 431 2142 quid
471 2098 584 2142 agent
622 2091 669 2129 de
708 2091 790 2142 illa,
829 2102 947 2142 quae,
989 2095 1122 2140 postea
1161 2102 1275 2140 quam
1308 2090 1485 2129 Christus

152 2151 325 2189 ascendit
370 2152 408 2188 in
455 2150 626 2201 caelum,
670 2149 948 2199 Hierosolymis
986 2150 1084 2186 l'acta
1123 2155 1198 2200 est,
1242 2148 1306 2186 uhi
1348 2148 1485 2188 beatus

154 2208 374 2259 Stephanus
407 2208 597 2259 lapidatus
631 2213 709 2260 est,
751 2207 817 2245 ubi
850 2206 1012 2245 lacobus
1045 2208 1165 2245 frater
1197 2206 1377 2245 Iohannis
1408 2207 1483 2257 gla-

152 2268 214 2305 dio
249 2268 478 2319 trucidatus,
510 2266 576 2305 ubi
609 2266 806 2317 apostolus
838 2265 979 2304 Petrus
1012 2271 1054 2304 ut
1086 2265 1331 2303 occideretur
1362 2265 1484 2304 inclu-

1608 1853 1611 1865 -
1604 1549 1611 1825 -.—-----.-—-
1609 1530 1611 1535 .
1607 1445 1611 1516 -.fi-‚s
