1611 2465
82 687 121 716 10

80 978 121 1007 15

80 1561 123 1592 25

151 54 233 94 162
682 61 708 87 s.
729 61 947 87 Auocsrmx

149 152 274 190 adhuc
306 164 384 190 non
417 152 614 202 crederet3
653 150 721 189 sed
754 151 823 188 ait:
868 151 1096 189 Secundum
1128 153 1227 199 quid
1255 153 1407 190 sciam?
1444 157 1489 190 ut

149 213 184 250 ei
217 212 286 263 rei,
320 223 435 261 quam
463 209 693 260 crediderat,
726 208 851 258 aliqua
879 208 1090 247 similitudo
1117 209 1379 261 adhiberetur,
1412 221 1487 260 qua

149 271 233 307 eius
275 269 415 307 modus
455 272 752 318 agnosceretur,
797 268 899 305 sicut
939 279 1015 305 non
1055 273 1115 306 est
1152 270 1314 319 virginis
1345 268 1486 307 Mariae

150 327 364 366 diffidentia
397 326 500 377 quod
534 328 602 364 ait:
641 327 725 373 Quo
746 327 859 364 modo
888 327 960 373 fiet
991 328 1107 374 istud,
1140 329 1327 374 quoniam
1358 329 1488 365 virum

149 398 227 425 mm
260 387 485 433 coyrzosco?
517 384 621 435 quod
654 385 758 422 enim
791 384 967 423 futurum
999 390 1115 435 esset,
1147 391 1253 423 certa
1275 390 1374 436 erat3
1406 397 1486 423 mo-

149 445 241 483 dum
274 456 352 494 quo
385 444 497 481 fieret
528 441 769 493 inquirebat,
801 448 839 480 et
871 442 943 480 hoc
982 455 1071 481 cum
1113 445 1347 495 quaesisset,
1380 443 1486 482 audi-

148 505 200 541 vit
234 515 306 540 —1
339 501 507 551 denique
542 507 580 540 et
612 501 675 539 hic
707 500 918 539 similitudo
952 500 1039 539 data
1075 507 1133 539 est
1165 501 1212 539 de
1245 501 1487 554 animalibus,

148 564 309 600 iuvenca
347 566 387 598 et
424 571 540 611 capra
572 565 611 598 et
641 561 761 597 ariete
795 564 833 597 et
865 558 1014 598 duabus
1047 559 1289 608 volucribus,
1331 566 1487 599 turture

149 626 185 658 et
219 618 410 671 columba,
442 624 486 657 ut
518 618 735 657 secundum
761 617 856 656 haec
883 613 1060 656 futurum
1087 619 1218 670 sciret,
1252 619 1355 668 quod
1381 618 1485 657 futu-

151 690 237 716 rum
277 689 362 715 esse
401 678 477 715 iam
518 689 595 715 non
635 676 858 726 ambigeret.
923 676 1011 714 Sive
1050 688 1142 726 ergo
1174 689 1245 728 per
1283 679 1487 715 iuvencam

149 736 362 787 significata
395 737 444 774 sit
475 734 585 785 plebs
617 736 742 785 posita
775 734 847 772 sub
879 735 969 784 iugo
1002 734 1110 787 legis,
1140 747 1212 785 per
1239 747 1393 786 capram
1427 747 1486 773 ea-

149 795 237 833 dem
262 794 373 845 plebs
399 795 597 844 peccatrix
624 794 766 844 futura,
792 804 863 843 per
889 794 1052 831 arietem
1079 793 1213 831 eadem
1239 793 1350 844 plebs
1371 795 1488 832 etiam

149 858 357 904 regnatura
397 848 515 905 (quae
555 851 732 890 animalia
762 857 971 902 propterea
1002 852 1117 892 trima
1150 851 1346 904 dicuntur,
1386 853 1487 904 quia,

149 924 238 950 cum
280 913 359 950 sint
395 912 569 961 insignes
607 909 760 948 articuli
800 915 1020 960 temporum
1053 909 1098 947 ab
1131 910 1251 949 Adam
1283 922 1408 961 usque
1441 910 1487 949 ad

150 970 229 1008 Noe
263 975 302 1008 et
333 969 423 1007 inde
457 981 579 1019 usque
614 968 659 1005 ad
698 967 890 1006 Abraham
923 973 962 1006 et
993 967 1082 1006 inde
1115 981 1241 1019 usque
1270 969 1315 1007 ad
1356 968 1487 1021 David,

150 1030 216 1079 qui
257 1027 465 1079 reprobato
506 1026 620 1065 Saule
659 1028 809 1077 primus
847 1028 885 1064 in
924 1038 1044 1076 regno
1085 1029 1211 1077 gentis
1251 1027 1485 1066 Israeliticae

149 1087 303 1125 Domini
335 1092 395 1125 est
426 1085 624 1124 voluntate
657 1084 859 1136 fundatus,
899 1085 938 1122 in
972 1084 1045 1122 hoc
1077 1085 1213 1123 ordine
1246 1087 1382 1137 tertio,
1421 1087 1488 1136 qui

149 1145 323 1184 tenditur
361 1157 408 1182 ex
446 1144 637 1181 Abraham
674 1155 800 1193 usque
839 1142 885 1181 ad
918 1142 1053 1195 David,
1097 1149 1292 1194 tamquam
1332 1145 1487 1183 tertiam

150 1209 315 1242 aetatem
353 1214 495 1254 gerens
534 1202 596 1240 ille
636 1201 803 1252 populus
842 1198 1043 1253 adolevit),
1088 1203 1167 1240 sive
1207 1202 1351 1253 aliquid
1384 1202 1486 1241 aliud

150 1263 446 1300 convenientius
483 1262 557 1299 ista
595 1260 831 1310 significent:
876 1259 981 1297 nullo
1021 1260 1135 1298 modo
1174 1266 1303 1299 tamen
1336 1260 1486 1299 dubita-

150 1322 272 1359 verim
311 1319 505 1370 spiritales
544 1320 583 1356 in
623 1330 666 1356 ea
704 1318 987 1368 praefiguratos
1026 1317 1287 1357 additamento
1320 1320 1487 1358 turturis

150 1385 187 1417 et
214 1377 426 1417 columbae.
470 1377 520 1415 Et
551 1376 637 1415 ideo
670 1376 818 1414 dictum
845 1381 920 1414 est:
952 1378 1053 1415 Aves
1079 1382 1211 1416 autem
1237 1389 1316 1416 non
1343 1379 1486 1425 divisit,

150 1438 333 1488 quoniam
377 1435 552 1474 carnales
595 1436 698 1473 inter
744 1446 783 1472 se
829 1434 1074 1486 dividuntur,
1119 1435 1313 1486 spiritales
1357 1442 1486 1475 autem

151 1495 255 1534 nullo
295 1494 427 1546 modo,
472 1495 551 1532 sive
593 1505 613 1531 a
645 1494 859 1543 negotiosis
892 1493 1253 1532 conversationibus
1285 1494 1487 1533 hominum

152 1566 192 1592 se
225 1558 469 1605 removeant,
510 1554 612 1590 sicut
643 1556 793 1602 turtur,
832 1552 910 1589 sive
944 1552 1046 1589 inter
1078 1551 1161 1590 illas
1194 1552 1354 1604 degant,
1386 1554 1488 1591 sieut

152 1611 346 1663 columba3
378 1616 545 1661 utraque
571 1616 701 1649 tamen
728 1611 807 1647 avis
834 1615 893 1647 est
919 1610 1081 1660 simplex
1108 1616 1146 1648 et
1170 1611 1338 1662 innoxia,
1371 1612 1486 1661 signi-

151 1671 270 1709 ficans
309 1676 348 1708 et
384 1671 424 1708 in
464 1671 549 1719 ipso
581 1668 794 1707 Israelitico
832 1667 996 1719 populo,
1038 1669 1101 1706 cui
1132 1674 1237 1706 terra
1267 1668 1331 1707 illa
1364 1669 1487 1708 danda

152 1735 246 1780 erat,
269 1729 424 1767 futuros
450 1726 671 1766 individuos
698 1726 796 1765 filios
822 1727 1094 1777 promissionis
1121 1732 1160 1765 et
1184 1726 1349 1766 heredes
1376 1729 1488 1778 regni

152 1789 191 1825 in
231 1793 388 1825 aeterna
426 1785 609 1824 felicitate
650 1786 833 1823 mansuri.
896 1784 994 1822 Aves
1036 1790 1166 1823 autem
1204 1785 1486 1824 descendentes

83 1855 126 1885 30
153 1858 269 1896 supra
303 1856 483 1895 corpora,
529 1855 625 1894 quae
659 1842 779 1881 divisa
813 1848 940 1893 erant,
985 1854 1061 1880 nou
1093 1842 1186 1880 boni
1218 1843 1380 1895 aliquid,
1419 1844 1486 1882 sed

248 1959 280 2001 5)
307 1957 366 1990 Le.
396 1961 426 1999 1,
453 1959 508 1990 34.

248 2089 264 2118 1
293 2085 335 2118 ub
360 2083 408 2128 ei]
437 2083 491 2117 uti
523 2083 558 2117 V
585 2085 596 2127 Η
628 2087 647 2117 5
675 2082 771 2117 esset
811 2081 915 2116 VRA
940 2082 1075 2126 (proyr.
1099 2092 1134 2125 p.
1163 2086 1222 2125 8),·
1254 2093 1332 2118 esse
1357 2083 1416 2118 Fv
1435 2085 1447 2128 fl
1468 2089 1485 2119 7

147 2135 232 2176 post
257 2130 399 2165 audivit
419 2131 522 2176 vulyo
548 2131 632 2164 haec
651 2130 871 2174 leyebantur:
900 2128 1056 2173 Spiritus
1084 2130 1231 2163 sanctus
1257 2131 1488 2175 superveniet

152 2179 189 2212 in
216 2180 252 2212 te
279 2180 315 2212 et
340 2177 456 2211 virtus
482 2176 664 2211 Altissimi
690 2175 925 2211 obumbrabit
948 2175 1027 2218 tibi,
1054 2186 1144 2219 quae
1169 2186 1234 2211 om.
1260 2187 1331 2212 mss
1362 2178 1375 2221 ΙΙ
1405 2181 1425 2212 8
1452 2180 1486 2212 et

155 2225 277 2269 capra]
305 2226 340 2260 et
367 2234 430 2258 om.
459 2235 477 2258 t·
498 2225 572 2267 1130
599 2234 706 2267 super
730 2233 750 2258 v
