1495 2489
87 80 142 120 62
620 87 648 113 s.
669 86 886 113 AUGUSTDH

87 190 164 216 non
198 190 238 215 se
271 189 385 228 posse
419 175 621 227 cernebat,
653 175 758 213 dedit
790 187 874 213 eam
906 174 1099 212 fetandam
1131 175 1231 226 viro,
1263 173 1310 212 de
1343 186 1419 224 quo

87 248 224 287 parere
270 235 443 274 voluerat
487 247 559 272 nec
603 239 793 284 potuerat.
855 233 992 283 Exegit
1035 235 1164 283 itaque
1209 234 1324 270 etiam
1364 234 1417 270 sic

88 295 261 332 debitum
295 294 341 331 de
376 295 514 331 marito
547 298 661 330 utens
687 293 772 329 iure
805 304 874 330 suo
907 293 946 329 in
972 297 1083 330 utero
1117 291 1252 329 alienO.
1298 290 1419 329 Natus

88 360 148 391 est
192 365 283 403 ergo
327 351 482 403 Ismael,
528 352 630 389 sicut
668 356 882 388 nascuntur
922 350 1118 401 homines,
1161 350 1419 400 permixtione

43 420 62 450 5
90 424 205 449 sexus
244 412 466 460 utriusque,
505 410 644 447 usitata
682 409 765 459 lege
809 415 979 447 naturae.
1042 408 1130 446 Ideo
1164 408 1309 446 dictum
1343 413 1420 446 est:

89 471 316 509 Secundum
349 480 534 513 carnem;
566 480 642 506 non
675 467 777 518 quod
810 469 882 505 ista
913 467 1100 505 beneficia
1134 466 1201 504 Dei
1234 479 1311 504 non
1343 468 1421 505 sint

89 535 154 567 aut
185 540 262 566 non
294 527 358 565 illa
390 532 575 577 operetur
607 526 730 573 Deus,
764 528 875 564 cuius
908 526 1036 576 opifex
1069 526 1255 576 sapientia
1289 527 1419 563 adtin-

85 590 157 635 qz't,
190 588 290 624 sicut
324 587 512 636 scriptum
545 591 615 636 est,
648 597 673 623 a
700 587 783 631 fine
814 597 938 632 usque
970 587 1009 622 2¹72
1038 587 1157 631 finem
1186 583 1352 631 forle'ter
1384 589 1420 622 et

89 647 262 694 disponit
291 646 423 683 omnia
449 646 648 689 suaviter;
680 643 747 681 sed
780 642 847 681 ubi
879 642 1172 693 significandum
1206 643 1332 680 fuerat
1351 641 1421 680 Dei

22 714 62 744 lo
90 704 255 754 donum,
296 702 399 753 quod
440 702 656 740 indebitum
688 701 910 739 hominibus
942 702 1063 752 gratia
1096 701 1323 752 largiretur,
1365 702 1420 738 sic

90 763 263 813 oportuit
295 761 378 799 dari
409 761 548 812 filium,
590 773 705 810 quem
737 760 783 797 ad
814 759 973 798 modum
1004 766 1163 797 naturae
1196 771 1273 797 non
1306 758 1419 797 debe-

89 821 202 859 batur
229 819 470 858 excursibus.
533 819 654 869 Negat
681 820 783 856 enim
815 824 952 856 natura
984 819 1059 855 iam
1091 817 1188 855 filios
1222 817 1287 855 tali
1319 829 1419 855 com-

89 881 266 918 mixtioni
298 880 414 916 maris
448 884 485 916 et
517 879 693 929 feminae,
726 877 849 928 qualis
882 889 967 915 esse
999 882 1151 927 poterat
1177 875 1350 914 Abrahae
1384 882 1423 914 et

91 938 228 976 Sarrae
260 939 300 975 in
332 937 394 975 illa
426 938 501 975 iam
533 942 675 988 aetate,
713 937 829 974 etiam
861 935 1035 973 mulieriS
1067 934 1276 973 accedente
1310 935 1420 973 steri-

22 1007 62 1037 15
90 997 216 1047 litate,
261 1008 358 1046 quae
400 1007 471 1033 nec
513 1001 606 1033 tunc
648 1007 783 1045 parere
825 995 972 1045 potuit,
1016 993 1167 1043 quando
1206 1005 1285 1031 non
1317 998 1421 1031 aetas

89 1055 329 1106 fecunditati,
356 1054 423 1092 sed
444 1055 559 1092 aetati
586 1054 802 1091 fecunditas
829 1053 961 1091 defuit.
1012 1051 1122 1097 Quod
1144 1064 1236 1102 ergo
1261 1057 1421 1090 naturae

89 1115 145 1152 sic
187 1114 344 1151 affectae
386 1113 538 1151 fructus
570 1113 809 1162 posteritatis
848 1123 925 1149 non
957 1110 1192 1162 debebatur,
1232 1110 1422 1160 significat

89 1172 192 1223 quod
235 1177 370 1209 natura
411 1173 565 1221 generis
608 1170 764 1208 humani
805 1175 963 1220 peccato
1003 1170 1132 1207 vitiata
1172 1180 1215 1206 ac
1247 1180 1316 1219 per
1349 1168 1421 1207 hoc

89 1232 174 1269 iure
201 1230 376 1268 damnata
404 1229 500 1267 nihil
526 1241 637 1267 verae
666 1229 859 1267 felicitatis
885 1230 924 1266 in
955 1232 1156 1278 posterum
1187 1226 1422 1266 merebatur.

21 1299 63 1330 20
90 1289 209 1328 Recte
254 1290 373 1339 igitur
417 1288 607 1338 significat
644 1287 765 1338 Isaac,
809 1299 879 1337 per
920 1287 1264 1336 repromissionem
1296 1291 1422 1337 natus,

92 1348 189 1386 lilios
221 1349 378 1398 gratiae,
410 1348 513 1384 cives
546 1347 709 1384 civitatis
741 1345 903 1396 liberae,
936 1346 1061 1382 socios
1093 1346 1198 1395 pacis
1231 1349 1423 1395 aeternae,

92 1406 158 1444 ubi
202 1408 252 1444 sit
295 1418 371 1443 non
420 1417 527 1443 amor
571 1406 749 1455 propriae
796 1416 838 1441 ac
882 1405 1049 1453 privatae
1096 1402 1262 1452 quodam
1307 1402 1422 1440 modo

92 1464 310 1516 voluntatis,
336 1464 402 1501 sed
424 1464 620 1501 communi
641 1463 853 1512 eodemque
880 1460 1094 1499 inmutabili
1123 1460 1223 1498 bono
1251 1460 1422 1511 gaudens

92 1529 206 1574 atque
247 1535 293 1560 ex
333 1522 466 1560 multis
504 1534 625 1560 unum
664 1533 730 1559 cor
763 1521 926 1572 faciens,
964 1519 1002 1558 id
1036 1525 1094 1558 est
1125 1520 1298 1570 perfecte
1332 1531 1422 1557 con-

21 1591 65 1622 25
92 1594 180 1620 cors
212 1580 457 1619 oboedientia
489 1581 671 1618 caritatis,

631 1739 782 1782 CAPUT
814 1738 887 1780 IV.

192 1829 251 1866 De
283 1833 470 1866 terrenae
502 1828 673 1865 civitatis
706 1827 766 1863 vel
795 1826 1092 1863 concertatione
1123 1825 1185 1861 vel
1208 1835 1322 1872 paee.

209 1909 381 1947 Terrena
407 1920 524 1959 porro
552 1908 697 1958 civitas,
730 1918 826 1956 quae
854 1906 1088 1955 sempiterna
1121 1916 1197 1942 non
1231 1906 1305 1942 erit
1337 1900 1422 1956 (ne-

94 1981 168 2019 que
213 1970 333 2018 enim,
380 1979 468 2005 cum
513 1972 685 2003 extremo
730 1963 919 2014 supplicio
958 1962 1134 2000 damnata
1174 1964 1308 2014 fuerit,
1349 1964 1424 2000 iam

23 2036 67 2065 30
95 2028 227 2065 civitas
261 2022 377 2077 erit),
409 2025 470 2062 hic
503 2024 618 2062 habet
650 2023 793 2061 bouum
826 2033 957 2073 suum,
989 2023 1100 2059 cuius
1133 2022 1317 2059 societate
1349 2020 1423 2058 lae-

188 2129 222 2170 9)
250 2127 332 2170 Sap.
361 2130 392 2169 8,
420 2130 449 2161 1.

190 2260 208 2289 6
230 2254 427 2288 secundum
448 2253 631 2287 hominem
652 2251 729 2286 AF
745 2253 755 2294 Η
775 2254 794 2284 8
816 2251 853 2285 in
876 2250 920 2291 V;
948 2250 993 2284 ad
1016 2261 1032 2283 v
1052 2251 1063 2293 ΙΙ
1083 2253 1126 2283 ‘29
1152 2248 1190 2282 in
1217 2250 1378 2283 extremo
1404 2259 1423 2282 υ
