1611 2465
101 711 143 741 10

104 1004 144 1034 15

104 1297 147 1328 20

167 75 253 116 432
715 79 743 105 s.
766 78 982 105 Acccsnm

168 174 335 223 venerit,
376 183 452 222 quo
492 170 557 208 fiat
594 174 633 207 et
665 179 874 218 corporum
907 168 1163 218 resurrectio,
1202 179 1279 205 non
1313 167 1356 205 ad
1391 169 1506 206 vitam

168 232 214 270 de
247 231 511 270 monumentis
543 227 768 279 procedent,
801 226 868 263 sed
901 226 946 264 ad
979 225 1183 276 iudicium3
1216 226 1262 264 ad
1295 226 1505 264 damnatio-

168 304 257 330 nem
285 289 445 339 scilicet,
477 299 575 338 quae
603 285 774 324 secunda
807 296 911 322 mors
944 284 1097 322 dicitur.
1160 284 1289 322 Donec
1324 285 1507 323 finiantur

169 351 273 388 enim
306 347 408 386 mille
442 347 544 397 anni,
577 346 813 396 quicumque
848 355 924 381 nou
958 344 1113 393 vixerit,
1145 343 1181 380 id
1216 350 1285 392 est,
1321 350 1400 381 1010
1433 345 1507 382 isto

169 414 358 458 tempore,
391 417 467 456 quo
495 406 622 455 agitur
642 405 766 454 prima
793 403 1044 452 resurrectio,
1078 414 1153 439 non
1181 402 1347 439 audierit
1376 414 1509 440 vocem

170 467 236 505 filii
268 465 337 503 Dei
370 470 408 502 et
441 463 486 501 ad
519 465 635 500 vitam
676 462 722 499 de
757 467 881 499 morte
914 462 1129 511 transierit,
1169 462 1344 510 protei-to
1378 462 1415 498 in
1449 473 1507 499 se-

170 524 296 564 cunda
322 524 624 573 resurrectione,
657 532 755 571 quae
782 521 910 558 carnis
937 524 1008 571 est,
1038 520 1078 556 in
1106 525 1271 556 mortem
1298 519 1508 557 secundam

170 596 258 622 cum
290 584 373 633 ipsa
415 593 531 620 carue
573 578 763 618 transibit.
828 578 1015 628 Sequitur
1048 579 1151 615 enim
1184 583 1222 615 et
1254 577 1365 616 dicit:
1396 578 1509 616 Haec

169 643 416 682 resurrectio
450 642 585 689 prima
625 644 691 677 est.
754 638 903 676 Beatus
941 642 979 675 et
1015 641 1179 674 sanctus
1218 639 1289 684 qui
1318 638 1438 674 habet
1469 639 1509 675 in

169 703 248 741 hac
272 703 407 750 prima
433 699 733 737 resurrecle'one
755 701 924 747 partem,
956 695 994 733 id
1021 700 1080 733 est
1104 696 1300 745 particeps
1328 696 1412 733 eius
1439 700 1509 734 est.

170 760 256 811 Ipse
290 764 350 797 est
381 764 511 796 autem
542 757 738 807 particeps
780 756 884 806 eius,
929 755 996 804 qui
1036 765 1114 791 non
1153 753 1277 791 solum
1320 766 1339 791 a
1372 760 1510 805 morte,

171 830 269 870 quae
301 819 341 856 in
373 817 544 868 peccatis
577 819 648 866 est,
679 814 895 864 revivescit,
928 824 1063 850 verum
1097 813 1212 850 etiam
1244 813 1283 850 in
1316 824 1375 864 eo,
1406 813 1509 863 quod

171 877 366 928 revixerit,
398 873 652 926 permanebit.
717 873 765 911 In
792 874 887 919 istis,
919 872 1058 922 inquit,
1089 872 1268 909 secunda
1294 882 1400 909 mors
1432 883 1511 910 non

171 938 290 975 habet
317 938 561 984 potestatem.
624 930 749 969 Habet
781 943 873 981 ergo
906 931 945 968 in
978 929 1159 979 reliquis,
1193 929 1239 967 de
1273 929 1415 979 quibus
1447 942 1509 968 su-

171 996 305 1046 perius
338 995 407 1031 ait:
441 992 603 1039 Reliqui
633 1002 770 1029 eorum
801 982 889 1027 non'
912 991 1117 1035 vixerunt,
1158 990 1283 1026 donec
1311 990 1511 1034 finiantur

172 1056 276 1092 mille
314 1053 433 1096 amn}
471 1051 654 1100 quoniam
691 1050 767 1086 isto
806 1053 886 1086 toto
928 1048 1116 1097 temporis
1148 1046 1368 1098 intervallo,
1407 1046 1511 1097 quod

173 1111 275 1150 mille
309 1121 430 1148 annos
464 1114 590 1159 vocat,
632 1112 991 1157 quantmncumque
1024 1106 1063 1142 in
1097 1116 1142 1142 eo
1175 1106 1340 1155 quisque
1374 1117 1512 1143 eorum

172 1172 267 1209 vixit
297 1171 336 1207 in
370 1179 553 1218 corpore,
594 1178 671 1203 non
704 1166 843 1203 revixit
875 1177 895 1201 a
927 1168 1071 1215 morte,
1102 1164 1142 1200 in
1175 1174 1249 1213 qua
1282 1175 1370 1201 eum
1404 1169 1509 1201 tene-

173 1229 237 1267 bat
278 1229 477 1278 impietaS‚
521 1230 564 1263 ut
603 1225 658 1262 sic
703 1222 978 1261 revivescendo
1019 1223 1166 1272 primae
1208 1224 1511 1260 resurrectionis

172 1288 368 1339 particeps
412 1286 524 1323 fieret
568 1288 683 1333 atque
728 1283 768 1320 in
813 1294 858 1320 eo
901 1285 1135 1332 potestatem
1183 1279 1353 1318 secunda
1407 1292 1511 1318 mors

173 1358 250 1385 non
281 1344 454 1383 haberet.

724 1465 877 1508 CAPUT
908 1465 958 1508 X.

210 1558 316 1604 Quid
345 1554 666 1604 respondendum
696 1554 749 1590 sit
779 1553 845 1599 eis,
878 1552 948 1599 qui
968 1555 1117 1599 putant
1146 1551 1483 1588 resurrectionem

257 1616 313 1653 ad
341 1616 425 1652 sola
458 1623 645 1661 corpora,
677 1621 755 1649 non
788 1612 906 1648 etiam
939 1610 995 1647 ad
1024 1611 1179 1647 animas
1206 1610 1423 1657 pertinere.

296 1695 396 1734 Sunt
428 1696 496 1745 qui
527 1697 665 1744 putant
702 1693 1034 1730 resurrectionem
1072 1690 1148 1728 dici
1180 1701 1258 1728 non
1290 1701 1404 1740 posse
1436 1689 1512 1727 nisi

178 1765 389 1806 corporum
429 1752 595 1802 ideoque
634 1752 748 1789 istam
795 1761 950 1800 quoque
990 1750 1153 1800 primam
1196 1750 1236 1787 in
1281 1747 1513 1798 corporibus

177 1815 349 1852 futuram
389 1823 475 1850 esse
517 1809 769 1848 contendunt.
833 1808 1009 1854 Quorum
1052 1809 1154 1845 enim
1196 1813 1275 1858 est,
1319 1807 1513 1857 inquiunt,

179 1872 330 1922 cadere,
362 1881 499 1908 eorum
525 1874 585 1907 est
610 1879 830 1917 resurgere.
893 1866 1044 1904 Cadunt
1076 1871 1204 1903 autem
1237 1876 1400 1915 corpora
1433 1875 1513 1901 mo-

180 1930 334 1981 riend03
374 1940 463 1967 nam
501 1932 540 1965 et
578 1939 598 1964 a
639 1925 811 1964 cadendo
852 1924 1037 1963 cadavera
1078 1927 1366 1973 nuncupantur.
1427 1921 1514 1959 Non

134 2000 145 2029 ι’,
181 2001 273 2039 ergo
300 1989 528 2037 animarum,
559 1985 754 2035 inquiunt,
786 1983 1025 2021 resurrectio
1051 1987 1180 2033 potest
1205 1992 1303 2033 esse,
1335 1980 1403 2019 sed
1430 1992 1513 2018 cor-

180 2059 330 2098 porum.
395 2045 471 2083 Sed
503 2043 594 2094 quid
629 2048 765 2081 contra
796 2041 1013 2092 apostolum
1046 2040 1198 2091 dicunt,
1239 2041 1306 2090 qui
1339 2050 1421 2077 eam
1454 2050 1513 2076 re-

181 2106 465 2144 surrectionem
505 2099 698 2153 appellat‘?
760 2100 855 2138 Nam
896 2099 1110 2137 secundum
1148 2099 1396 2149 interiorem,
1438 2108 1514 2134 non

181 2163 397 2202 secuudum
429 2162 664 2200 exteriorem
696 2159 892 2197 hominem
926 2159 1060 2208 utique
1092 2162 1400 2207 resurrexerant,
1433 2156 1514 2205 qui-

277 2254 334 2296 10)
364 2252 475 2295 Apoc.
504 2253 559 2294 20,
586 2253 606 2284 5
633 2260 684 2292 sq.
