1495 2489
18 412 38 442 5

0 704 40 735 10

0 996 40 1026 15

0 1289 41 1318 20

0 1873 44 1904 30

64 71 119 111 66
582 80 609 105 s.
629 80 845 106 Acous'mss

63 170 379 219 peregrinatione
407 168 643 206 viventibus:
676 169 725 206 In
757 171 880 207 vicem
911 180 1038 208 onera
1068 174 1201 208 vestra
1229 174 1402 218 portate,

65 233 103 266 et
133 230 192 266 sie
218 228 482 276 adimplebitis
508 230 631 274 leqem
662 227 811 265 Christi
816 241 831 272 ;
861 228 957 265 item
988 226 1078 265 alibi
1110 228 1270 266 dicitur:
1307 228 1401 266 Cor-

65 287 184 334 ripite
217 288 428 336 inquietos,
460 287 724 323 consolamini
747 287 1033 334 pusillanimes,
1065 288 1257 335 suscipite
1288 288 1396 332 infir-

65 355 164 391 mos,
202 347 400 392 pallentes
444 348 565 382 eslote
602 345 658 382 ad
697 355 854 389 ornnes;
898 346 1026 383 videte
1056 357 1106 382 ne
1137 347 1224 393 quis
1255 347 1404 383 malum

61 414 138 451 pro
164 405 267 440 malo
294 404 421 440 alieni
444 403 614 447 reddat;
646 404 737 440 item
765 402 839 440 alio
871 402 973 441 loco:
1006 403 1052 440 Si
1076 408 1402 452 praeoccupatus

61 460 192 509 suerit
233 462 347 499 homo
387 462 428 498 in
467 462 600 508 aliquo
640 463 803 509 delicto,
840 472 924 512 vos,
965 464 1036 509 qui
1064 463 1266 510 spiritales
1298 463 1402 509 estis,

66 521 252 557 instruite
283 519 401 557 huius
432 520 541 557 modi
571 521 610 557 in
641 521 785 567 spiritu
818 522 1152 566 mansuetudinis,
1195 521 1403 558 intendens

66 582 104 615 te
143 579 285 625 ipsum,
324 589 373 615 ne
411 582 450 615 et
487 581 528 615 tu
567 580 790 627 tempteris,·
823 583 861 615 et
892 577 998 616 alibi:
1033 578 1102 616 Sol
1129 589 1209 617 non
1241 579 1404 616 occidat

65 647 186 684 super
213 637 470 674 iracundiam
496 641 689 681 vestram;
721 642 759 674 et
784 637 823 673 in
857 636 1073 686 evangelio:
1105 637 1151 675 Se·
1168 639 1404 685 peccaverit

66 696 108 731 in
146 699 183 732 te
215 692 352 741 frater
390 699 497 740 tuus,
535 697 697 743 corripe
734 706 823 733 eum
855 697 960 733 inter
991 700 1029 733 te
1060 700 1098 733 et
1129 697 1276 744 ipsuum
1308 696 1403 733 item

66 752 113 789 de
146 753 328 804 peccatis,
359 754 399 790 in
432 752 575 802 quibus
607 753 820 791 multorum
853 758 1011 791 cavetur
1043 753 1217 805 offensio,
1249 759 1400 804 aposto-

65 809 127 848 lus
159 810 269 849 dicit:
309 812 530 850 Peccantes
562 822 700 850 eoram
731 812 910 849 omnibus
942 823 1087 860 arque,
1125 817 1170 850 ut
1200 814 1328 850 ceteri
1357 814 1402 850 ti-

66 880 214 907 morem
240 870 425 907 habeant.
487 869 653 920 Propter
679 869 752 907 hoc
778 875 817 907 et
843 869 890 907 de
917 871 1026 907 venia
1052 872 1091 908 in
1123 872 1247 908 vicem
1279 869 1403 908 danda

66 927 188 965 multa
219 929 515 978 praecipiuntur
541 933 581 966 et
612 940 748 978 magua
781 940 874 966 eura
906 934 1068 978 propter
1100 928 1308 966 tenendam
1338 940 1402 978 pa-

67 997 164 1037 cem,
196 988 280 1024 sine
312 998 388 1036 qua
418 999 532 1025 nemo
564 988 709 1037 poterit
740 986 871 1024 videre
898 985 1038 1037 Deuin3
1069 986 1137 1025 ubi
1167 986 1230 1025 ille
1263 992 1404 1037 terror,

68 1044 222 1095 quando
254 1044 412 1083 iubetur
450 1058 586 1084 servus
625 1045 759 1083 decem
791 1045 941 1083 milium
972 1045 1208 1084 talentorum
1238 1044 1403 1083 reddere

67 1103 215 1154 debita,
248 1115 345 1153 quae
379 1103 433 1142 illi
465 1105 620 1142 fuerant
650 1103 834 1150 relaxata,
867 1105 1050 1153 quoniam
1082 1103 1254 1142 debitum
1287 1103 1402 1141 dena-

68 1164 217 1200 riorum
250 1168 407 1201 eentum
440 1174 628 1200 conservo
661 1174 732 1201 suo
766 1174 843 1200 non
876 1161 1076 1213 relaxavit3
1118 1174 1192 1213 qua
1225 1162 1402 1201 similitu-

67 1220 156 1258 dine
195 1223 392 1271 proposita
432 1221 619 1259 Dominus
663 1220 772 1258 Iesus
817 1220 958 1258 adiecit
994 1226 1110 1270 atque
1148 1223 1217 1259 ait:
1261 1221 1330 1260 Sic
1367 1227 1405 1260 et

70 1280 176 1318 vobis
216 1278 346 1326 saciet
389 1281 514 1319 Pater
557 1284 686 1318 vester
730 1281 931 1326 caelestis,
973 1281 1010 1317 si
1050 1291 1129 1318 non
1173 1281 1404 1318 dimiseritis

68 1339 339 1386 unusquisque
372 1338 503 1387 fratri
539 1350 611 1376 suo
649 1339 697 1376 de
735 1338 924 1376 cordibus
963 1340 1112 1376 vestris.
1175 1337 1256 1375 Hoc
1289 1338 1403 1376 modo

69 1401 257 1434 curantur
289 1399 392 1435 cives
425 1398 589 1434 civitatis
620 1396 689 1434 Dei
730 1397 768 1433 in
801 1395 872 1433 hac
904 1402 1008 1434 terra
1039 1389 1333 1446 peregrinantes
1365 1402 1405 1434 et

69 1456 154 1505 paci
180 1466 372 1504 supernae
399 1456 545 1505 patriae
573 1456 825 1505 suspirantes.
889 1453 1057 1504 Spiritus
1084 1460 1214 1493 autem
1246 1459 1405 1493 sanctus

69 1518 254 1563 operatur
286 1515 542 1564 intrinsecus,
575 1518 617 1551 ut
648 1512 769 1550 valeat
801 1512 943 1562 aliquid
976 1512 1177 1561 medicina,
1210 1525 1307 1563 quae
1339 1513 1402 1551 ad-

25 1581 37 1597 ··
69 1571 226 1609 hibetur
269 1574 525 1610 extrinsecus.
596 1571 775 1621 Alioquin
820 1572 971 1609 etiamsi
1014 1570 1118 1609 Deus
1161 1573 1243 1621 ipse
1288 1577 1404 1609 utens

70 1635 248 1668 creatura
281 1630 355 1668 sihi
388 1629 540 1668 subdita
578 1631 618 1667 in
650 1629 776 1679 aliqua
809 1630 939 1679 specie
971 1629 1137 1667 humana
1169 1641 1309 1668 sensus
1340 1630 1403 1668 ad-

68 1688 251 1738 loquatur
276 1689 479 1739 humanos,
511 1690 590 1725 sive
616 1689 713 1725 istos
740 1689 916 1737 corporis
948 1689 1027 1725 sive
1060 1687 1157 1739 illos,
1189 1700 1288 1738 quos
1319 1689 1405 1726 istis

70 1746 286 1785 simillimos
322 1746 511 1784 habemus
549 1747 588 1783 in
620 1747 782 1796 sonum,
821 1757 893 1783 nec
924 1747 1110 1784 interiore
1143 1748 1264 1796 gratia
1297 1758 1403 1784 men-

70 1811 148 1843 tem
181 1811 289 1856 regat
321 1811 435 1855 atque
468 1810 572 1855 agat,
605 1804 699 1841 nihil
730 1803 890 1854 prodest
921 1804 1067 1841 homini
1098 1806 1223 1842 omnis
1255 1805 1404 1854 praedi-

71 1864 170 1901 catio
191 1865 373 1902 veritatis.
425 1862 532 1900 Facit
558 1868 687 1900 autem
713 1862 785 1899 hoc
807 1861 909 1899 Deus
936 1874 955 1898 a
982 1863 1081 1900 vasis
1113 1862 1402 1901 misericordiae

164 1955 198 1996 2)
225 1953 304 1987 Gal.
326 1957 356 1993 6,
383 1956 414 1986 2.
467 1953 500 1994 ὃ)
523 1956 551 1986 1.
573 1951 698 1985 Thess.
721 1954 752 1992 5,
777 1954 818 1984 14
839 1961 890 1993 sq.
942 1952 976 1991 8)
1003 1949 1081 1984 Gal.
1110 1954 1141 1990 6,
1171 1955 1198 1984 1.
1250 1953 1284 1993 9)
1310 1951 1402 1995 Eph.

69 2004 102 2042 4,
129 2004 184 2034 26.
237 2001 293 2041 1ο)
319 2000 383 2033 Mt.
414 2002 484 2039 18„
507 2002 559 2032 15.
613 2000 669 2041 13)
698 2002 726 2032 1.
754 1997 848 2032 Tim,
876 2000 913 2038 5,
941 2000 994 2030 20.
1048 1998 1103 2039 15)
1130 1996 1238 2031 Hebr.
1268 2001 1321 2040 12,
1350 2002 1403 2033 14.

70 2048 130 2089 21)
156 2046 221 2080 Mt.
253 2048 306 2087 18,
332 2050 386 2080 35.

167 2154 208 2184 10
233 2150 353 2194 ipsum
379 2161 467 2191 mss5
493 2150 558 2194 ips
588 2149 704 2184 solum
730 2159 749 2182 υ
781 2150 793 2191 ΙΙ
825 2152 867 2182 12
893 2149 935 2182 ul:
960 2149 1027 2182 cet.
1063 2147 1211 2182 VRAF
1231 2149 1405 2194 (idemque

70 2198 188 2279 ἕὲξέῐ
207 2200 342 2279 ξέξ.υᾷ,
369 2201 415 2231 77
441 2200 472 2230 et
496 2198 625 2240 fraym.
653 2196 790 2237 Fris.);
815 2197 856 2229 ut
881 2196 918 2229 et
943 2197 1009 2229 eet.
1036 2205 1056 2228 v
1075 2197 1086 2238 ΙΙ
1108 2199 1148 2228 15
1174 2197 1292 2231 terror
1316 2206 1405 2238 mss,-
