1548 2562
451 149 504 173 DE
525 148 711 174 CIVITATE
731 149 800 173 DEI
819 149 853 175 L.
874 149 955 174 XXI.
976 149 1005 175 o.
1028 150 1051 175 6.
1340 140 1425 181 499

92 250 231 276 narum
263 243 302 276 et
333 239 586 289 magicarum,
628 238 665 276 id
699 243 758 276 est
788 250 858 288 per
889 238 1066 276 homines
1099 238 1426 291 daemonicarum,

93 298 233 335 artium
274 301 312 334 et
347 297 523 346 ipsorum
561 307 631 346 per
669 308 709 334 se
747 297 852 346 ipsos
872 295 1122 334 >daemonum
1160 296 1280 335 multa
1312 298 1424 335 mira-

92 354 194 406 cula;
227 366 324 404 quae
357 355 389 392 si
422 365 563 404 negare
591 354 839 405 voluerimus,
872 355 995 392 eidem
1028 356 1103 405 ipsi
1134 356 1197 393 cui
1230 355 1426 394 credimus

91 424 289 451 sacrarum
328 411 546 450 litterarum
585 411 874 450 adversabimur
912 414 1075 451 veritati.
1137 413 1213 451 Aut
1252 425 1344 464 ergo
1386 415 1425 452 in

91 471 250 509 lucerna
295 470 356 508 illa
401 470 670 508 mechanicum
715 470 857 520 aliquid
903 470 949 508 de
994 470 1119 521 lapide
1164 470 1317 510 asbesto
1362 484 1424 510 ars

90 529 257 568 humana
300 528 432 566 molita
476 534 535 566 est
575 534 641 566 aut
684 534 765 566 arte
813 530 959 579 magica
1008 530 1152 567 factum
1196 536 1272 581 est,
1322 530 1425 580 quod

90 587 268 626 homines
299 586 364 624 illo
398 588 634 625 mirarentur
665 588 704 624 in
737 587 898 638 templo,
940 593 1005 626 aut
1037 587 1199 626 daemon
1234 590 1425 639 quispiam

92 645 163 684 sub
190 647 345 683 nomine
372 644 533 683 Veneris
559 650 665 683 tanta
697 657 737 683 se
771 645 941 683 efficacia
971 648 1245 698 praesentavit,
1277 652 1320 685 ut
1351 647 1425 685 hoe

90 704 144 742 ibi
181 703 402 754 prodigium
442 708 480 741 et
518 708 722 753 appareret
759 703 981 742 hominihus
1021 710 1058 742 et
1097 704 1242 742 diutius
1274 717 1423 755 perma-

90 767 212 800 neret.
274 761 506 799 Inliciuntur
545 766 673 799 autem
712 761 919 799 daemones
953 762 997 799 ad
1029 762 1322 801 inhabitandum
1355 775 1424 814 per

91 825 300 868 creaturas,
335 832 429 869 quas
457 831 533 856 non
560 821 645 869 ipsi,
679 820 745 857 sed
778 819 882 857 Deus
915 821 1097 871 condidit,
1130 820 1424 859 delectabilibus

89 890 160 929 pro
197 890 264 916 sua
291 877 513 915 diversitate
540 877 715 929 diversis,
749 890 824 915 non
858 884 900 916 ut
932 878 1108 917 animalia
1141 879 1249 930 cibis,
1282 880 1349 917 sed
1382 886 1426 918 ut

90 937 250 987 spiritus
284 937 421 986 signis⁷
455 948 551 985 quae
586 938 775 986 cuiusque
809 936 1056 974 delectationi
1089 943 1322 989 congruunt,
1354 950 1425 988 per

89 996 192 1032 varia
225 1006 368 1044 genera
399 993 569 1044 lapidum
595 993 817 1045 herbarum,
850 994 1043 1043 lignorum
1076 995 1310 1046 animalium,
1343 1008 1423 1034 car-

90 1054 238 1090 minum
264 1053 422 1090 rituum.
484 1051 533 1089 Ut
559 1057 686 1090 autem
715 1052 937 1090 inliciantur
970 1052 1015 1090 ab
1048 1053 1282 1101 hominibus,
1315 1055 1424 1104 prius

90 1123 156 1149 eos
197 1112 271 1161 ipsi
315 1111 551 1148 astutissima
595 1110 800 1148 calliditate
842 1111 1051 1162 seducunt,
1096 1111 1155 1149 vel
1197 1112 1423 1162 inspirando

90 1181 226 1208 eorum
265 1168 449 1206 cordibus
487 1170 593 1206 virus
633 1168 828 1206 occultum
860 1169 919 1206 vel
952 1171 1067 1207 etiam
1100 1169 1300 1208 fallacibus
1332 1172 1422 1209 ami-

89 1229 190 1266 citiis
222 1226 454 1279 apparendo,
486 1238 700 1277 eorumque
734 1239 877 1277 paucos
911 1227 1121 1278 discipulos
1154 1240 1246 1266 suos
1278 1229 1425 1267 faciunt

87 1286 423 1337 plurimorumque
452 1285 643 1323 doctores.
692 1285 826 1335 Neque
854 1287 957 1323 enim
984 1287 1120 1336 potuit,
1152 1287 1228 1324 nisi
1252 1288 1423 1337 primum

88 1345 188 1395 ipsisL
216 1342 458 1394 docentibus,
490 1343 586 1380 disci
619 1343 710 1393 quid
745 1345 909 1394 quisque
942 1343 1097 1382 illorum
1129 1350 1298 1395 appetat,
1331 1345 1421 1395 quid
1451 1363 1457 1368 ·

89 1402 307 1453 exhorreat,
339 1413 415 1451 quo
441 1402 627 1439 invitetur
654 1403 822 1449 nomine,
856 1414 932 1452 quo
959 1408 1137 1453 cogatur3
1170 1402 1273 1441 unde
1306 1405 1422 1454 magi-

89 1472 155 1499 cae
197 1465 300 1498 artes
344 1471 554 1509 earumque
595 1460 763 1498 artifices
801 1461 1024 1498 extiterunt.
1092 1460 1254 1499 Maxime
1294 1466 1424 1500 autem

88 1518 289 1570 possident
332 1517 448 1556 eorda
492 1517 730 1569 mortalium,
776 1530 850 1568 qua
888 1520 1134 1569 potissimum
1174 1521 1423 1569 possessione

89 1577 323 1628 gloriantur,
363 1588 451 1614 curn
490 1588 530 1613 se
570 1577 847 1626 transfigurant
884 1578 923 1614 in
963 1577 1119 1627 angelos
1151 1576 1260 1615 lucis.
1324 1577 1424 1616 Sunt

90 1647 181 1685 ergo
220 1635 319 1672 facta
359 1646 494 1677 eorum
532 1634 718 1685 plurima,
760 1646 857 1684 quae
898 1641 1041 1684 quanto
1080 1637 1200 1685 magis
1235 1635 1423 1673 mirabilia

89 1693 340 1739 confitemur,
378 1698 484 1729 tanto
531 1694 681 1730 cautius
725 1694 845 1730 vitare
891 1692 1095 1744 debemus3
1141 1693 1208 1731 sed
1250 1694 1296 1731 ad
1337 1694 1423 1746 hoc,

88 1751 192 1789 unde
224 1762 329 1788 nunc
361 1752 523 1801 agimus,
556 1749 667 1788 nobis
700 1752 814 1788 etiam
848 1752 928 1801 ipsa
961 1751 1182 1802 proficiunt.
1246 1751 1287 1789 Si
1319 1753 1422 1790 enim

88 1809 183 1847 haee
215 1808 393 1846 inmundi
425 1808 632 1846 daemones
664 1814 848 1860 possunt,
882 1814 1025 1859 quanto
1058 1811 1299 1860 potentiores
1332 1816 1424 1848 sunt

89 1868 212 1905 sancti
255 1866 399 1918 angeli,
444 1872 587 1916 quanto
632 1869 828 1917 potentior
874 1873 932 1905 est
979 1867 1038 1905 his
1083 1867 1263 1906 omnibus
1308 1867 1423 1919 Deus,

88 1927 155 1976 qui
186 1930 385 1963 tantorum
424 1924 701 1962 miraculorum
743 1926 947 1963 effectores
982 1927 1096 1964 etiam
1128 1928 1234 1976 ipsos
1266 1926 1422 1976 angelos

88 1982 198 2022 fecit!

208 2041 330 2087 Quam
367 2040 415 2079 ob
442 2047 525 2079 rem
559 2043 591 2080 si
625 2047 679 2080 tot
711 2048 749 2080 et
781 2048 885 2080 tanta
918 2043 1091 2094 mirifica,
1124 2054 1221 2093 quae
1254 2040 1423 2094 μηχανή-

89 2115 186 2150 ματα
227 2099 437 2151 appellant,
482 2099 551 2137 Dei
591 2105 768 2138 creatura
810 2100 1010 2139 utentibus
1051 2101 1230 2138 humanis
1273 2101 1422 2139 artibus

88 2158 198 2209 fiunt,
228 2163 273 2196 ut
304 2169 348 2195 ea
381 2159 447 2208 qui
479 2159 660 2196 nesciunt
692 2160 901 2209 opinentur
933 2171 1019 2197 esse
1053 2159 1179 2197 divina
1213 2155 1336 2211 (unde
1369 2160 1420 2197 fa-

88 2222 193 2254 ctum
232 2221 308 2267 est,
347 2221 389 2254 ut
426 2217 464 2253 in
505 2216 671 2266 quodam
703 2216 846 2267 templo
879 2216 1071 2267 lapidibus
1104 2217 1349 2267 magnetibus
1380 2219 1419 2255 in

181 2307 239 2349 24)
266 2308 296 2339 2.
325 2303 402 2339 Cor.
431 2309 484 2348 11,
513 2308 564 2339 14.

1070 2364 1139 2397 30*

1069 2388 1074 2397 ι
1095 2389 1110 2398 -a

1453 772 1495 802 10

1450 1644 1492 1674 25

1449 1936 1492 1966 30

1448 2226 1490 2256 35
