1548 2562
405 133 456 157 DE
476 132 664 157 CIVITATE
683 133 752 157 DEI
772 133 805 158 L.
826 133 891 157 XX.
911 132 939 157 O.
960 134 1001 158 19.
1284 124 1367 164 45],

42 221 196 260 videtur
227 221 441 272 occultum,
473 221 622 260 hortari
655 226 784 259 autem
817 220 1032 272 apostolum
1064 221 1215 273 fideles,
1255 228 1299 261 ut
1329 224 1369 260 in

40 280 115 318 fide
148 292 263 330 quam
295 284 430 318 tenent
461 281 651 318 tenaciter
681 285 953 331 perseverent,
985 280 1166 319 dicendo:
1203 280 1370 319 Tantum

40 341 111 386 qui
148 340 260 377 modo
300 342 405 376 tenet
442 342 593 386 teneat,
638 339 763 376 donee
802 340 850 376 de
888 341 1014 377 medio
1048 341 1140 386 fiat,
1185 338 1258 377 hoc
1299 344 1368 389 est,

40 397 163 435 donec
184 401 295 434 exeat
320 396 366 434 de
388 396 515 434 medio
542 396 726 434 ecclesiae
754 398 981 446 mysterium
1008 398 1233 449 iniquitatis,
1266 397 1369 447 quod

40 467 144 493 nunc
176 454 372 493 occultum
399 460 468 492 est.
529 454 584 491 Ad
617 456 745 504 ipsum
777 456 878 493 enim
912 457 1138 505 mysterium
1170 457 1368 506 pertinere

39 513 291 564 arbitrantur,
323 512 425 563 quod
452 514 504 550 ait
532 514 571 550 in
599 512 763 563 epistula
795 525 864 551 sua
896 513 1086 551 Iohannes
1119 514 1370 564 evangelista:

39 572 179 623 Pueri,
210 573 422 610 novissima
452 572 554 609 hora
587 576 664 615 est;
703 576 741 609 et
770 573 874 610 sicut
905 574 1090 619 audistis,
1123 575 1230 620 qaod
1259 574 1368 611 Ante·-

39 632 212 668 christus
241 632 293 667 εῖτ
323 634 523 677 venturas,
556 641 662 668 nunc
694 635 825 668 autem
858 631 1098 669 Antichriste·
1126 634 1240 669 malti
1265 631 1372 680 faeti

37 693 151 734 sunt;
193 689 299 726 unde
343 690 616 735 eoqnosez‘mus
653 689 760 735 quod
795 690 1005 726 novissima
1042 691 1094 727 sit
1130 691 1242 728 hora.
1304 691 1369 728 Ex

37 748 150 785 nobis
181 748 390 791 exz‘erunt;
431 748 503 784 sed
532 758 610 784 non
642 751 760 784 erant
791 759 841 785 ea:
872 748 994 785 nobis.
1063 748 1178 793 Quod
1206 751 1242 786 se·
1266 748 1366 796 fuis-

36 809 125 843 sent
166 816 218 843 ex
260 806 392 855 nobis,
434 806 747 854 permansissent
792 807 927 852 utique
970 807 1183 844 nobiscnm.
1260 806 1369 846 Sicut

38 875 130 914 ergo
168 868 257 901 ante
294 863 411 900 finem
448 864 488 900 in
527 862 597 900 hac
629 863 741 913 hora,
779 864 983 913 inquiunt,
1029 876 1143 914 quam
1177 864 1367 904 lohannes

36 922 284 959 novissimam
311 921 416 971 dicit,
448 922 628 959 exierunt
654 920 764 958 multi
794 921 979 959 haeretici
1006 921 1052 958 de
1086 922 1212 960 medio
1245 923 1366 961 eccle-

36 981 127 1027 siae,
160 991 257 1030 quos
290 978 432 1017 multos
465 979 559 1017 dicit
590 979 868 1017 Antichristos:
900 981 951 1017 ita
984 992 1118 1018 omnes
1151 985 1245 1019 tunc
1276 981 1366 1020 inde

37 1038 216 1088 exibunt,
257 1039 323 1087 qui
355 1049 432 1075 non
465 1037 510 1075 ad
544 1037 760 1088 Christum,
794 1037 860 1075 sed
894 1037 938 1075 ad
973 1037 1079 1076 illum
1113 1040 1366 1078 novissimum

35 1096 316 1134 Antichristum
347 1095 612 1146 pertinebunt,
644 1101 682 1133 et
714 1101 807 1134 tunc
838 1096 1084 1134 revelabitur.

154 1154 261 1192 Alius
287 1166 380 1204 ergo
407 1155 474 1205 sic,
507 1154 603 1191 alius
630 1159 760 1192 autem
786 1155 841 1192 sic
868 1155 1031 1204 apostoli
1058 1155 1224 1194 obscura
1250 1157 1366 1195 verba

35 1214 245 1263 coniectat3
278 1212 380 1262 quod
413 1218 542 1250 tamen
576 1224 663 1249 eum
697 1212 839 1249 dixisse
874 1224 950 1250 non
985 1213 1146 1252 dubium
1179 1219 1255 1253 est:
1288 1228 1366 1254 non

34 1272 164 1309 veniet
190 1271 236 1309 ad
263 1272 368 1308 vivos
395 1276 433 1308 et
459 1275 634 1308 mortuos
667 1270 894 1308 iudicandos
928 1270 1117 1324 Christus,
1150 1274 1224 1310 nisi
1255 1275 1365 1324 prius

33 1331 184 1367 venerit
215 1329 261 1367 ad
294 1328 537 1367 seducendos
568 1330 608 1366 in
641 1330 765 1366 anima
797 1334 973 1367 mortuos
1005 1330 1248 1369 adversarius
1281 1334 1364 1370 eius

34 1387 315 1438 Antichristus,
347 1388 521 1437 quamvis
548 1387 593 1424 ad
621 1387 816 1425 occultum
850 1389 923 1425 iam
957 1389 1144 1427 iudicium
1176 1389 1245 1427 Dei
1277 1403 1363 1441 per-

33 1448 172 1497 tineat,
212 1445 314 1496 quod
348 1445 393 1483 ab
426 1445 490 1483 illo
523 1445 772 1483 seducentur.
834 1447 1072 1485 Praesentia
1105 1449 1247 1498 quippe
1280 1451 1365 1487 eius

33 1507 121 1552 erit,
154 1505 255 1542 sicut
287 1503 434 1541 dictum
466 1509 542 1554 est,
573 1506 790 1542 seeundum
823 1508 1093 1553 operationem
1124 1511 1292 1545 satanae
1324 1510 1365 1546 in

33 1564 139 1601 omni
168 1564 314 1601 virtute
352 1567 390 1600 et
425 1564 549 1610 sionis
587 1567 625 1600 ec
657 1564 855 1611 procle'glie's
887 1565 1089 1602 mendacii
1118 1569 1157 1602 et
1188 1567 1227 1602 in
1260 1568 1367 1603 omni

32 1622 262 1660 seductione
302 1622 524 1668 iniquitatis
555 1622 632 1668 his,
674 1623 744 1668 qm·
769 1626 950 1669 pereunt.
1011 1621 1122 1660 Tunc
1155 1624 1257 1660 enim
1290 1623 1362 1661 sol-

34 1684 147 1717 vetur
180 1684 331 1716 satanas
364 1684 402 1716 et
427 1691 498 1729 per
529 1678 637 1716 illum
664 1679 946 1717 Antichristum
978 1681 1017 1717 in
1050 1682 1155 1718 omni
1188 1694 1254 1719 sua
1289 1684 1362 1720 vir-

33 1742 116 1775 tute
143 1735 372 1775 mirabiliter
397 1737 566 1787 quidem,
598 1737 665 1774 sed
693 1738 930 1775 mendaciter
963 1738 1198 1788 operabitur.
1257 1740 1362 1784 Quae

32 1795 130 1833 solet
162 1794 302 1845 ambigi
334 1799 466 1833 utrum
498 1800 705 1845 propterea
737 1795 837 1834 dicta
869 1797 946 1834 sint
978 1798 1086 1847 signa
1119 1803 1158 1835 et
1189 1799 1363 1849 prodigia

31 1853 241 1904 mendacii,
280 1855 461 1903 quoniam
500 1853 683 1891 mortales
726 1866 864 1892 sensus
896 1867 966 1905 per
998 1855 1265 1905 phantasmata
1298 1859 1360 1895 de-

31 1917 218 1962 cepturus
250 1917 326 1962 est,
359 1917 402 1950 ut
434 1911 536 1962 quod
569 1924 646 1949 non
679 1912 770 1950 facit
802 1913 929 1951 facere
961 1914 1159 1965 videatur,
1192 1927 1239 1952 au
1273 1917 1361 1965 quia

30 1969 94 2007 illa
126 1971 219 2021 ipsa,
251 1971 401 2008 etiamsi
433 1975 549 2008 erunt
580 1982 670 2008 vera
702 1971 887 2022 prodigia,
920 1971 965 2009 ad
998 1972 1242 2011 mendacium
1275 1986 1360 2024 per-

31 2027 188 2066 trahent
231 2028 450 2067 credituros
495 2040 572 2066 non
616 2040 660 2067 ea
703 2031 876 2079 potuisse
922 2030 995 2067 nisi
1040 2030 1224 2069 divinitus
1265 2033 1360 2083 fieri,

1396 757 1439 786 10

1394 1048 1437 1079 15

1389 1632 1432 1662 25

1388 1925 1431 1955 30

30 2087 214 2125 virtutem
240 2086 381 2124 diaboli
408 2088 646 2138 nescientes3
679 2090 842 2126 maxime
870 2088 1023 2138 quando
1050 2094 1208 2141 tantam,
1241 2103 1359 2141 quan-
1404 2094 1407 2098 ’

126 2177 182 2219 11)
211 2178 240 2209 1.
268 2174 316 2210 10.
344 2179 376 2219 2,
408 2179 446 2209 18
473 2187 524 2219 sq.

127 2296 168 2326 18
195 2291 379 2326 coniectat
403 2292 457 2334 R‚-
484 2292 691 2327 coniectant
718 2294 774 2327 Av
