1548 2562
430 133 482 158 DE
501 132 689 158 CIVITATE
709 132 777 157 Dm
796 132 828 157 L.
848 131 928 156 ΧΠ.
948 130 977 157 c.
997 132 1021 157 3.
1362 121 1384 161 7

60 228 208 272 yravat
243 222 453 261 animam.“
512 221 620 260 Unde
660 223 774 259 etiam
809 220 912 258 idem
949 218 1146 271 apostolus
1183 230 1301 269 agens
1338 218 1384 256 de

62 282 136 320 hoc
167 280 410 331 corruptibili
444 292 620 331 corpore,
652 279 698 318 de
731 291 806 330 quo
838 278 950 330 paulo
983 283 1070 316 ante
1103 277 1268 316 dixerat:
1301 277 1389 315 Etsi

63 342 240 378 exterior
270 340 381 378 bomo
412 343 546 377 noster
578 340 868 387 corrumpitur:
906 338 1077 383 Scimus,
1109 337 1247 387 inquit,
1278 338 1386 383 quia,

61 400 99 437 si
127 403 290 436 terrena
327 401 464 436 nostra
502 398 638 435 domus
679 397 936 434 habitationis
966 397 1206 441 resolvatur,
1247 395 1384 441 aedifi-

64 458 259 495 cationem
296 456 484 494 habemus
527 467 578 493 ex
615 455 717 501 Deo,
763 456 917 493 domum
958 465 1036 492 non
1073 465 1192 491 manu
1229 452 1384 501 factam
1412 459 1431 489 5

63 519 267 553 aeternam
298 516 340 552 in
373 515 505 552 caelis.
567 513 722 551 Etenim
755 515 795 550 in
827 514 902 551 boe
934 514 1242 560 inqemescimus,
1274 512 1385 549 liabi-

63 575 238 612 taculum
263 577 438 611 nostrum
463 573 570 619 quod
593 573 642 610 de
673 573 784 609 caelo
810 576 868 609 est
897 572 1135 619 superindui
1165 572 1366 618 cupientes
1374 583 1388 614 ,-

63 633 99 669 si
134 636 264 669 tamen
302 635 340 669 et
375 632 520 677 induti,
558 641 635 668 non
673 631 774 668 nudi
811 631 1072 667 inveniamur.
1132 628 1288 667 Etenim
1318 629 1389 675 qui

63 700 197 728 sumus
228 691 269 727 in
300 690 378 727 hae
408 690 670 740 habitatione,
702 689 1001 736 inqemescimus
1029 689 1209 738 mama,
1240 688 1280 725 in
1312 697 1388 734 quo

63 750 242 786 nolumus
267 749 497 796 exspoliari,
527 748 598 784 sed
621 747 889 795 supervestiri,
921 750 965 783 ut
990 746 1254 783 absorbeatur
1285 755 1385 783 mor-
1416 751 1457 781 10

67 808 146 844 tale
177 818 202 844 a
233 807 324 843 vita.
385 804 435 843 Et
466 804 718 855 adgravamur
749 816 840 854 ergo
868 802 1112 853 corruptibili
1144 815 1319 854 corpore,
1351 807 1389 841 et

64 865 186 914 ipsius
223 863 504 914 adgravationis
541 874 696 901 causam
733 874 810 900 non
850 867 1025 899 naturam
1058 861 1390 911 substantiamque

67 923 253 973 corporis,
287 922 353 960 sed
381 923 464 959 eius
491 923 782 971 corruptionem
813 921 981 958 scientes
1013 919 1193 957 nolumus
1226 931 1389 969 corpore

67 980 234 1031 spoliari,
266 980 333 1018 sed
360 981 443 1025 eius
469 979 744 1018 inmortalitate
770 979 914 1017 vestiri.
976 977 1025 1016 Et
1050 983 1143 1015 tunc
1170 979 1272 1015 enim
1305 978 1390 1028 erit,

67 1038 134 1076 sed
172 1040 261 1089 quia
301 1037 552 1089 corruptibile
591 1050 668 1076 non
701 1038 790 1088 erit,
829 1049 906 1075 non
938 1036 1120 1087 gravabit.
1182 1037 1392 1083 Adqravat
1419 1042 1460 1073 15

67 1109 158 1147 ergo
190 1109 294 1135 nunc
327 1099 498 1135 animam
537 1108 682 1145 eorpus
714 1096 991 1146 corruptibile,
1028 1100 1067 1133 et
1098 1096 1283 1143 deprimit
1314 1099 1390 1132 ter-

67 1168 167 1194 rena
193 1156 429 1194 inhabitatio
453 1166 610 1193 sensum
635 1157 757 1193 multa
784 1157 1033 1202 eoqitantem.
1094 1152 1238 1191 Ve1um
1265 1158 1393 1190 tamen

68 1215 134 1263 qui
171 1215 299 1251 omnia
337 1213 432 1251 mala
472 1215 620 1251 animae
662 1225 708 1251 ex
746 1224 910 1263 corpore
948 1216 1087 1262 putant
1116 1211 1322 1262 accidisse,
1354 1212 1393 1248 in

68 1283 201 1310 errore
233 1277 335 1310 sunt

185 1341 366 1386 Quamvis
415 1343 517 1379 enim
561 1340 752 1391 Vergilius
795 1340 1032 1378 Platonicam
1072 1339 1248 1378 videatur
1286 1338 1392 1377 lucu-
1421 1347 1463 1377 20

69 1399 183 1438 lentis
215 1399 391 1438 versibus
423 1400 613 1451 explicare
647 1401 877 1437 sententiam
910 1398 1060 1437 dicens:

185 1490 330 1542 Igneus
363 1495 424 1532 est
454 1493 540 1531 ollis
573 1493 686 1543 vigor
717 1496 757 1531 et
787 1493 967 1531 caelestis
1000 1493 1108 1541 origo

188 1551 422 1601 Seminibus,
453 1555 644 1600 quantum
674 1564 751 1589 non
780 1551 896 1589 noxia
927 1563 1090 1599 corpora
1119 1550 1279 1589 tardant

187 1610 424 1660 Terrenique
455 1611 644 1648 hebetant
675 1612 783 1647 artus
814 1609 1125 1657 moribundaque
1155 1609 1342 1657 membra,

72 1715 283 1752 omnesque
321 1703 404 1741 illas
442 1704 662 1740 notissimas
700 1707 883 1752 quattuor
921 1702 1037 1739 animi
1071 1700 1395 1752 perturbationes,
1422 1708 1464 1739 25

72 1761 322 1812 cupiditatem
358 1762 553 1812 timorem,
597 1760 780 1798 laetitiam
817 1761 1034 1811 tristitiam,
1078 1761 1187 1810 quasi
1226 1761 1395 1809 origines

72 1821 245 1857 omnium
287 1825 535 1870 peccatorum
579 1826 694 1869 atque
738 1820 919 1856 vitiorum
961 1817 1094 1856 volens
1137 1817 1308 1868 intellegi
1348 1829 1394 1855 ex

72 1889 235 1929 corpore
268 1877 442 1916 accidere
475 1877 682 1927 subiungat
713 1882 752 1915 et
782 1877 900 1915 dicat:

74 2024 97 2059 S
167 1980 200 2060 19)
233 1978 316 2059 ῗὲρ.
348 1982 387 2020 9,
420 1981 472 2012 15.
522 1980 559 2022 3)
585 1982 616 2013 2.
644 1977 723 2012 Cor.
750 1981 789 2020 4,
822 1981 876 2013 16.
929 1979 984 2021 11)
1011 1977 1061 2012 Ib.
1090 1980 1127 2020 5,
1165 1980 1182 2010 1
1210 1988 1287 2021 sqq.
1340 1979 1395 2020 17)

100 2036 156 2070 ap.
202 2053 209 2068 ,
284 2054 289 2060 .

166 2157 188 2187 4
212 2153 450 2188 habitationis
482 2153 607 2195 VA¹v‚·
638 2152 745 2187 huius
770 2152 854 2187 hab.
880 2151 1012 2195 A2Fef
1036 2153 1048 2196 ΙΙ
1077 2152 1283 2186 resoluatur
1307 2162 1396 2193 mss;

74 2199 221 2234 dissolv.
241 2213 263 2234 v
282 2201 294 2244 ΙΙ
313 2205 333 2234 6
353 2204 385 2234 et
404 2204 424 2234 9
449 2199 721 2244 ingemiscimus
740 2210 759 2233 v
778 2201 790 2243 11
809 2203 828 2233 9
849 2199 887 2233 111
899 2210 976 2247 quo
997 2199 1031 2232 A
1052 2200 1086 2242 (l
1102 2202 1152 2233 20
1171 2209 1198 2233 o.
1214 2202 1260 2233 17
1273 2199 1358 2233 med.
1360 2202 1396 2239 );

72 2246 238 2327 ἰθΡᾳηοᾱ
272 2246 322 2288 V‚·
347 2258 389 2281 eo
415 2247 513 2291 quod
536 2258 556 2281 v
588 2248 600 2291 ΙΙ
632 2250 675 2280 14
701 2240 902 2290 exspoliari
920 2257 940 2280 v
966 2247 978 2290 ΙΙ
1004 2249 1047 2279 22
1074 2245 1155 2280 ollis
1182 2245 1298 2286 AFv‚·
1322 2244 1396 2279 illis

149 2304 214 2328 arr
