1611 2465
91 705 133 735 10

91 996 133 1027 15

89 1289 133 1319 20

89 1582 132 1612 25

90 1874 133 1904 30

159 72 245 113 530
695 82 722 107 s.
742 82 958 109 AUGcsrna

159 176 369 222 conantur,
400 177 443 209 ut
473 171 561 209 ideo
595 170 774 209 videlicet
804 183 895 209 vera
927 172 1021 223 sint,
1054 174 1143 223 quia
1175 185 1239 225 ea,
1273 186 1370 224 quae
1404 174 1500 213 dixit

159 229 336 267 homines
370 241 454 267 esse
487 241 691 281 passuros,
723 231 802 280 pati
834 229 940 280 digni
973 236 1083 283 sunt,
1114 243 1192 269 non
1225 234 1314 282 quia
1345 234 1500 284 passuri

159 293 261 326 sunt.
324 287 490 325 Donabit
531 289 634 325 enim
674 299 762 340 eos,
802 289 1007 340 inquiunt,
1048 289 1231 340 precibus
1274 296 1500 330 sanctorum

160 358 343 397 suorum,
385 347 502 384 etiam
541 352 634 384 tunc
673 352 780 385 tanto
822 348 943 397 magis
984 349 1179 386 orantium
1221 361 1293 400 pro
1331 351 1500 389 inimicis

160 406 259 456 suis,
298 410 443 454 quanto
482 410 574 443 sunt
611 406 746 455 utique
786 407 1018 457 sanctiores,
1056 418 1271 457 eorumque
1304 408 1501 447 efficacior

160 469 221 501 est
252 464 374 501 oratio
408 468 446 501 et
478 463 724 501 exauditione
757 463 826 502 Dei
859 464 1028 516 dignior,
1066 466 1141 503 iam
1174 465 1323 504 nullum
1355 466 1499 505 haben-

160 523 257 559 tium
303 523 460 559 omnino
502 527 718 572 peccatum.
781 521 860 560 Cur
902 534 994 573 ergo
1040 523 1173 561 eadem
1214 525 1501 575 perfectissima

161 581 364 618 sanctitate
404 585 443 618 et
481 586 621 618 cuncta
658 582 868 631 impetrare
907 581 1124 620 valentibus
1162 583 1429 622 mundissimis
1462 589 1501 622 et

160 638 538 677 misericordissimis
564 638 749 689 precibus
782 641 898 678 etiam
929 651 1001 690 pro
1034 640 1179 691 angelis
1211 653 1289 679 non
1321 641 1501 694 orabunt,

160 696 303 747 quibus
347 703 505 747 paratus
551 703 611 735 est
653 698 754 748 ignis
798 703 999 745 aeternus,
1043 704 1087 737 ut
1124 698 1227 738 Deus
1267 702 1501 739 sententiam

160 767 270 793 suam
310 757 459 806 mitiget
497 760 536 794 et
575 756 751 794 reflectat
788 757 828 794 in
870 756 1008 795 melius
1047 769 1191 808 eosque
1230 757 1276 796 ab
1314 758 1378 797 illo
1411 760 1499 809 igne

160 814 275 852 saciat
318 812 496 852 alienos?
557 814 615 852 An
656 816 731 853 erit
771 815 934 853 forsitan
972 817 1198 867 quisquam,
1243 818 1309 867 qui
1347 822 1386 855 et
1426 817 1500 855 hoc

160 872 338 911 futurum
376 884 461 911 esse
500 879 724 924 praesumat
762 873 969 912 adfirmans
1009 875 1124 912 etiam
1157 880 1311 913 sanctos
1343 875 1501 926 angelos

161 931 275 969 simul
320 943 410 969 cum
451 933 595 970 sanctis
633 931 880 983 hominibus,
925 933 992 982 qui
1029 938 1123 971 tunc
1162 933 1343 984 aequales
1385 940 1501 972 erunt

160 990 306 1040 angelis
339 989 426 1041 Dei,
464 1002 535 1040 pro
575 990 802 1028 damnandis
840 983 1057 1040 et'angelis
1091 997 1129 1029 et
1159 991 1383 1031 hominibus
1416 1004 1500 1031 ora-

160 1053 282 1099 turos,
313 1054 357 1086 ut
383 1048 651 1086 misericordia
678 1061 756 1086 non
781 1050 990 1100 patiantur,
1023 1049 1127 1099 quod
1154 1052 1316 1089 veritate
1348 1062 1500 1089 meren-

161 1111 224 1144 tur
265 1104 372 1157 pati?
436 1106 547 1152 Quod
589 1119 702 1144 nemo
743 1119 856 1145 sanae
894 1107 984 1145 fidei
1022 1108 1137 1159 dixit,
1175 1120 1289 1147 nemo
1322 1109 1500 1148 dicturus

160 1170 230 1203 est.
292 1165 445 1215 Alioqui
486 1165 589 1210 nulla
632 1177 747 1203 causa
788 1171 865 1217 est,
909 1177 980 1204 cur
1021 1178 1098 1204 non
1137 1168 1253 1205 etiam
1291 1179 1397 1206 nunc
1428 1179 1500 1218 pro

159 1222 312 1261 diabolo
346 1229 383 1261 et
416 1224 561 1273 angelis
594 1225 678 1261 eius
711 1229 797 1262 oret
828 1223 1004 1275 ecclesia,
1035 1236 1151 1274 quam
1183 1227 1368 1276 magister
1393 1225 1497 1264 Deus

160 1294 231 1333 pro
264 1283 432 1320 inimicis
465 1284 545 1320 suis
572 1283 686 1320 iussit
717 1294 842 1320 orare.
904 1281 1008 1320 Haec
1040 1284 1160 1333 igitur
1192 1295 1318 1335 causa,
1350 1296 1427 1335 qua
1458 1284 1501 1322 fit

160 1346 204 1378 ut
236 1352 340 1378 nunc
379 1340 544 1378 ecclesia
581 1352 659 1378 non
698 1347 784 1379 oret
820 1353 891 1391 pro
925 1340 1033 1378 malis
1065 1341 1232 1391 angelis,
1279 1354 1376 1392 quos
1409 1355 1500 1381 suos

161 1411 247 1437 esse
281 1400 387 1437 novit
418 1400 617 1450 inimicos,
649 1398 783 1437 eadem
814 1401 897 1449 ipsa
930 1411 1044 1437 causa
1078 1406 1147 1450 est,
1180 1412 1255 1450 qua
1286 1402 1353 1439 fiet
1384 1406 1428 1440 ut
1458 1402 1498 1440 in

160 1457 224 1495 illo
263 1463 356 1496 tunc
393 1457 538 1496 iudicio
579 1459 694 1496 etiam
731 1469 803 1508 pro
842 1457 1064 1496 hominibus
1097 1464 1256 1497 aeterno
1288 1460 1377 1510 igne
1410 1471 1498 1498 cru-

161 1516 326 1568 ciandiS,
365 1518 539 1566 quamvis
570 1517 745 1567 perfecta
777 1517 827 1555 sit
859 1518 1080 1568 sanctitate,
1120 1529 1197 1554 non
1230 1524 1325 1556 oret.
1386 1517 1498 1556 Nunc

161 1576 261 1612 enim
308 1580 516 1625 propterea
560 1587 631 1625 pro
677 1576 732 1613 eis
777 1581 878 1626 orat,
924 1586 1021 1625 quos
1061 1576 1101 1613 in
1145 1587 1289 1626 genere
1330 1575 1499 1614 humano

160 1632 276 1671 habet
314 1635 513 1684 inimicos,
552 1635 641 1684 qnia
680 1639 835 1684 tempus
874 1639 933 1671 est
971 1635 1229 1684 paenitentiae
1263 1634 1499 1673 fructuosae.

159 1691 255 1730 Nam
295 1692 387 1741 quid
426 1693 590 1730 maxime
628 1704 699 1742 pro
740 1693 796 1730 eis
834 1698 938 1742 orat,
983 1693 1057 1729 nisi
1095 1698 1139 1730 ut
1175 1694 1242 1730 det
1272 1695 1349 1731 illis
1380 1693 1499 1740 Deus,

160 1752 262 1788 sicut
293 1750 388 1788 dicit
419 1750 636 1801 apostolus,
670 1753 959 1800 paenitentiam
991 1756 1029 1788 et
1059 1753 1301 1799 resipiscant
1331 1752 1380 1790 de
1412 1753 1498 1790 dia-

160 1810 239 1847 boli
269 1811 434 1856 laqueis,
466 1821 491 1847 α
523 1821 600 1857 quo
633 1812 784 1857 captivi
813 1814 999 1848 tenentur
1030 1811 1248 1848 secundum
1280 1808 1403 1858 ἱρείας
1435 1821 1498 1848 vo-

160 1864 379 1906 luntatem?
429 1866 603 1917 Denique
632 1869 664 1905 si
691 1867 737 1906 de
764 1867 957 1917 aliquibus
989 1868 1040 1905 ita
1073 1872 1179 1905 certa
1212 1873 1326 1918 esset,
1358 1873 1400 1906 ut
1432 1869 1498 1918 qui

159 1927 237 1964 sint
280 1925 335 1963 illi
373 1927 489 1963 etiam
529 1931 682 1976 nosset,
727 1928 793 1975 qui
830 1926 921 1964 licet
958 1925 1082 1963 adhuc
1121 1926 1160 1962 in
1198 1925 1268 1963 hac
1307 1926 1382 1964 vita
1421 1927 1500 1964 sint

160 1985 384 2035 constituti,
427 1991 555 2022 tamen
596 1983 875 2034 praedestinati
915 1989 1006 2022 sunt
1042 1984 1082 2021 in
1121 1988 1323 2022 aeternum
1368 1985 1499 2034 ignem

158 2044 214 2080 ire
248 2055 336 2080 cum
370 2042 540 2080 diaholo:
573 2048 649 2080 tam
682 2054 753 2093 pro
785 2044 841 2080 eis
874 2054 951 2080 non
985 2047 1133 2093 oraret,
1176 2054 1291 2092 quam
1323 2054 1395 2080 nec
1427 2054 1498 2093 pro

158 2102 254 2151 ipso.
319 2100 395 2139 Sed
440 2102 529 2151 quia
574 2100 620 2139 de
662 2100 767 2139 nullo
809 2106 916 2139 certa
959 2105 1041 2151 est,
1086 2105 1170 2138 orat
1206 2112 1277 2150 pro
1318 2099 1498 2139 omnibus

91 2166 135 2197 35
163 2158 362 2198 dumtaxat
399 2158 623 2198 hominibus
661 2160 828 2197 inimicis
869 2160 950 2197 suis
982 2160 1021 2196 in
1053 2158 1126 2196 hoc
1159 2170 1324 2210 corpore
1356 2160 1498 2198 consti-

255 2251 313 2291 30)
341 2252 372 2282 2.
400 2248 492 2282 Tim.
520 2252 552 2291 2,
580 2252 623 2282 25
650 2260 700 2291 sq.
