1495 2489
85 88 141 129 60
616 94 643 120 s.
662 94 878 121 AUGUSTINI

634 227 787 269 CAPUT
818 228 873 269 II.

319 315 378 353 Be
406 316 502 360 filiis
534 315 671 352 carnis
703 318 741 351 et
767 315 862 360 liliis
890 315 1174 363 promissionis.

201 396 344 435 Umbra
383 407 473 433 sane
513 394 699 445 quaedam
738 397 903 434 civitatis
940 395 1056 433 huius
1095 401 1133 433 et
1170 397 1294 445 imago
1326 406 1414 445 pro-

84 455 237 506 phetica
283 456 317 492 ei
356 454 626 504 significandae
664 455 793 504 potius
832 466 943 504 quam
988 454 1291 504 praesentandae
1334 464 1414 491 ser-

39 522 58 552 5
86 515 177 551 vivit
214 515 253 551 in
292 514 428 564 terris,
466 524 542 562 quo
581 524 663 550 earn
704 518 878 563 tempore
911 512 1169 550 demonstrari
1201 511 1416 563 oportebat,

87 579 124 610 et
157 571 258 609 dieta
299 577 358 609 est
395 572 509 609 etiam
548 572 630 621 ipsa
663 573 795 609 civitas
829 577 960 609 sancta
992 572 1131 609 merito
1164 571 1416 622 significantis

87 632 283 681 imaginis,
321 641 399 667 non
438 642 662 681 expressae,
700 631 801 668 sicut
839 630 968 668 sutura
1001 635 1076 680 est,
1114 631 1299 667 veritatis.
1362 628 1416 666 De

86 689 156 726 hac
196 689 363 737 imagine
402 690 594 726 serviente
637 694 676 726 et
712 688 758 726 de
797 688 877 738 illa,
910 700 1024 738 quam
1056 688 1263 739 significat,
1294 687 1418 725 libera

87 748 240 785 civitate
287 748 342 784 sie
386 746 582 797 apostolus
627 746 673 784 ad
718 746 868 784 Galatas
909 746 1099 797 loquitur:
1142 747 1274 785 Dicite
1309 747 1417 793 mihi,

18 815 58 845 10
83 807 226 856 inquit,
257 807 329 844 sub
361 808 446 853 leqe
475 807 646 844 volentes
687 818 770 844 esse
800 808 923 854 leqem
954 817 1032 844 non
1064 806 1258 844 audistis?
1306 805 1415 844 Scri-

81 870 193 913 ptum
225 869 283 903 est
313 866 431 911 enim,
472 866 580 912 quod
608 865 813 902 Abraham
846 866 943 902 duos
970 866 1075 910 filios
1106 865 1262 911 habuit,
1295 875 1418 902 unum

86 925 135 961 de
168 925 317 961 aneilla
349 927 388 960 et
417 934 539 961 unum
572 924 620 961 de
651 924 790 961 libera.
853 924 934 961 Sed
964 925 1028 961 ille
1059 924 1236 970 quidem,
1269 924 1339 971 qui
1369 923 1418 960 de

86 983 255 1029 ancilla,
292 983 510 1020 secundum
554 993 718 1020 carnem
756 986 874 1019 natus
911 985 989 1027 est;
1029 983 1099 1029 qui
1129 985 1260 1020 autem
1293 983 1342 1019 de
1372 982 1416 1019 li-

87 1041 196 1087 bera,
223 1052 299 1089 per
324 1042 690 1088 repromissionem;
721 1052 824 1088 quae
854 1045 946 1078 sunt
976 1042 1016 1078 in
1048 1042 1254 1088 alleyoria.
1304 1039 1418 1078 Haec

18 1107 59 1138 15
86 1101 188 1136 enim
225 1103 318 1137 sunt
355 1100 434 1137 duo
472 1103 720 1146 testamenta,
758 1110 880 1136 unum
912 1100 1069 1146 quidem
1101 1110 1126 1136 a
1157 1103 1286 1137 monte
1317 1098 1417 1136 Sina

87 1159 127 1195 in
158 1159 387 1195 servitutem
410 1169 624 1205 yenerans,
656 1158 764 1204 quad
793 1162 852 1195 est
876 1158 1011 1205 Ayar;
1043 1157 1141 1195 Sina
1174 1159 1277 1196 enim
1308 1168 1418 1195 mons

87 1220 144 1254 est
181 1217 221 1253 in
258 1217 431 1262 Arabia,
469 1227 573 1263 quae
611 1218 825 1254 coniuncta
863 1222 920 1254 est
956 1217 1050 1253 huie
1087 1227 1192 1263 quae
1222 1227 1330 1254 nunc
1361 1218 1418 1253 est

86 1274 360 1318 Hierusalem
402 1276 526 1312 servit
569 1276 672 1312 enim
716 1286 805 1312 eum
841 1276 938 1320 filiis
977 1276 1069 1312 suis.
1138 1274 1248 1320 Quae
1286 1278 1417 1312 autem

86 1343 243 1370 sursum
270 1337 327 1370 est
351 1333 614 1380 Hierusalem,
646 1334 774 1371 libera
800 1338 867 1379 est,
899 1344 1002 1380 quae
1027 1337 1084 1371 est
1108 1338 1237 1371 mater
1268 1337 1416 1371 nostra.

17 1400 61 1431 20
88 1391 292 1439 Scriptum
336 1396 393 1429 est
436 1393 557 1429 enim:
602 1391 777 1429 Laetare
816 1393 984 1437 sterilis,
1028 1402 1132 1438 quae
1174 1402 1252 1429 non
1289 1392 1417 1440 paris,

87 1460 249 1497 erumpe
286 1454 323 1487 et
360 1451 559 1496 exclama,
604 1461 707 1497 quae
744 1461 822 1488 nan
850 1451 1056 1498 parturis;
1088 1451 1275 1497 quoniam
1306 1450 1420 1487 multi

82 1509 161 1554 filii
191 1509 393 1555 desertae,
431 1510 558 1555 maffl's
590 1519 708 1555 quam
740 1510 825 1546 eius
856 1520 959 1555 quae
990 1509 1110 1546 habet
1139 1510 1278 1546 virum.
1339 1508 1418 1545 Nos

87 1570 239 1613 autem,
267 1565 438 1613 fratres,
469 1568 687 1604 seeundum
718 1567 839 1605 Isaac
864 1568 1139 1616 promissionis
1165 1568 1245 1613 filii
1272 1577 1416 1604 sumus,

88 1624 170 1663 Sed
197 1626 303 1662 sicut
327 1630 431 1671 lunc,
464 1627 534 1672 qui
556 1626 774 1663 secundum
807 1636 970 1663 carnem
1001 1629 1118 1663 natus
1145 1623 1296 1673 fuerat,
1323 1637 1416 1674 per-

18 1692 61 1723 25
89 1684 331 1731 sequebatur
374 1695 478 1731 eum,
524 1685 594 1731 qui
627 1685 845 1722 secundum
884 1685 1085 1732 spiritum:
1131 1685 1187 1722 ita
1224 1688 1262 1722 el
1299 1694 1416 1722 nunc.

89 1741 171 1780 Sed
200 1742 298 1789 quid
328 1743 427 1779 dicit
461 1744 693 1790 scriptura?
743 1742 840 1780 Eice
871 1744 1058 1780 ancillam
1090 1746 1128 1780 et
1153 1744 1280 1788 filium
1311 1743 1418 1787 eius;

87 1811 165 1838 non
209 1801 311 1838 enim
360 1800 476 1838 heres
520 1802 598 1838 erit
635 1802 744 1846 filius
787 1802 960 1839 ancillae
1000 1811 1089 1838 cum
1127 1802 1211 1846 filio
1252 1801 1416 1839 liberae.

89 1859 167 1896 Nos
199 1863 340 1904 autem,
369 1857 536 1906 fratres,
568 1869 646 1896 non
671 1870 804 1896 sumus
836 1861 1010 1896 ancillae
1036 1860 1122 1905 filii,
1154 1859 1226 1896 sed
1254 1859 1417 1906 liberae,

88 1928 167 1964 qua
206 1917 390 1954 libertale
432 1917 611 1954 Chrislus
648 1928 718 1954 nos
755 1917 948 1954 liberauit.
1012 1915 1113 1953 Haec
1153 1916 1276 1954 forma
1307 1916 1417 1954 intel-

17 1985 62 2016 30
88 1973 240 2025 legendi
279 1973 326 2012 de
365 1974 573 2025 apostolica
612 1976 842 2013 auctoritate
874 1974 1114 2013 descendens
1146 1973 1274 2014 locum
1306 1974 1417 2013 nobis

180 2066 239 2107 29)
266 2062 343 2098 Gal.
372 2068 404 2107 4,
430 2067 471 2097 21
501 2075 576 2107 sqq.

183 2173 223 2203 17
251 2169 313 2212 qui
333 2168 548 2203 coniunctus
568 2170 623 2202 est
643 2180 660 2202 v
680 2170 691 2212 ΙΙ
713 2173 753 2203 19
779 2170 904 2203 nostra
932 2168 1116 2211 VRAFef
1134 2170 1269 2213 (proqr.
1282 2179 1316 2212 p.
1333 2171 1396 2210 16)
1404 2181 1416 2211 ‚-

86 2217 248 2298 ξὲἓῃέᾖὲῃ
280 2217 444 2250 nostrum
470 2226 489 2250 v
508 2216 520 2259 ΙΙ
539 2219 581 2250 21
609 2216 647 2250 et
671 2215 834 2250 exclama
861 2215 969 2250 VAF
990 2216 1032 2257 (l.
1053 2219 1112 2257 18,
1132 2226 1158 2250 e.
1179 2218 1264 2259 29),·
1291 2217 1328 2250 et
1346 2215 1417 2250 cla-
