1548 2562
421 143 472 168 DE
493 142 681 168 CIVITATE
701 143 771 168 Dm
790 143 823 168 L.
843 143 942 168 xxn.
962 142 990 168 c.
1011 144 1051 167 24.
1327 133 1412 172 615

84 232 256 271 indicant
286 244 407 283 purae
448 232 566 270 facies
598 232 847 283 feminarum,
884 243 979 282 quas
1010 232 1146 282 utique
1177 230 1413 269 infirmiores

86 292 229 330 muniri
261 292 383 329 tutius
416 292 652 328 conveniret.
716 289 756 328 Si
795 301 886 340 ergo
919 289 1067 328 nullum
1099 288 1335 339 membrum,
1372 289 1412 326 in

82 349 141 387 his
174 349 330 399 quidem
363 350 584 400 conspicuis
617 344 738 401 (unde
770 347 929 398 ambigit
959 343 1112 400 nemo),
1144 346 1247 398 quod
1279 348 1332 384 ita
1364 347 1412 384 sit

79 407 192 445 alicui
232 408 340 457 operi
382 406 733 458 accommodatum,
771 411 814 444 ut
851 417 928 444 non
967 407 1083 444 etiam
1121 407 1171 444 sit
1208 405 1411 455 decorum3

79 470 171 503 suut
202 470 331 503 autem
363 464 565 515 nonnulla,
603 476 771 515 quorum
810 463 934 502 solum
967 463 1086 502 decus
1119 468 1158 502 et
1189 463 1319 502 nullus
1352 468 1411 501 est
1438 471 1456 501 5

80 535 192 562 usus:
230 528 323 574 puto
363 523 471 561 facile
512 522 684 573 intellegi
714 524 753 560 in
785 522 1007 560 conditione
1040 523 1216 573 corporis
1247 522 1409 572 dignita-

80 586 159 619 tem
197 583 420 620 necessitati
459 581 578 619 fuisse
617 580 839 632 praelatam.
901 580 1130 619 Transitura
1169 585 1227 618 est
1266 581 1409 631 quippe

80 641 291 677 necessitas
318 644 550 690 tempusque
578 644 797 690 venturum,
831 638 983 689 quando
1017 638 1097 676 sola
1128 639 1294 677 invicem
1326 637 1409 688 pul-

80 697 299 736 chritudine
326 699 410 736 sine
437 697 513 736 ulla
539 696 698 735 libidine
731 697 997 748 perfruamur3
1031 696 1133 747 quod
1166 698 1331 735 maxime
1364 695 1409 734 ad

78 755 231 794 laudem
263 755 513 794 referendum
546 761 605 793 est
637 755 870 806 Conditoris,
902 756 965 794 cui
997 755 1140 793 dicitur
1171 756 1212 793 in
1242 754 1410 806 psalmo:
1440 763 1481 793 10

84 814 373 862 Confessionem
405 819 443 852 et
473 816 655 853 decorem
689 815 863 852 induisti.

196 872 275 910 Iam
318 877 448 910 cetera
487 871 736 922 pulchritudo
779 877 817 909 et
857 871 1003 910 utilitas
1045 877 1268 923 creaturae,
1314 883 1410 922 quae

79 930 244 982 homini,
281 930 372 969 licet
408 932 448 968 in
487 931 584 968 istos
616 929 768 968 labores
800 931 1055 980 miseriasque
1087 932 1262 981 proiecto
1295 936 1410 980 atque

80 988 276 1040 damnato,
315 988 522 1039 spectanda
566 993 681 1038 atque
720 987 907 1026 sumenda
945 988 1071 1026 divina
1112 988 1288 1038 largitate
1322 999 1411 1025 con-

80 1058 189 1085 cessa
221 1052 291 1098 est,
324 1059 399 1097 quo
432 1058 613 1084 sermone
645 1047 847 1084 terminari
878 1043 1035 1097 potest?
1066 1048 1106 1084 in
1139 1046 1234 1084 caeli
1267 1051 1305 1084 et
1335 1051 1412 1083 ter·
1442 1055 1482 1084 15

80 1117 145 1143 rae
178 1110 217 1143 et
247 1107 364 1143 maris
397 1104 622 1143 multimoda
659 1109 697 1142 et
735 1106 838 1142 varia
869 1104 1178 1155 pulchritudine,
1215 1105 1255 1142 in
1287 1105 1409 1154 ipsius

81 1163 178 1202 lucis
210 1168 314 1202 tanta
346 1164 457 1214 copia
490 1169 643 1213 tamque
675 1162 841 1200 mirabili
875 1164 1022 1213 specie,
1060 1164 1101 1200 in
1133 1162 1213 1200 sole
1246 1174 1290 1200 ac
1321 1162 1412 1200 luna

81 1227 120 1259 et
160 1221 377 1272 sideribus,
420 1223 461 1259 in
500 1220 755 1271 opacitatibus
794 1232 1021 1268 nemorum,
1066 1222 1107 1258 in
1145 1219 1342 1259 coloribus
1374 1225 1413 1258 et

81 1278 266 1318 odoribus
307 1279 466 1329 florum,
503 1280 543 1316 in
582 1278 804 1316 diversitate
844 1291 887 1316 ac
928 1278 1177 1317 multitudine
1210 1278 1413 1317 volucrum

81 1338 326 1390 garrularum
358 1343 473 1388 atque
504 1338 714 1387 pictarum,
746 1339 786 1374 in
818 1336 1046 1375 multiformi
1079 1338 1207 1387 specie
1240 1341 1298 1374 tot
1330 1342 1411 1374 tan-
1438 1345 1482 1375 20

82 1402 289 1446 tarumque
331 1396 604 1445 animantium,
643 1406 807 1445 quarum
839 1394 924 1432 illae
956 1394 1044 1445 plus
1076 1394 1220 1432 hahent
1252 1394 1413 1433 admira-

82 1456 217 1505 tionis,
256 1466 353 1504 quae
396 1453 507 1491 molis
541 1454 741 1491 minimum
775 1449 883 1505 (plus
916 1454 1020 1491 enim
1052 1453 1344 1491 formicularum
1378 1458 1416 1491 et

82 1512 322 1564 apicularum
349 1524 465 1562 opera
493 1516 694 1562 stupemus
727 1523 842 1561 quam
874 1513 1047 1549 inmensa
1081 1523 1245 1562 corpora
1277 1511 1413 1550 ballae-

83 1566 257 1623 narum),
295 1571 335 1608 in
373 1571 497 1621 ipsius
535 1582 691 1619 quoque
737 1570 853 1608 maris
891 1575 968 1608 tam
1006 1569 1142 1619 grandi
1180 1569 1414 1621 spectaculo,

84 1640 172 1668 cum
212 1640 297 1667 sese
335 1628 497 1666 diversis
537 1627 732 1666 coloribus
771 1627 874 1666 velut
915 1628 1087 1666 vestibus
1119 1627 1246 1666 induit
1277 1633 1316 1666 et
1348 1627 1410 1666 ali·
1440 1636 1482 1666 25

83 1687 237 1738 quando
258 1685 378 1724 viride
400 1691 514 1736 atque
535 1685 607 1724 hoc
627 1686 759 1724 multis
779 1685 915 1738 modis,
935 1685 1139 1736 aliquando
1160 1697 1414 1737 purpureum,

83 1744 289 1795 aliquando
310 1744 532 1782 caeruleum
559 1749 627 1782 est.
667 1743 790 1789 Quam
816 1756 932 1794 porro
960 1743 1240 1782 delectabiliter
1266 1749 1414 1795 specta-

86 1808 149 1842 tur
181 1804 296 1841 etiam
329 1802 653 1853 quandocumque
686 1801 878 1852 turbatur,
911 1808 949 1840 et
979 1803 1022 1840 fit
1052 1802 1142 1840 inde
1175 1803 1297 1840 maior
1329 1814 1414 1840 sua-

85 1862 197 1908 vitas,
230 1862 319 1911 quia
351 1862 406 1899 sic
433 1860 627 1899 demulcet
658 1861 887 1912 intuentem,
921 1865 963 1898 ut
994 1872 1071 1898 non
1103 1861 1220 1898 iactet
1251 1865 1290 1898 et
1322 1872 1413 1911 qua-

86 1920 153 1957 tiat
182 1918 441 1969 navigantem!
493 1918 593 1964 Quid
619 1917 795 1957 ciborum
823 1930 1103 1969 usquequaque
1137 1919 1246 1969 copia
1279 1924 1412 1957 contra
1441 1927 1485 1958 30

85 1974 253 2015 famem?
287 1977 378 2027 quid
406 1988 587 2028 saporum
614 1976 816 2015 diversitas
849 1981 983 2015 contra
1015 1976 1223 2026 fastidium,
1256 1982 1416 2015 naturae

85 2035 223 2073 diffusa
243 2034 397 2087 divitiis,
424 2047 501 2073 non
529 2046 744 2085 coquorum
770 2040 852 2073 arte
880 2047 923 2073 ac
943 2034 1073 2073 labore
1095 2032 1298 2085 quaesita?
1324 2035 1417 2086 quid

180 2124 235 2167 11)
262 2123 317 2157 Ps.
347 2127 424 2167 103,
451 2127 480 2158 1.

178 2210 198 2239 2
224 2206 428 2239 membrum
460 2206 515 2239 est
545 2215 565 2239 v
596 2206 608 2248 ΙΙ
639 2209 682 2239 20
714 2207 849 2239 tantar.
876 2205 931 2246 A;
956 2206 1090 2239 tantor.
1117 2204 1173 2239 Rv
1203 2207 1214 2247 Η
1246 2209 1287 2239 21
1315 2216 1416 2248 quar.

83 2251 274 2338 3235,AE
284 2262 384 2295 quor,
410 2251 476 2286 illa
494 2262 513 2285 v
533 2253 544 2295 ΙΙ
563 2255 606 2285 23
634 2252 766 2286 ballen.
787 2251 879 2292 RA‚-
904 2251 1023 2286 halen.
1044 2261 1086 2295 qv
1106 2251 1118 2294 ΙΙ
1137 2255 1180 2285 32
1207 2251 1296 2295 quid
1320 2251 1417 2292 ΒΑ,-
