1548 2562
402 169 453 193 DE
474 169 662 194 CIVITATE
682 170 751 195 DEI
770 170 802 194 L.
821 169 936 194 xvm.
956 169 985 195 c.
1004 170 1046 194 30.
1066 170 1108 195 31.
1329 158 1413 199 297

86 257 277 308 propheta
309 263 347 296 et
378 257 506 295 locum
539 258 578 294 in
611 270 687 307 quo
720 263 832 296 natus
865 263 924 296 est
956 257 1152 296 Christus:
1190 258 1242 295 Et
1266 262 1325 304 222,
1357 258 1414 295 in-

88 317 183 365 quit,
214 317 423 367 Bethleem,
450 318 586 354 domus
612 316 806 363 Ephrata,
832 319 994 354 222222222222
1021 328 1071 362 63,
1103 320 1147 353 222
1171 318 1224 354 323
1250 317 1290 353 222
1316 317 1413 352 222222-

87 374 159 411 bus
184 374 311 419 Iuda;
342 386 394 412 ex
418 378 456 412 te
480 375 579 411 2222122
597 376 769 422 prodiet,
800 379 845 411 ut
867 376 918 412 322
944 376 983 412 222
1009 376 1235 422 prz'netpem
1262 374 1394 411 Israel
1402 387 1416 418 ;

86 436 126 469 et
149 443 332 479 692633223
358 434 442 470 62223
468 433 517 470 ab
545 434 657 469 initio
689 436 728 469 et
758 444 810 470 ex
842 433 979 470 diebus
1011 434 1271 471 aeternitatis.
1316 432 1413 469 Pro-

81 493 224 538 pterea
250 491 363 528 dabit
387 501 452 528 eos
477 501 601 537 usque
632 491 689 528 ad
718 494 867 538 tempus
895 492 1172 538 parturientis,
1200 491 1346 538 pariet,
1379 494 1418 527 et
1441 496 1461 526 5

85 549 240 586 residui
277 547 433 596 fratres
476 550 561 586 62223
604 552 887 586 convertentur
930 550 986 586 ad
1020 550 1124 595 filios
1163 549 1303 586 Israel.
1366 548 1418 585 Et

84 607 205 643 stabit
235 610 274 644 et
303 607 452 644 videbit
475 611 514 644 et
532 611 674 654 pascet
701 617 865 654 qreqem
896 618 1009 644 32222222
1042 609 1081 645 222
1113 608 1258 645 vc'rtute
1284 607 1414 644 Domi-

84 666 138 711 222,
171 668 209 702 62
239 666 280 702 222
305 665 455 703 honore
480 666 647 702 nominis
674 664 834 702 Domini
857 665 934 703 Dei
963 667 1027 702 3222
1057 669 1199 709 6222222,·
1229 666 1417 713 quoniam

85 733 192 760 nunc
222 723 550 770 magnificabitur
581 734 705 769 usque
736 724 791 760 acl
819 734 1009 760 summum
1041 729 1188 761 terrae.

201 779 312 818 Ionas
350 786 479 818 autem
516 780 706 831 propheta
746 792 823 818 non
867 786 945 818 tam
984 793 1161 819 sermone
1205 780 1416 831 Christum,
1444 786 1486 817 10

85 849 200 888 quam
233 850 301 876 sua
333 838 497 888 quadam
522 840 702 888 passione
734 838 991 890 prophetavit,
1022 840 1198 889 profecto
1231 839 1417 889 apertius,

85 908 200 945 quam
239 897 271 934 si
309 898 395 935 eius
434 903 600 935 mortem
641 902 679 934 et
719 899 1050 935 resurrectionem
1087 909 1180 935 voce
1222 897 1416 934 clamaret.

84 953 135 991 Ut
177 954 268 1004 quid
310 957 414 992 enim
451 960 637 1005 exceptus
676 960 735 992 est
773 961 907 992 ventre
946 954 1102 993 beluino
1136 961 1174 993 et
1206 955 1267 992 die
1299 955 1415 992 tertio

85 1012 273 1063 redditus,
304 1014 379 1050 nisi
404 1018 448 1051 ut
474 1013 710 1062 significaret
736 1012 935 1050 Christum
969 1013 1014 1050 de
1048 1012 1241 1063 profundo
1274 1012 1417 1050 inferni

86 1069 147 1108 die
179 1065 295 1108 tertio
327 1069 574 1109 rediturum?
1445 1076 1487 1107 15

201 1128 279 1166 Ioel
311 1130 457 1180 omnia,
494 1141 591 1179 quae
631 1129 854 1179 prophetat,
893 1128 1025 1167 multis
1058 1129 1187 1167 verbis
1220 1127 1417 1179 compellit

85 1188 236 1238 exponi,
268 1192 310 1224 ut
342 1199 439 1236 quae
471 1189 670 1237 pertinent
702 1187 747 1225 ad
782 1186 980 1225 Christum
1013 1193 1051 1225 ct
1083 1187 1286 1225 ecclesiam
1319 1186 1415 1224 dilu-

85 1250 252 1283 cescant.
316 1244 441 1283 Unum
474 1250 619 1296 tamen,
661 1245 762 1295 quod
796 1247 911 1283 etiam
944 1245 1107 1295 apostoli
1139 1256 1415 1283 commemora-

84 1308 235 1354 verunt,
268 1303 419 1352 quando
452 1304 491 1340 in
524 1308 780 1353 congregatos
812 1303 1017 1341 credentes
1044 1302 1213 1353 Spiritus
1247 1307 1416 1353 sanctus,

85 1362 186 1399 sicut
212 1373 232 1398 a
258 1360 411 1398 Christo
436 1362 653 1411 promissus
680 1362 818 1411 fuerat,
849 1360 1018 1411 desuper
1050 1362 1166 1412 venit,
1198 1372 1275 1398 non
1308 1372 1416 1410 prae·
1443 1367 1487 1397 20

84 1420 306 1456 termittam.
368 1419 419 1456 Et
461 1421 554 1465 6222,
591 1420 735 1469 inquit,
772 1424 863 1467 post
901 1420 1018 1466 122260,
1058 1423 1095 1457 62
1133 1419 1336 1466 effundam
1370 1419 1418 1455 de

83 1478 227 1525 spiritu
265 1488 349 1515 meo
387 1489 508 1525 super
545 1488 695 1515 omnem
727 1488 914 1521 carnem;
953 1482 991 1515 et
1018 1478 1316 1525 prophetabunt
1342 1478 1420 1522 filii

84 1536 207 1573 vestri
237 1539 274 1573 et
300 1536 412 1581 filiae
437 1540 603 1582 vestrae,
637 1540 674 1573 et
703 1537 880 1573 seniores
913 1537 1033 1572 vestrl
1062 1537 1214 1573 3022222222
1246 1537 1416 1573 3022222222-

84 1593 198 1640 bunt,
230 1597 269 1631 et
299 1594 458 1631 iuvenes
488 1595 611 1631 2263222
640 1595 724 1630 visa
759 1594 968 1637 videbun&
1007 1598 1044 1630 et
1074 1594 1231 1639 quidem
1264 1594 1304 1630 222
1334 1604 1417 1630 362·-

84 1661 151 1688 υο3
191 1655 230 1689 62
266 1653 435 1689 ancillas
471 1662 579 1689 meas
619 1652 659 1688 222
698 1652 773 1688 illis
812 1651 949 1688 diebus
982 1650 1186 1697 effundam
1220 1651 1268 1688 de
1299 1652 1416 1698 spiri·
1445 1657 1487 1687 25

85 1713 126 1746 222
158 1719 253 1746 meo.

585 1786 736 1829 CAPUT
762 1788 914 1829 XXXI.

91 1860 202 1906 Quae
233 1862 272 1898 222
304 1861 445 1905 Abala,
479 1862 518 1898 222
545 1861 674 1898 Naum
706 1865 744 1898 et
773 1862 938 1900 Abacuc
970 1863 1019 1900 226
1049 1863 1177 1899 32222226
1207 1863 1346 1899 2222222222
1376 1864 1418 1900 222

365 1918 519 1956 Christo
548 1921 838 1966 praenuntiata
871 1921 1140 1967 reperiantur.

201 1987 299 2026 Tres
324 1987 535 2038 prophetae
564 1987 610 2025 de
638 1988 866 2039 minorihus,
897 1988 1052 2040 Abdias,
1083 1989 1217 2039 Naum,
1250 1988 1416 2040 Abacuc,
1442 1997 1486 2027 30

84 2057 157 2084 nec
189 2051 362 2096 tempora
396 2057 464 2083 sua
497 2045 631 2083 dicunt
662 2048 747 2098 ipsi,
780 2059 851 2084 nec
884 2048 924 2084 in
957 2047 1151 2085 chronicis
1184 2046 1344 2085 Eusehii
1378 2052 1418 2085 et

83 2172 103 2203 2
143 2123 212 2203 289)
241 2122 348 2157 Mich.
378 2126 410 2165 5,
437 2126 456 2156 2
478 2134 553 2167 sqq.
607 2125 663 2166 14)
682 2123 756 2157 Ion.
780 2128 811 2166 2,
840 2128 869 2159 1.
923 2126 978 2168 19)
1000 2115 1080 2158 Aet.⁸
1101 2128 1133 2167 2,
1163 2127 1215 2157 17.
1266 2126 1323 2167 26)
1341 2124 1416 2158 Ioel

108 2197 116 2212 2
212 2180 264 2212 sq-

177 2277 222 2307 24
247 2284 370 2307 seruos
396 2283 483 2314 2η33,·
514 2284 637 2308 servos
662 2285 761 2309 meos
787 2286 806 2308 v
838 2275 849 2317 ΙΙ
880 2278 924 2308 30
951 2275 1088 2309 abacuc
1114 2274 1219 2318 R¹A3
1253 2275 1415 2310 abbacuc

82 2319 138 2362 F‚·
164 2320 357 2354 ambacum
382 2319 456 2353 R2v
