1611 2465
113 814 155 844 10

115 1128 156 1159 15

112 1421 156 1451 20

185 77 266 118 156
718 85 744 110 s.
764 84 978 112 AUGUSTIM

181 188 259 214 non
299 181 473 227 caveret,
515 176 636 225 magis
677 180 884 224 temptaret
925 173 1068 225 Deum,
1110 186 1224 224 quam
1263 179 1439 224 speraret
1477 175 1516 211 in

180 233 315 272 Deum.
377 233 431 272 De
471 245 546 283 qua
583 245 625 270 re
665 238 800 270 contra
839 232 1138 270 calumniantem
1176 231 1362 270 Faustum
1400 231 1518 269 Mani·

181 292 344 330 chaeum
377 293 469 330 satis
502 291 680 329 diximus.
745 290 920 340 Denique
953 291 1096 328 sactum
1129 296 1199 342 est,
1231 290 1333 340 quod
1366 290 1412 328 de
1445 289 1517 328 Do-

180 352 284 388 mino
331 351 595 401 praesumpsit
639 348 842 387 Abraham.
904 348 998 387 Nam
1045 348 1193 386 Pharao
1238 360 1307 386 rex
1345 349 1519 399 Aegypti,

182 411 248 459 qui
282 421 365 446 eam
404 408 477 445 sibi
515 419 678 446 uxorem
711 413 930 459 acceperat,
969 408 1137 457 graviter
1170 406 1347 445 adflictus
1379 407 1518 444 marito

180 467 359 505 reddidit.
421 465 494 504 Ubi
532 465 632 504 absit
669 471 712 504 ut
750 465 955 504 credamus
999 465 1122 503 alieno
1155 464 1367 503 concubitu
1399 465 1519 503 fuisse

179 525 384 576 pollutam,
424 526 513 574 quia
551 524 672 562 multo
713 529 774 563 est
805 524 1049 575 credibilius,
1089 523 1162 561 hoc
1194 522 1436 561 Pharaonem
1467 522 1519 560 sa-

181 595 270 622 cere
303 582 590 621 adflictionibus
623 584 772 633 magnis
805 595 882 620 non
915 583 1035 621 fuisse
1069 583 1314 633 permissum.

716 718 867 761 CAPUT
899 719 992 760 XX.

182 806 242 844 De
271 807 494 844 secessione
525 805 626 843 Loth
658 809 697 843 et
727 805 928 855 Abrahae,
960 815 1064 851 quae
1096 805 1173 842 illis
1203 806 1316 842 salva
1349 805 1523 841 caritate

730 864 969 911 conplacuit.

300 945 471 983 Reverso
510 946 629 995 igitur
661 944 853 982 Abraham
893 955 940 982 ex
971 943 1144 993 Aegypto
1185 943 1225 981 in
1256 942 1385 981 locum
1418 943 1521 981 unde

182 1009 357 1055 venerat,
396 1015 499 1042 nunc
532 1002 631 1041 Loth
679 1003 809 1041 fratris
841 1001 943 1040 filius
975 1001 1021 1039 ab
1053 1001 1118 1039 illo
1150 1002 1189 1039 in
1222 1006 1367 1039 terram
1401 1001 1520 1039 Sodo-

183 1074 337 1100 morum
365 1061 466 1100 salva
494 1063 653 1100 caritate
681 1061 871 1099 discessit.
933 1059 1078 1098 Divites
1111 1061 1254 1110 quippe
1287 1060 1379 1098 facti
1411 1064 1522 1098 erant

184 1126 439 1171 pastoresque
467 1120 609 1158 multos
642 1131 830 1170 pecorum
861 1117 1004 1156 habere
1037 1124 1258 1169 coeperant,
1291 1116 1433 1168 quihus
1464 1119 1521 1156 in-

182 1184 243 1217 ter
275 1191 316 1217 se
354 1178 573 1217 rixantibus
612 1190 657 1215 eo
695 1177 809 1215 modo
851 1176 1080 1214 familiarum
1114 1188 1273 1215 suarum
1304 1188 1521 1227 pugnacem

183 1237 417 1275 discordiam
467 1238 697 1275 vitaverunt.
771 1235 929 1274 Poterat
978 1236 1122 1285 quippe
1173 1234 1287 1286 hinc,
1337 1240 1381 1273 ut
1430 1240 1522 1272 sunt

182 1295 360 1346 humana,
388 1296 503 1333 etiam
529 1296 633 1333 inter
658 1296 764 1345 ipsos
791 1294 917 1344 aliqua
943 1294 1026 1331 rixa
1051 1305 1301 1343 consurgere.
1352 1292 1520 1330 Proinde

182 1353 255 1391 hoc
283 1353 425 1391 malum
451 1354 720 1404 praecaventis
746 1352 921 1390 Abrahae
954 1351 1071 1389 verba
1102 1353 1176 1389 ista
1208 1356 1300 1389 sunt
1332 1350 1377 1389 ad
1403 1350 1522 1389 Loth:

184 1413 270 1450 Non
308 1415 359 1450 sit
398 1414 494 1450 rixa
534 1414 639 1450 inter
678 1422 738 1449 me
777 1416 813 1449 et
845 1416 899 1461 te,
932 1416 970 1448 et
1001 1412 1106 1448 inter
1132 1415 1317 1458 pastores
1349 1420 1454 1448 meos
1485 1414 1524 1448 et

184 1473 288 1508 inter
326 1475 511 1518 pastores
556 1474 662 1517 tuos,
707 1471 802 1517 quia
846 1470 1022 1507 homines
1061 1467 1218 1516 fratres
1262 1479 1332 1506 nos
1375 1479 1521 1506 sumus.

183 1530 322 1567 Nonne
360 1540 454 1567 ecce
492 1533 573 1567 tota
613 1534 726 1567 terra
765 1532 858 1566 ante
895 1532 933 1565 le
970 1528 1052 1565 est?
1102 1527 1273 1565 Discede
1311 1538 1336 1564 α
1375 1537 1458 1571 me;
1488 1528 1525 1564 si

183 1592 224 1625 tu
256 1589 297 1625 in
328 1588 551 1638 sinistram,
590 1598 662 1634 eqo
702 1589 743 1624 in
776 1587 962 1624 dextram
969 1599 984 1630 ‚·
1022 1587 1084 1623 vel
1111 1586 1148 1623 εἰ
1177 1589 1218 1623 tu
1250 1587 1291 1622 in
1324 1585 1522 1632 deoetram,

182 1657 254 1693 eqo
294 1647 334 1683 in
373 1647 591 1683 sinistram.
654 1644 752 1682 Hinc
796 1645 971 1681 fortassis
1005 1644 1142 1681 effecta
1174 1648 1233 1681 est
1264 1643 1368 1680 inter
1400 1642 1521 1680 homi-

114 1711 162 1742 25
192 1715 262 1741 nes
303 1703 461 1754 pacifica
499 1702 763 1754 consuetudo,
803 1708 863 1753 ut,
905 1701 1058 1752 quando
1097 1707 1345 1739 terrenorum
1380 1700 1522 1751 aliquid

181 1761 430 1812 partiendum
463 1766 533 1808 est,
565 1762 690 1799 maior
722 1760 876 1811 dividat,
908 1761 1034 1797 minor
1067 1759 1192 1809 eligat.

277 1864 311 1906 3)
337 1862 375 1896 L.
410 1866 453 1895 22
481 1872 509 1896 e.
537 1865 593 1896 36.
645 1862 680 1904 6)
707 1859 795 1895 Gen.
825 1864 884 1903 12,
911 1863 967 1894 20.
1019 1862 1077 1902 24)
1104 1858 1191 1894 Gen.
1223 1863 1282 1902 13,
1314 1862 1335 1892 8
1361 1870 1412 1902 sq.
1464 1860 1523 1903 26)

184 1909 309 1943 Senec.
338 1910 499 1943 controv.
528 1912 559 1951 6,
587 1911 606 1941 3

275 2039 317 2069 21
347 2038 383 2070 et
408 2036 504 2070 inter
529 2036 696 2080 pastores
723 2036 807 2069 tuos
845 2033 949 2068 VRF
971 2043 1034 2069 sec.
1063 2033 1213 2075 Graec.;
1239 2034 1335 2068 iuter
1361 2044 1427 2069 om.
1453 2044 1473 2067 v
