1548 2562
480 153 531 178 DE
551 152 738 178 CIVITATE
757 154 827 178 DEI
846 154 878 178 L.
898 154 981 179 XXI.
1001 153 1030 180 c.
1050 155 1074 179 s.
1357 145 1440 186 007

107 253 221 293 poma
252 242 335 279 eius
375 243 603 280 interiorem
641 242 804 279 favillam
837 242 1012 280 mendaci
1044 242 1250 293 superficie
1282 245 1440 281 maturi-

107 301 198 338 tatis
234 299 450 338 includunt.
512 299 613 338 Ecce
651 312 727 338 non
761 306 844 338 erat
875 300 978 352 talis,
1020 305 1058 339 et
1089 300 1174 338 talis
1207 305 1278 338 est.
1339 300 1440 339 Ecce

107 370 128 395 a
167 357 367 396 conditore
405 363 633 396 naturarum
672 364 810 396 natura
849 359 931 396 eius
968 360 1009 396 in
1046 358 1145 396 113110
1178 357 1440 397 foedissimam

107 416 371 454 diversitatem
416 415 583 454 mirabili
632 417 844 454 mutatione
895 428 1081 454 conversa
1128 422 1204 465 est3
1255 422 1293 455 et
1337 416 1440 467 quod

105 479 195 526 post
224 479 303 512 tam
333 474 491 524 longum
523 473 661 512 accidit
692 479 858 524 tempus,
890 480 967 512 tam
997 474 1112 525 longo
1143 480 1320 525 tempore
1352 487 1440 526 per-

106 537 268 571 severat

225 589 334 629 Sicut
367 603 457 640 ergo
491 602 567 628 non
600 591 674 629 fuit
705 590 931 641 inpossibile
964 590 1062 642 Deo,
1101 603 1197 641 quas
1228 591 1349 630 voluit
1382 593 1438 630 111-

107 650 290 699 stituere,
332 650 386 686 sic
420 650 455 686 ei
486 660 564 686 non
596 654 656 687 est
686 648 930 701 inpossibile,
970 650 1010 686 in
1043 649 1231 699 quidquid
1263 649 1440 698 voluerit,

106 718 202 757 quas
246 707 438 758 instituit,
482 713 633 745 mutare
684 713 853 745 naturas.
927 706 1036 745 Unde
1080 707 1235 745 illorum
1283 719 1438 758 quoque

106 764 381 803 miraculorum
426 764 633 803 multitudo
679 765 871 817 silvescit,
916 777 1012 815 quae
1056 770 1231 804 monstra
1276 771 1440 818 ostenta,

104 828 285 873 portenta
322 823 496 874 prodigia
528 829 824 875 nuncupantur3
864 835 961 873 quae
994 823 1168 861 recolere
1202 829 1240 862 et
1273 836 1439 862 comme-

105 893 258 919 morare
298 882 330 919 si
370 881 500 932 velim,
536 880 653 920 huius
691 883 821 931 operis
863 883 949 931 quis
982 883 1057 919 erit
1088 879 1207 920 finis?
1268 881 1440 920 Monstra

105 951 197 977 sane
236 938 338 977 dicta
375 939 586 989 perhibent
624 951 643 977 a
681 939 955 990 monstrando,
995 939 1097 989 quod
1137 939 1279 989 aliquid
1322 941 1438 990 signi-

104 997 255 1035 ficando
282 997 561 1045 demonstrent,
596 1003 633 1035 et
659 1002 810 1036 ostenta
836 997 882 1035 ab
910 997 1162 1048 ostendendo,
1195 1003 1234 1035 et
1258 1003 1440 1047 portenta

105 1067 125 1093 3
162 1055 448 1107 portendendO,
489 1055 527 1094 id
560 1061 619 1094 est
655 1055 1010 1107 praeostendendo,
1042 1061 1080 1094 et
1111 1055 1304 1106 prodigia,
1337 1056 1439 1106 quod

106 1125 223 1166 porro
250 1113 390 1165 dicant,
417 1113 455 1151 id
482 1118 542 1151 est
566 1113 698 1152 sutura
724 1113 960 1164 praedicant.
1006 1113 1082 1151 Sed
1109 1113 1278 1151 viderint
1304 1125 1439 1152 eorum

105 1173 362 1222 coniectores,
396 1183 472 1222 quo
499 1171 613 1209 modo
646 1184 692 1210 ex
724 1173 780 1209 eis
813 1173 892 1209 sive
926 1171 1106 1210 fallantur
1139 1173 1218 1210 sive
1250 1173 1440 1210 instinctu

105 1231 326 1280 spirituum,
359 1228 500 1279 quibus
526 1241 620 1268 cura
646 1235 707 1268 est
731 1229 797 1267 tali
823 1242 946 1280 poena
973 1229 1109 1279 dignos
1137 1231 1285 1267 animos
1317 1230 1438 1268 homi-

104 1299 198 1326 num
224 1289 361 1325 noxiae
388 1289 626 1326 curiositatis
653 1287 803 1326 retibus
828 1287 1039 1339 implicare,
1072 1289 1187 1325 etiam
1214 1300 1302 1325 vera
1328 1300 1438 1338 prae—

105 1346 234 1384 dicant
272 1347 351 1384 sive
389 1345 509 1384 multa
547 1345 710 1383 dicendo
756 1345 959 1396 aliquando
997 1347 1038 1384 in
1077 1345 1221 1395 aliquid
1266 1347 1440 1384 veritatis

104 1405 318 1442 incurrant.
379 1403 499 1442 Nobis
532 1409 659 1442 tamen
692 1405 784 1455 ista,
828 1416 925 1453 quae
958 1403 1064 1442 velut
1094 1409 1230 1441 contra
1262 1409 1439 1442 naturam

104 1462 203 1500 fiunt
240 1466 279 1499 et
322 1466 457 1500 contra
494 1467 671 1500 naturam
713 1462 798 1500 fieri
830 1462 1015 1500 dicuntur
1047 1458 1144 1513 (quo
1178 1473 1285 1500 more
1318 1462 1439 1500 homi-

105 1531 199 1558 num
230 1519 384 1558 locutus
423 1524 482 1558 est
519 1525 558 1558 et
596 1519 793 1570 apostolus
826 1520 990 1558 dicendo
1023 1524 1159 1558 contra
1191 1525 1369 1558 naturam
1400 1522 1439 1559 in

106 1577 188 1616 olea
215 1579 376 1616 insitum
403 1577 615 1616 oleastrum
642 1579 786 1616 sactum
813 1590 897 1616 esse
930 1579 1160 1628 participem
1192 1578 1439 1628 pinguedinis

104 1632 232 1688 oleae)
265 1640 304 1674 et
334 1641 507 1674 monstra
539 1641 702 1687 ostenta,
734 1641 913 1687 portenta
944 1635 1119 1686 prodigia
1150 1642 1440 1689 nuncupantur,
1493 1645 1506 1655 ¹

105 1694 178 1732 hoc
216 1699 433 1732 monstrare
472 1693 632 1744 dehent,
672 1694 745 1732 hoc
784 1693 991 1732 ostendere
1032 1693 1092 1731 vel
1122 1694 1440 1746 praeostendere,

104 1751 179 1790 1100
211 1752 450 1803 praedicere,
482 1751 585 1802 quod
619 1752 793 1790 facturus
826 1753 876 1790 sit
907 1751 1023 1803 Deus,
1056 1763 1153 1801 quae
1186 1751 1233 1790 de
1267 1754 1438 1802 corpori-

104 1809 177 1848 hus
215 1810 415 1847 hominum
457 1821 497 1848 se
529 1810 817 1860 praenuntiavit
855 1821 939 1848 esse
981 1810 1193 1861 facturum,
1234 1809 1338 1848 nulla
1370 1811 1438 1848 im-

104 1867 286 1919 pediente
314 1867 552 1919 difficultate,
578 1867 680 1906 nulla
707 1867 999 1918 praescrihente
1026 1867 1109 1917 lege
1130 1872 1303 1906 naturae.
1355 1867 1439 1913 Quo

105 1925 219 1964 modo
252 1931 381 1964 autem
413 1927 763 1976 praenuntiaverit,
802 1927 893 1964 satis
932 1927 972 1964 in
1003 1925 1104 1963 libro
1138 1927 1341 1976 superiore
1374 1926 1438 1965 do-

105 1985 233 2022 cuisse
274 1995 335 2022 me
377 1985 576 2035 existimo,
617 1983 861 2034 decerpendo
900 1983 946 2022 de
989 1984 1193 2034 scripturis
1226 1985 1369 2022 sanctis
1403 1990 1439 2022 et

106 2043 214 2080 novis
246 2047 285 2080 et
317 2041 513 2080 veteribus
551 2053 628 2079 non
661 2042 818 2092 quidem
850 2043 977 2080 omnia
1010 2041 1055 2079 ad
1086 2041 1160 2079 1100
1191 2043 1440 2093 pertinentia,

105 2100 173 2138 sed
206 2111 303 2150 quae
336 2100 516 2137 sufficere
548 2099 639 2137 huic
671 2101 781 2151 operi
812 2100 988 2138 iudicavi.

199 2201 256 2244 25)
282 2199 386 2234 Rom.
415 2202 468 2242 11,
496 2203 537 2234 17
565 2210 641 2244 sqq.

1468 775 1509 806 10

1469 1064 1509 1094 15

1466 1355 1510 1384 2o

1467 1936 1510 1965 30
