1495 2489
17 797 59 829 10

18 1090 58 1120 15

15 1382 60 1413 20

17 1675 60 1706 25

17 1967 61 1998 30

92 59 145 100 38
622 68 648 94 s.
669 68 887 95 AUGUSTINT

91 157 190 196 Sunt
222 157 363 197 multae
389 159 593 208 variaeque
620 157 810 208 libidines,
842 169 1007 208 quarum
1038 157 1243 197 nonnullae
1276 158 1420 198 habent

90 218 204 255 etiam
236 216 419 255 vocabula
451 217 624 267 propria,
658 215 844 266 quaedam
878 228 967 253 vero
1000 228 1077 254 non
1108 216 1261 256 habent.
1323 217 1419 263 Quis

89 276 190 313 enim
225 275 336 313 facile
369 275 527 326 dixerit,
561 273 651 324 quid
685 280 845 312 vocetur
876 273 994 313 libido
1026 274 1265 328 dominandi,
1303 288 1419 326 quam

88 339 216 372 tamen
266 333 477 384 plurimum
533 332 660 371 valere
718 334 757 370 in
814 338 1067 384 tyrannorum
1117 335 1254 373 animis
1304 336 1418 373 etiam

89 392 212 430 civilia
244 391 341 430 bella
375 388 597 430 testantur?

600 516 751 559 CAPUT
784 516 899 559 XVI.

116 592 175 630 De
200 592 376 630 libidinis
408 593 522 636 malo,
555 593 670 629 cuius
705 602 844 629 nomen
878 602 967 629 cum
999 594 1129 630 multis
1160 594 1265 631 vitiis
1297 604 1387 632 con-

217 654 359 698 qruat,
388 651 554 698 proprie
585 654 715 687 tamen
747 650 915 699 motibus
946 651 1107 689 obsceni
1136 653 1284 689 caloris

636 708 868 746 ascribitur.

203 789 299 828 Cum
340 791 459 840 igitur
503 791 580 827 sint
625 789 835 827 multarum
872 789 1051 828 libidines
1090 801 1239 842 rerum,
1277 797 1419 844 tamen,

85 860 174 887 cum
199 847 317 886 libido
345 849 488 886 dicitur
521 860 646 898 neque
680 849 791 886 cuius
824 849 881 886 rei
912 847 1030 886 libido
1063 849 1114 886 sit
1144 849 1308 901 additur,
1341 862 1419 888 non

85 907 166 945 fere
199 907 346 945 adsolet
378 908 504 945 animo
538 918 748 945 occurrere
782 907 856 944 nisi
887 906 970 959 illa,
1003 918 1077 956 qua
1110 906 1300 946 obscenae
1332 920 1418 959 par-

84 970 144 1004 tes
177 967 352 1016 corporis
392 967 622 1003 excitantur.
684 964 787 1002 Haec
829 970 958 1003 autem
990 964 1063 1003 sihi
1095 977 1172 1003 non
1205 966 1329 1005 solum
1361 972 1418 1005 to-

84 1029 167 1062 tum
205 1036 348 1074 corpus
380 1035 452 1062 nec
491 1023 616 1061 solum
655 1024 917 1075 extrinsecus,
956 1035 1091 1062 verum
1133 1025 1247 1062 etiam
1280 1026 1417 1063 intrin-

86 1095 200 1121 secus
230 1082 399 1121 vindicat
437 1088 638 1132 totumque
679 1087 895 1119 commovet
926 1081 1123 1119 hominem
1155 1084 1272 1121 animi
1304 1083 1419 1122 simul

85 1142 225 1179 affectu
258 1153 346 1179 cum
379 1142 506 1179 carnis
539 1141 712 1191 appetitu
745 1141 954 1178 coniuncto
987 1146 1101 1190 atque
1133 1143 1344 1193 permixtO,
1376 1149 1420 1181 ut

86 1212 129 1238 ea
161 1199 336 1250 voluptas
369 1205 573 1250 sequatur,
611 1211 685 1249 qua
724 1200 845 1236 maior
877 1200 916 1236 in
949 1200 1124 1249 corporis
1157 1199 1419 1250 voluptatibus

86 1257 189 1296 nulla
216 1264 291 1309 est3
324 1259 375 1296 ita
402 1263 444 1295 ut
472 1264 666 1296 momento
694 1259 777 1307 ipso
804 1258 1002 1308 temporis,
1034 1269 1111 1307 quo
1138 1257 1183 1295 ad
1216 1260 1299 1296 eius
1331 1270 1417 1309 per-

86 1318 239 1354 venitur
265 1322 493 1367 extremum,
526 1328 647 1366 paene
674 1317 799 1353 omnis
825 1317 927 1353 acies
953 1320 992 1353 et
1017 1317 1127 1366 quasi
1159 1316 1284 1366 vigilia
1317 1319 1419 1368 cogi—

86 1377 242 1413 tationis
283 1374 481 1413 obruatur.
545 1373 640 1418 Quis
678 1379 807 1412 autem
846 1375 992 1412 amicus
1025 1375 1234 1424 sapientiae
1267 1381 1418 1414 sancto-

85 1445 251 1483 rumque
296 1433 524 1484 gaudiorum
570 1432 810 1483 coniugalem
855 1444 971 1482 agens
1011 1433 1142 1484 vitam,
1187 1433 1275 1486 sed,
1318 1435 1420 1472 sicut

86 1491 284 1543 apostolus
316 1493 484 1542 monuit,
523 1493 653 1529 sciens
689 1502 803 1529 suum
835 1502 904 1528 vas
930 1492 1138 1539 possidere
1170 1483 1210 1530 in
1241 1494 1417 1539 sanctifi-

87 1552 244 1590 catione
271 1555 308 1589 et
333 1551 494 1596 honore,
528 1560 604 1587 non
631 1551 671 1587 in
697 1550 832 1587 morbo
860 1550 1060 1595 desiderii,
1085 1551 1191 1587 sicut
1214 1556 1252 1589 et
1267 1556 1418 1598 ⁸(lentes,

86 1621 191 1657 quae
217 1611 409 1656 ignorant
433 1609 571 1655 Deum,
605 1619 681 1645 non
708 1606 849 1658 mallet,
881 1609 913 1645 si
943 1613 1086 1659 posset,
1118 1609 1200 1645 sine
1232 1607 1303 1647 hac
1334 1608 1418 1647 libi·

87 1667 175 1705 dine
220 1667 320 1705 filios
364 1678 593 1717 procreare,
638 1671 680 1704 ut
725 1666 839 1704 etiam
877 1667 916 1703 in
960 1665 1034 1704 hoc
1072 1666 1258 1705 serendae
1298 1667 1419 1718 prolis

87 1726 214 1763 officio
248 1727 304 1763 sic
345 1726 428 1762 eius
462 1726 582 1762 menti
615 1735 675 1775 ea,
714 1736 810 1774 quae
844 1723 889 1761 ad
922 1723 1124 1774 hocopus
1157 1730 1284 1763 creata
1317 1731 1419 1777 sunt,

87 1795 203 1834 quem
236 1783 281 1821 ad
314 1783 471 1821 modum
504 1787 632 1819 cetera
675 1783 755 1820 suis
789 1794 964 1832 quaeque
997 1782 1181 1833 operibus
1213 1782 1419 1822 d1st1·ibuta

88 1841 260 1880 membra
282 1843 485 1892 servirent,
518 1846 615 1878 nutu
636 1840 843 1878 voluntatis
870 1846 965 1891 acta,
998 1852 1075 1878 non
1108 1846 1216 1879 aestu
1248 1840 1418 1881 libidinis

88 1897 273 1938 incitata?
319 1899 394 1937 Sed
435 1910 561 1948 neque
599 1899 673 1949 ipsi
717 1903 908 1936 amatores
946 1898 1061 1936 huius
1099 1898 1306 1949 voluptatis
1339 1901 1418 1939 sive

88 1958 133 1996 ad
173 1957 404 1996 concubitus
443 1956 663 2007 coniugales
701 1957 779 1994 sive
818 1955 864 1994 ad
902 1956 1154 1995 inmunditias
1185 1957 1419 2008 flagitiorum

88 2028 176 2055 cum
204 2016 397 2054 voluerint
423 2019 732 2066 commoventur3
765 2014 832 2052 sed
858 2013 1062 2064 aliquando
1093 2016 1328 2066 inportunus
1360 2022 1420 2056 est

182 2107 239 2148 24)
270 2110 298 2138 1.
325 2104 450 2138 Thess.
478 2108 510 2146 4,
536 2108 558 2138 4
584 2099 634 2147 sq.

183 2236 203 2267 8
229 2231 376 2266 obsceni
403 2232 533 2267 caloris
567 2231 600 2265 V
624 2232 681 2275 (cf.
708 2242 737 2267 c.
763 2235 814 2267 26
839 2232 942 2275 med.)
955 2245 967 2273 ‚·
992 2232 1157 2266 obscenis
1183 2234 1343 2278 corporis
1368 2245 1388 2269 v
