1548 2562
415 168 467 193 DE
487 167 675 194 CIVITATE
694 167 763 192 nm
782 167 815 192 11.
834 166 949 191 xvm.
969 165 999 190 c.
1021 166 1062 190 29.
1321 152 1408 193 295

82 258 205 296 radix
237 259 277 295 in
303 260 415 294 terra
441 258 608 294 sitienti:
640 267 718 294 non
751 260 809 293 est
838 256 989 303 speeies
1021 255 1079 291 illi
1109 264 1236 300 neque
1263 253 1410 299 oloria.

84 316 136 353 Et
159 316 326 358 vidimus
352 325 450 361 eum,
483 318 521 352 et
545 324 624 352 non
649 314 823 351 habebat
845 314 1014 361 speeiem
1045 322 1172 358 neque
1203 312 1387 349 decorem
1396 322 1411 354 ,·

81 375 153 412 sed
193 374 343 422 speeies
386 374 471 411 eius
512 374 597 410 sine
642 372 810 417 honore,
856 372 1044 417 deficiens
1082 380 1187 418 prae
1230 368 1411 406 omnihus

81 432 315 469 hominibus.
376 431 500 468 Homo
526 432 566 467 in
592 431 718 478 playa
745 430 898 477 positus
929 433 967 466 et
996 429 1125 466 sciens
1153 425 1268 475 ferre
1299 427 1409 472 infir-

82 491 276 533 mitatem;
307 490 493 537 quoniam
519 499 662 526 aversa
689 493 745 526 est
772 486 902 534 facies
934 488 1030 533 eius,
1062 487 1322 523 inhonoratus
1354 487 1412 522 est
1437 490 1457 520 5

83 558 157 585 nee
187 549 325 594 maqni
347 548 576 585 aestimatus
607 549 674 584 est.
736 545 812 583 Hie
839 548 1010 593 peecata
1041 548 1180 581 nostra
1206 546 1345 591 portat
1376 546 1415 580 et

80 615 157 653 pro
189 606 300 643 nobis
341 606 466 649 dolet;
504 608 542 642 et
571 614 642 642 nos
673 605 986 641 existimavimus
1018 604 1125 640 illum
1158 612 1241 639 esse
1273 602 1313 638 in
1346 601 1412 638 do-

84 665 169 701 lore
199 667 238 701 et
268 665 308 700 in
334 665 460 711 playa
498 666 536 700 et
566 663 606 700 in
639 663 880 709 adflictione.
944 661 1034 709 Ipse
1066 664 1197 697 autem
1229 661 1413 696 vulnera-

86 725 147 758 tus
179 724 237 758 est
268 725 436 769 propter
462 722 690 767 iniquitates
722 723 880 757 nostras
911 723 950 757 et
979 720 1204 764 infirmatus
1236 721 1294 755 est
1319 727 1413 764 pro-

82 783 174 826 pter
193 783 365 827 peecata
392 783 540 817 nostra.
592 778 776 815 Eruditio
799 779 914 825 pacis
940 781 1102 814 nostrae
1127 778 1167 813 in
1193 786 1238 814 eo
1246 789 1260 820 ;
1292 776 1416 813 livore
1443 779 1485 810 10

86 838 171 875 eius
200 847 272 874 nos
302 839 437 874 sanati
459 848 604 874 sumus.
672 836 811 874 Omnes
842 840 887 873 ut
916 847 1005 873 oves
1036 836 1270 880 erravimus,
1302 834 1415 871 homo

87 905 113 932 a
144 896 209 932 via
239 906 313 933 sua
339 897 513 939 erravit;
544 899 583 933 et
606 895 796 932 Dominus
828 894 999 931 tradidit
1030 894 1137 931 illum
1164 903 1242 940 pro
1269 901 1415 941 peeca-

88 954 138 990 tis
162 954 308 991 nostris
314 966 329 998 ,·
355 957 393 991 et
418 955 510 1001 ipse,
531 957 698 1004 propter
717 953 824 998 quod
842 953 1028 998 adflictus
1055 954 1122 996 est,
1154 960 1232 988 non
1259 950 1419 998 aperuit

89 1021 142 1049 os.
210 1011 257 1049 Ut
295 1012 375 1049 ovis
419 1011 475 1048 ad
513 1011 791 1049 immolandum
832 1011 974 1047 duetus
1015 1013 1073 1046 est
1112 1013 1149 1047 et
1197 1012 1241 1045 ut
1290 1018 1418 1054 aynus

90 1073 183 1107 ante
213 1080 311 1115 eum,
342 1071 413 1116 qui
440 1081 481 1106 se
513 1070 703 1115 tonderet,
734 1070 819 1106 sine
850 1073 954 1113 voce,
986 1069 1045 1105 sie
1076 1077 1153 1104 non
1186 1067 1347 1114 aperuit
1378 1075 1419 1103 os
1447 1070 1489 1101 15

89 1137 213 1164 suum.
275 1127 323 1164 In
348 1128 568 1164 humilitate
594 1128 786 1164 iudicium
818 1127 903 1164 eius
934 1126 1131 1163 sublatum
1163 1129 1230 1162 est.
1296 1124 1419 1161 Gene-

92 1186 286 1223 rationem
313 1186 397 1222 eius
421 1186 509 1232 quis
534 1185 770 1222 enarrabit?
825 1185 1018 1230 Quoniam
1044 1185 1202 1221 tolletur
1228 1183 1277 1220 de
1309 1186 1421 1219 terra

92 1244 173 1280 vita
215 1244 311 1280 eius.
372 1244 431 1280 Ab
476 1244 751 1290 iniquitatibus
788 1244 927 1290 popule·
969 1243 1047 1279 mei
1089 1243 1231 1279 duetus
1272 1245 1330 1278 est
1369 1240 1425 1276 ad

91 1305 265 1339 mortem.
326 1301 378 1338 Et
403 1302 505 1339 dabo
531 1303 724 1348 malignios
751 1312 827 1349 pro
859 1302 1065 1347 sepultura
1098 1300 1182 1337 eius
1214 1303 1252 1337 et
1283 1299 1423 1335 diuites

88 1370 166 1407 pro
196 1364 321 1397 morte
346 1361 440 1397 eius.
508 1360 701 1405 Quoniam
733 1360 980 1405 iniquitatem.
1013 1368 1090 1395 non
1119 1356 1220 1405 feeit
1250 1367 1323 1394 nee
1355 1356 1421 1393 do·
1449 1361 1493 1392 20

93 1419 172 1454 lum
204 1419 245 1455 in
270 1429 340 1456 ore
364 1429 434 1455 suo
442 1431 457 1462 ‚·
488 1422 526 1455 et
550 1418 740 1455 Dominus
771 1419 853 1454 vult
878 1427 1061 1465 purqare
1093 1426 1180 1453 eum
1212 1416 1261 1452 de
1287 1416 1424 1462 playa.

95 1476 141 1512 Si
165 1476 355 1514 dederitis
375 1487 452 1524 pro
473 1481 642 1524 peceato
669 1477 842 1513 animam
869 1479 1050 1525 vestram,
1081 1474 1263 1511 videbitis
1294 1482 1425 1510 semen

95 1535 349 1582 lonquevum;
386 1538 425 1572 et
461 1535 651 1572 Dominus
690 1536 768 1571 vult
807 1532 974 1580 auferre
1012 1544 1036 1569 a
1075 1533 1211 1569 dolore
1252 1532 1426 1568 animam

96 1593 200 1641 eius,
232 1593 440 1631 ostendere
472 1594 530 1631 illi
560 1595 686 1630 lucem
718 1596 755 1629 et
783 1590 965 1639 formare
996 1591 1254 1636 intellectum,
1285 1589 1424 1633 iustifi-

96 1661 195 1689 care
226 1652 368 1689 iustum
395 1651 492 1689 bene
522 1652 755 1688 servientem
781 1649 966 1697 pluribus
974 1661 989 1693 ;
1020 1651 1059 1685 et
1083 1651 1256 1696 peecata
1288 1656 1426 1685 eorum
1452 1651 1496 1682 25

99 1710 180 1757 ipse
212 1710 402 1758 portabit.
464 1709 684 1756 Propterea
726 1709 807 1755 ipse
838 1706 1081 1745 hereditabit
1106 1707 1244 1754 plures
1276 1708 1313 1742 et
1339 1702 1425 1751 sor-

98 1768 194 1805 tium
226 1768 375 1805 dividet
403 1768 546 1815 spolia,
572 1769 740 1815 propter
771 1766 877 1812 quod
907 1765 1059 1802 tradita
1090 1767 1148 1801 est
1179 1763 1234 1801 ad
1263 1767 1427 1800 mortem

100 1827 233 1864 anima
264 1827 365 1871 eius,
403 1828 443 1863 et
477 1826 582 1862 inter
621 1825 775 1870 iniquos
807 1824 1036 1861 aestimatus
1067 1825 1125 1859 est
1155 1825 1194 1859 et
1224 1822 1306 1868 ipse
1333 1831 1426 1868 pee-

99 1888 192 1923 cata
222 1885 433 1922 multorum
452 1883 641 1931 portavit,
673 1886 711 1919 et
736 1885 902 1930 propter
929 1884 1101 1929 peecata
1133 1889 1269 1917 eorum
1301 1879 1426 1916 tradi-

99 1946 162 1981 tus
192 1947 258 1982 est.
319 1940 422 1978 Haec
454 1940 500 1978 de
533 1939 698 1978 Christo.
746 1969 749 1971 .
1454 1942 1499 1973 30

95 2003 98 2006 ’
217 2000 294 2038 lam
320 2011 411 2037 vero
437 1997 484 2036 de
512 1997 686 2049 ecclesia,
718 1996 819 2047 quod
853 1997 1042 2046 sequitur,
1073 1994 1286 2032 audiamus.
1327 1993 1427 2032 Lae-

195 2114 253 2155 30)
280 2110 374 2144 Esai.
403 2114 458 2153 52,
487 2114 527 2143 13
554 2121 652 2152 sqq.;
679 2113 733 2151 53,
764 2112 779 2141 1
808 2120 885 2151 sqq.

197 2278 216 2308 7
242 2271 537 2308 exesssimabimus
570 2270 642 2312 R¹;
673 2269 948 2305 aestimauimus
983 2269 1059 2313 Aeq
1094 2270 1106 2312 ΙΙ
1145 2272 1186 2302 14
1213 2279 1252 2303 os
1277 2279 1365 2310 mss;
1390 2279 1430 2302 os

103 2332 208 2355 suum
232 2332 252 2355 v
270 2322 283 2365 ΙῙ
303 2323 345 2354 15
369 2318 538 2354 tonderet
561 2328 648 2358 mss;
672 2317 802 2352 tondet
825 2328 844 2351 v
863 2318 875 2360 ΙΙ
895 2320 937 2350 29
964 2315 1127 2360 portabit
1151 2314 1239 2349 ΗΑ.
