1611 2465
140 86 225 127 330
681 95 707 120 s.
728 95 944 122 AUGUS'HM

630 228 785 270 CAprT
813 228 986 270 XLVII.

137 318 200 354 An
233 320 326 353 ante
358 320 536 362 tempora
569 314 798 352 Clzre'stz'ana
831 316 958 362 alique·
983 314 1142 362 fuerint
1167 320 1286 354 extra
1314 316 1476 355 Israeli-

221 376 341 412 tieum
371 384 509 420 yenus,
543 374 612 420 qui
643 373 698 410 ad
728 374 911 411 caelestis
945 375 1119 412 civitatis
1152 377 1396 412 consortium

672 433 935 479 pertinerent.

90 522 109 553 5
257 512 505 563 Quapropter
537 514 716 563 quisquis
749 512 976 565 alienigena,
1006 513 1045 551 id
1078 519 1137 552 est
1170 526 1247 552 non
1279 526 1326 552 ex
1359 514 1479 553 Israel

137 573 366 623 progenitus
398 583 471 609 nec
502 570 549 609 ab
582 571 646 609 illo
678 570 820 621 populo
853 573 892 609 in
925 584 1113 610 canonem
1146 584 1345 610 sacrarum
1377 572 1477 611 litte-

137 642 271 669 rarum
302 636 498 680 receptus,
530 629 672 679 legitur
704 629 849 679 aliquid
881 630 1137 680 prophetasse
1171 631 1217 669 de
1246 630 1414 683 Christo,
1446 633 1478 670 si

137 690 176 726 in
221 693 394 726 nostram
438 689 614 726 notitiam
659 683 763 726 venit
807 694 873 726 aut
916 690 1086 740 venerit,
1131 689 1177 727 ad
1216 689 1416 727 cumulum
1457 702 1478 728 a

138 747 250 785 nohis
278 748 574 785 commemolari
601 733 770 797 potesta·
779 758 856 784 non
883 758 959 796 quo
982 749 1228 786 necessarius
1255 749 1317 800 sit,
1344 750 1477 786 etiam-

69 816 110 845 10
137 807 169 844 si
196 806 308 856 desit,
340 804 408 843 sed
435 806 524 855 quia
551 817 628 842 non
655 806 869 855 incongrue
896 805 1071 844 creditur
1097 806 1217 844 fuisse
1251 812 1290 844 et
1321 807 1361 844 in
1393 806 1478 845 aliis

136 864 318 915 gentibus
356 863 552 915 homines,
594 863 735 913 quibus
775 863 848 901 hoc
887 865 1116 914 mysterium
1158 864 1372 903 revelatum
1405 871 1478 917 est,

136 928 175 961 et
207 924 274 972 qui
306 922 400 960 haec
433 923 549 960 etiam
582 922 808 972 praedicere
842 922 986 972 inpulsi
1019 928 1122 974 sunt,
1154 924 1234 961 sive
1266 925 1478 975 participes

138 981 313 1019 eiusdem
346 982 492 1030 gratiae
525 981 672 1018 fuerint
704 982 783 1018 sive
817 980 1017 1032 expertes,
1057 981 1123 1019 sed
1157 993 1228 1032 per
1260 981 1380 1020 malos
1412 975 1477 1020 an-

136 1039 243 1090 gelos
275 1038 380 1077 docti
413 1040 507 1090 sint,
549 1051 646 1089 quos
680 1040 794 1076 etiam
827 1044 1076 1089 praesentem
1108 1039 1326 1092 Christum,
1360 1052 1476 1091 quem

69 1098 267 1137 151udaei
312 1109 389 1135 non
431 1096 712 1147 agnoscebant,
757 1099 901 1135 scimus
948 1098 1068 1135 fuisse
1114 1100 1353 1166 conl'essosf
1396 1098 1477 1137 Nec

136 1158 242 1207 ipsos
280 1156 444 1194 Iudaeos
490 1157 668 1193 existimo
707 1156 850 1194 audere
889 1155 1126 1194 contendere
1160 1158 1357 1195 neminem
1388 1170 1475 1208 per-

136 1216 301 1253 tinuisse
328 1214 374 1252 ad
402 1213 524 1252 Deum
551 1219 707 1264 praeter
733 1213 940 1266 Israelitas,
972 1226 1019 1252 ex
1053 1215 1475 1270 quo,propag01srael

136 1285 221 1311 esse
255 1274 403 1324 coepit,
436 1272 644 1323 reprobato
678 1273 761 1310 eius
794 1273 912 1310 fratre
946 1274 1103 1310 maiore.
1131 1270 1339 1324 Populus
1372 1276 1476 1312 enim

136 1344 178 1369 re
212 1343 321 1382 vera,
360 1332 426 1381 qui
463 1331 622 1381 proprie
655 1330 724 1368 Dei
761 1330 929 1381 populus
961 1330 1177 1383 diceretur,
1216 1331 1346 1370 nullus
1378 1332 1476 1370 alius

66 1399 109 1429 20
136 1390 225 1440 fuit3
267 1390 444 1427 homines
485 1395 614 1427 autem
656 1389 844 1439 quosdam
884 1401 963 1427 non
994 1395 1174 1441 terrena,
1218 1390 1286 1428 sed
1319 1390 1477 1429 caelesti

15 1444 25 1449 ”’
137 1450 321 1486 societate
357 1448 402 1485 ad
445 1460 557 1485 veios
590 1447 783 1485 Israelitas
816 1460 1008 1498 supernae
1041 1449 1145 1486 cives
1176 1450 1324 1499 patriae
1356 1451 1475 1500 perti-

136 1513 274 1544 nentes
307 1508 423 1544 etiam
450 1507 489 1544 in
522 1505 606 1543 aliis
639 1505 821 1556 gentibus
854 1507 974 1544 fuisse
1007 1518 1149 1557 negare
1183 1519 1261 1545 non
1293 1513 1458 1558 possunt

136 1567 225 1615 quia
258 1566 289 1602 si
322 1570 481 1616 negant,
515 1564 693 1602 lacillime
726 1566 1013 1603 convincuntur
1045 1537 1091 1602 doe
1125 1571 1258 1603 sancto
1291 1571 1330 1604 et
1361 1521 1481 1618 mira)

135 1623 202 1661 hili
234 1624 317 1660 viro
349 1622 429 1674 Iob,
463 1624 529 1673 qui
563 1635 635 1660 nee
668 1622 848 1672 indigena
880 1635 952 1660 nec
984 1623 1218 1674 proselytus,
1249 1623 1287 1661 id
1320 1630 1380 1662 est
1411 1624 1473 1662 ad-

66 1690 109 1720 25
138 1694 232 1719 vena
277 1681 410 1731 populi
453 1681 571 1718 Israel
617 1682 712 1732 fuit,
751 1653 832 1718 osed
878 1693 923 1719 ex
967 1686 1082 1731 gente
1128 1681 1308 1719 Idumaea
1351 1694 1475 1733 genus

134 1740 294 1791 ducens,
326 1739 378 1776 ibi
405 1745 527 1790 ortus,
560 1738 703 1777 ibidem
730 1745 909 1777 mortuus
936 1745 1013 1790 est3
1047 1741 1113 1790 qui
1145 1739 1274 1778 divino
1308 1741 1364 1778 sic
1396 1740 1474 1779 lau-

135 1798 248 1836 datur
281 1797 457 1848 eloquio,
490 1803 549 1848 ut,
583 1796 685 1847 quod
719 1797 764 1835 ad
797 1799 985 1835 iustitiam
1017 1799 1282 1848 pietatemque
1315 1798 1474 1850 adtinet,

135 1856 264 1894 nullus
313 1857 349 1893 ei
399 1855 513 1892 homo
564 1867 725 1893 suorum
776 1860 997 1905 temporum
1047 1862 1297 1906 coaequetur.
1368 1857 1473 1901 Quae

135 1920 310 1965 tempora
349 1915 433 1952 eius
466 1915 640 1963 quamvis
680 1926 757 1951 non
790 1915 1032 1951 inveniamus
1063 1915 1103 1951 in
1136 1914 1357 1966 Chronieis,
1396 1915 1473 1953 col-

65 1980 109 2011 30
135 1973 290 2022 ligimus
322 1978 450 2010 tamen
484 1984 529 2009 ex
562 1971 660 2009 libro
695 1973 796 2021 eius,
835 1983 951 2021 quem
983 1983 1054 2021 pro
1088 1974 1148 2010 sui
1180 1974 1320 2011 merito
1352 1972 1472 2011 Israe-

134 2031 223 2068 litae
257 2033 295 2068 in
329 2032 602 2068 auctoritatem
635 2031 860 2067 canonicam
893 2036 1140 2083 receperunt,
1173 2032 1288 2070 tertia
1313 2043 1472 2082 genera-

229 2133 285 2174 28)
313 2132 386 2164 Iob.
417 2136 446 2166 l.

232 2262 271 2291 12
300 2258 369 2292 hoc
394 2270 412 2292 c·
433 2261 444 2302 Η
466 2263 508 2292 14
535 2258 608 2292 sint
633 2258 688 2300 R,·
713 2261 797 2293 sunt
823 2258 879 2292 Av
