1611 2465
48 971 89 1001 15

46 1264 90 1295 20

45 1557 87 1586 25

118 45 204 86 260
663 56 689 81 s.
710 55 927 82 AUGUS'HNI

117 146 348 195 Argivorum
386 145 500 183 simul
542 157 630 183 cum
664 144 838 182 Abrahae
872 144 1079 196 nepotibus
1111 152 1240 184 ortum
1274 152 1350 197 est,
1389 145 1455 184 ubi

117 204 266 254 primus
294 205 467 254 regnavit
495 203 692 257 Inachus3s
734 202 846 251 Sane,
879 203 983 253 quod
1014 204 1346 254 praetereundum
1378 216 1455 243 non

118 262 210 313 fuit,
249 264 364 300 etiam
408 261 509 312 apud
556 261 780 312 sepulcrum
825 263 979 312 septimi
1027 264 1087 300 sui
1127 265 1230 314 regis
1271 262 1456 314 Thuriacj

118 321 335 359 sacrificare
389 320 590 370 Sicyonios
641 319 766 358 solere
817 319 936 358 Varro
987 321 1118 361 refert.
1187 314 1455 372 Regnantibus

117 391 236 430 porro
263 381 408 417 octavis
435 378 606 430 regibus⁷
631 379 864 417 Armamitre
890 380 1149 432 Assyriorum,
1183 379 1455 430 Sicyoniorum

117 437 314 488 Leucippo
361 443 400 475 et
439 439 565 488 primo
607 439 838 488 Argivorum
876 437 1017 476 Inacho
1059 438 1162 476 Deus
1203 438 1357 477 locutus
1396 444 1456 476 est

117 496 161 533 ad
196 496 299 533 Isaac
333 501 448 546 atque
487 497 561 547 ipsi
594 508 749 547 quoque
781 496 933 547 eadem,
975 508 1071 547 quae
1104 498 1205 547 patri
1236 498 1340 549 eius,
1377 497 1454 535 duo

116 554 177 591 illa
217 556 414 606 promisit,
456 556 595 593 semini
633 554 782 593 scilicet
820 556 904 593 eius
942 561 1086 593 terram
1126 555 1305 594 Chanaan
1344 556 1455 593 etin

117 614 200 650 eius
250 614 397 651 semine
449 613 762 651 benedictionem
813 619 1042 652 cunctarum
1093 616 1277 664 gentium.
1351 613 1454 652 Haec

116 673 199 722 ipsa
235 673 427 722 promissa
465 678 557 710 sunt
595 673 710 710 etiam
748 671 824 709 filio
857 673 959 723 eius,
991 674 1124 722 nepoti
1156 672 1348 724 Abrahae,
1388 674 1456 723 qui

117 736 175 768 est
207 730 422 781 appellatus
454 732 580 781 primo
614 730 745 781 Iacob,
777 737 865 780 post
898 730 1028 782 Israel,
1060 743 1149 769 cum
1181 732 1256 769 iam
1288 730 1454 769 Belocus

116 800 184 826 rex
224 801 350 827 nonus
389 790 566 840 Assyriae
607 794 645 827 et
681 788 911 838 Phoroneus
949 788 1080 827 Inachi
1118 789 1220 828 filius
1258 789 1454 828 secundus

116 853 299 898 regnaret
331 848 501 899 Argivis,
545 846 742 899 Leucippo
775 847 901 885 adhuc
933 847 1034 898 apud
1069 847 1270 899 Sicyonios
1302 860 1452 899 perma-

117 912 245 944 nente.
307 905 376 944 His
420 905 664 956 temporibus
708 905 868 944 Graecia
912 905 985 944 sub
1026 906 1232 945 Phoroneo
1274 906 1453 957 Argolico

116 976 207 1015 rege
239 964 368 1015 legum
399 971 439 1003 et
470 964 704 1002 iudiciorum
737 964 970 1015 quibusdam
1001 964 1141 1003 clarior
1173 965 1273 1003 facta
1306 971 1366 1003 est
1395 967 1452 1003 in-

117 1024 275 1061 stitutis.
350 1023 531 1073 Phegous
579 1029 707 1061 tamen
757 1023 877 1061 frater
921 1023 1037 1061 huius
1081 1023 1278 1062 Phoronei
1322 1025 1453 1062 iunior

117 1093 206 1120 cum
239 1088 343 1120 esset
375 1087 566 1133 mortuus,
598 1081 644 1119 ad
678 1083 760 1120 eius
793 1081 1017 1133 sepulcrum
1051 1081 1238 1132 templum
1270 1087 1331 1120 est
1362 1094 1452 1120 con-

116 1142 320 1192 stitutum,
363 1142 403 1178 in
453 1152 530 1190 quo
581 1140 776 1178 coleretur
826 1146 869 1178 ut
914 1140 1016 1178 Deus
1062 1146 1100 1178 et
1143 1142 1178 1178 ei
1221 1140 1339 1178 boves
1383 1142 1453 1178 im-

116 1198 366 1237 molarentur.
429 1197 554 1236 Credo
592 1198 740 1236 honore
778 1204 884 1237 tanto
926 1198 1012 1236 ideo
1054 1198 1214 1249 dignum
1253 1204 1453 1249 putarunt,

116 1259 206 1308 quia
243 1259 283 1295 in
315 1258 426 1308 regui
457 1259 518 1295 sui
550 1263 658 1307 parte
701 1254 831 1309 (pater
864 1258 1007 1308 quippe
1039 1257 1123 1295 loca
1154 1257 1343 1295 ambobus
1375 1257 1450 1295 dis-

116 1315 324 1367 tribuerat,
367 1317 407 1353 in
450 1314 595 1365 quibus
640 1327 684 1352 eo
726 1317 877 1354 vivente
926 1311 1154 1368 regnarent)
1197 1317 1268 1354 iste
1314 1315 1453 1354 sacella

115 1376 372 1413 coi'istituerat
411 1374 457 1412 ad
490 1373 673 1412 colendos
712 1373 805 1412 deos
838 1380 876 1412 et
907 1373 1095 1412 docuerat
1126 1373 1325 1412 observari
1356 1380 1451 1412 tem-

115 1445 209 1484 pora
253 1445 323 1483 per
373 1444 528 1470 menses
580 1438 696 1482 atque
747 1444 889 1483 annos,
938 1432 1032 1483 quid
1078 1445 1215 1471 eorum
1259 1438 1452 1483 quatenus

117 1493 350 1530 metirentur
383 1496 498 1541 atque
526 1496 788 1529 numerarent.
850 1490 954 1529 Haec
986 1492 1026 1529 in
1059 1503 1103 1529 eo
1137 1503 1233 1529 nova
1266 1493 1452 1530 mirantes

116 1550 234 1588 rudes
266 1549 391 1588 adhuc
423 1549 601 1587 homines
633 1549 894 1609 mortelobita
927 1549 1042 1588 deum
1076 1561 1162 1588 esse
1195 1550 1339 1589 sactum
1371 1551 1451 1588 sive

115 1610 261 1660 opinati
287 1614 379 1647 sunt
405 1610 484 1646 sive
511 1608 729 1646 voluerunt.
790 1608 887 1646 Nam
919 1613 957 1646 et
988 1608 1028 1646 Io
1060 1608 1135 1646 filia
1167 1607 1298 1647 Inachi
1330 1609 1450 1647 fuisse

115 1666 355 1718 perhibetur,
389 1679 486 1716 quae
513 1673 647 1717 postea
679 1666 750 1705 Isis
783 1666 972 1718 appellata
1003 1672 1046 1705 ut
1078 1679 1214 1717 magna
1246 1666 1317 1705 dea
1349 1667 1453 1705 culta

46 1744 59 1756 κ
115 1732 174 1764 est
214 1727 252 1763 in
291 1727 505 1791 Aegypto?
522 1726 696 1775 quamvis
735 1725 797 1763 alii
843 1724 1015 1764 scribant
1055 1737 1139 1764 eam
1171 1738 1217 1763 ex
1249 1725 1453 1777 Aethiopia

115 1787 153 1822 iu
187 1786 403 1835 Aegyptum
436 1784 587 1821 venisse
627 1785 818 1835 reginam,
857 1790 896 1822 et
927 1783 1030 1834 quod
1062 1783 1137 1822 late
1170 1785 1349 1834 iusteque
1382 1785 1450 1822 im·

116 1844 310 1893 peraverit
350 1844 483 1892 eisque
529 1841 648 1879 multa
698 1841 898 1879 commoda
944 1848 982 1880 et
1029 1841 1178 1880 litteras
1223 1843 1452 1894 instituerit,

116 1902 218 1939 hunc
259 1901 448 1939 honorem
492 1899 546 1938 illi
590 1899 763 1938 habitum
802 1912 887 1938 esse
927 1899 1117 1951 divinum,
1161 1906 1295 1951 postea
1335 1912 1450 1951 quam

115 1959 166 1997 ibi
207 1966 358 1998 mortua
398 1964 478 2010 est,
519 1964 558 1996 et
596 1964 745 1996 tantum
777 1958 986 2009 honorem,
1026 1964 1070 1996 ut
1102 1958 1254 2010 capitali
1287 1960 1449 1998 crimine

116 2030 206 2056 reus
240 2020 361 2068 lieret,
393 2019 425 2055 si
459 2018 545 2067 quis
578 2029 660 2054 eam
695 2017 813 2055 fuisse
846 2016 1043 2055 hominem
1075 2017 1234 2056 diceret.

212 2145 253 2174 12
281 2141 440 2184 assyriae
466 2141 559 2183 RA‚·
585 2140 742 2185 Assyriis
767 2152 787 2175 v
