1548 2562
426 147 477 172 DE
497 146 685 172 CIVITATE
704 146 773 171 DEI
790 146 823 171 L.
844 145 959 170 xvm.
981 144 1009 169 c.
1030 145 1071 170 18.
1321 133 1405 174 279

80 238 130 275 ita
156 242 200 275 ut
225 247 387 286 corpora
414 236 496 285 ipsa
528 234 728 272 hominum
760 232 900 272 alicubi
931 234 1092 283 iaceant,
1123 233 1289 269 viventia
1323 233 1405 281 qui-

80 294 185 346 dem,
223 293 290 332 sed
326 292 447 331 multo
485 293 638 342 gravius
675 297 790 342 atque
823 291 1089 330 vehementius
1121 301 1237 340 quam
1270 300 1405 327 somno

80 354 161 391 suis
199 350 378 390 sensibus
415 349 621 400 obseratis;
665 347 948 400 phantasticum
987 354 1115 386 autem
1153 347 1247 385 illud
1288 346 1406 385 veluti

80 414 327 460 corporatum
365 409 404 445 in
442 407 603 446 alicuius
642 406 815 445 animalis
854 407 980 456 effigie
1013 410 1194 456 appareat
1226 404 1406 443 sensibus

80 468 214 506 alienis
245 466 410 516 talisque
442 467 555 504 etiam
588 464 661 504 sibi
693 476 778 504 esse
810 464 923 502 homo
957 464 1147 514 videatur,
1189 464 1289 501 sicut
1321 462 1406 500 talis

80 525 155 564 sibi
179 524 301 563 videri
326 529 459 574 posset
482 525 522 562 in
548 524 705 574 somnis,
737 527 776 560 et
801 528 956 573 portare
989 533 1124 572 onera,
1156 532 1254 570 quae
1288 531 1406 558 onera

81 585 114 621 si
144 594 233 621 vera
266 588 357 620 sunt
388 593 568 633 corpora,
599 586 804 631 portantur
835 592 856 618 a
888 579 1153 630 daemonibus,
1185 584 1228 616 ut
1259 578 1407 616 inluda—

81 647 145 679 tur
181 639 419 687 hominibus,
460 641 600 690 partim
637 650 727 677 vera
764 649 927 676 onerum
959 649 1143 688 corpora,
1180 637 1320 687 partim
1351 637 1408 674 iu-

81 703 302 736 mentorum
339 697 431 736 falsa
469 696 730 735 cernentibus.
791 696 886 733 Nam
919 695 1074 745 quidam
1106 696 1260 732 nomine
1293 693 1408 732 Prae-

81 757 246 794 stantius
277 756 378 806 patri
415 767 486 794 suo
527 756 734 804 contigisse
766 753 977 803 indicabat,
1016 758 1058 790 ut
1090 763 1281 790 venenum
1313 751 1407 789 illud

81 826 151 864 per
183 824 338 852 caseum
370 814 409 852 in
442 813 555 851 domo
588 824 657 851 sua
687 817 860 850 sumeret
890 817 929 849 et
960 812 1105 848 iaceret
1135 811 1175 847 in
1207 810 1306 847 lecto
1340 821 1409 847 suo

83 873 193 922 quasi
230 871 449 922 dormiens,
487 872 553 920 qui
590 876 719 908 tamen
756 868 862 907 nullo
900 869 1013 906 modo
1054 872 1207 918 poterat
1239 869 1409 905 excitari.

82 929 174 967 Post
215 928 360 979 aliquot
397 934 523 966 autem
563 928 645 966 dies
683 939 772 965 eum
809 926 913 964 velut
952 925 1152 976 evigilasse
1189 925 1341 962 dicebat
1374 929 1412 963 et

84 988 194 1037 quasi
225 987 372 1024 somnia
410 997 587 1023 narrasse
630 997 726 1035 quae
758 996 895 1034 passus
927 989 1003 1034 est,
1045 982 1233 1021 caballum
1266 995 1306 1020 se
1340 983 1410 1020 sci·

84 1045 174 1083 licet
205 1044 348 1082 facturn
386 1054 577 1081 annonam
614 1044 717 1081 inter
754 1041 826 1079 alia
857 1043 1028 1079 iumenta
1059 1040 1250 1078 baiulasse
1283 1040 1410 1078 militi-

84 1102 180 1152 bus,
223 1113 319 1151 quae
352 1100 494 1139 dicitur
531 1100 684 1147 Retica,
718 1101 898 1150 quoniam
932 1099 977 1137 ad
1010 1098 1141 1137 Retias
1173 1098 1411 1148 deportatur.

85 1159 196 1205 Quod
228 1160 291 1210 ita,
325 1164 366 1197 ut
390 1160 571 1210 narravit,
603 1158 746 1196 factum
779 1158 898 1195 fuisse
930 1162 1173 1207 compertum
1205 1161 1281 1207 est;
1314 1167 1411 1206 quae

85 1224 212 1256 tamen
239 1218 275 1255 ei
300 1227 369 1254 sua
394 1217 541 1254 somnia
567 1215 806 1254 videbantur.
857 1214 1042 1253 Indicavit
1067 1220 1105 1253 et
1132 1214 1229 1252 alius
1249 1225 1289 1251 se
1310 1213 1413 1251 domi

85 1287 175 1313 suae
203 1286 272 1326 per
299 1279 465 1325 noctem,
489 1279 695 1324 antequam
722 1274 998 1323 requiesceret,
1025 1272 1166 1310 vidisse
1193 1273 1412 1309 venientem

85 1332 131 1371 ad
169 1344 210 1370 se
248 1332 521 1383 philosophum
557 1331 749 1382 quendam
783 1330 854 1369 sibi
888 1332 1131 1369 notissimum
1166 1329 1316 1379 sibique
1349 1341 1412 1367 ex-

85 1392 261 1442 posuisse
300 1389 483 1428 nonnulla
518 1389 725 1441 Platonica,
757 1401 853 1439 quae
886 1394 996 1426 antea
1029 1393 1186 1438 rogatus
1218 1399 1412 1437 exponere

87 1448 286 1486 noluisset.
347 1447 395 1486 Et
433 1460 521 1486 curn
562 1447 607 1485 ab
641 1447 775 1485 eodem
808 1446 1037 1497 philosopho
1070 1447 1289 1496 quaesitum
1321 1445 1413 1483 fuis-

86 1511 157 1557 set,
189 1517 260 1544 cur
291 1507 329 1543 in
362 1506 474 1543 domo
507 1506 591 1543 eius
624 1505 779 1556 fecerit,
812 1504 913 1554 quod
948 1506 985 1541 in
1020 1504 1133 1541 domo
1167 1515 1233 1541 sua
1265 1504 1413 1553 petenti

88 1569 308 1614 negaverat:
347 1562 462 1614 „Non
500 1563 593 1613 feci,
634 1564 780 1613 inquit,
821 1561 888 1600 sed
928 1574 988 1599 me
1020 1562 1159 1599 fecisse
1193 1557 1415 1599 somniavi.“

87 1623 139 1659 Ac
177 1633 248 1673 per
285 1621 357 1658 hoc
395 1621 506 1659 alteri
543 1633 613 1672 per
650 1622 856 1670 imaginem
887 1619 1167 1669 phantasticam
1200 1617 1415 1656 exhibitum

87 1683 147 1717 est
178 1678 361 1729 vigilanti,
394 1677 495 1728 quod
529 1678 625 1717 alter
657 1678 749 1715 vidit
781 1679 819 1716 in
852 1678 1009 1715 somnis.

204 1735 307 1774 Haec
349 1736 394 1774 ad
436 1747 505 1773 nos
546 1747 622 1773 non
664 1735 995 1786 quibuscumque,
1033 1733 1212 1784 quaIIbus
1255 1732 1414 1770 credere

88 1798 314 1845 putaremus
357 1793 578 1844 indignum,
623 1792 689 1831 sed
734 1795 789 1830 eis
833 1791 1096 1830 referentibus
1139 1796 1416 1842 pervenerunt,

89 1863 187 1902 quos
227 1851 339 1889 nobis
376 1863 452 1889 non
491 1852 800 1889 existimaremus
839 1851 960 1888 fuisse
991 1850 1185 1888 mentitos.
1211 1847 1415 1886 s-Proinde

88 1909 193 1960 quod
223 1909 399 1947 homines
437 1908 621 1947 dicuntur
658 1908 958 1958 mandatumque
996 1912 1056 1946 est
1092 1907 1233 1945 litteris
1266 1905 1311 1944 ab
1344 1906 1415 1944 diis

88 1967 147 2005 vel
179 1968 307 2018 potius
333 1966 586 2005 daemonibus
612 1965 826 2005 Arcadibus
857 1967 896 2004 in
928 1966 1040 2016 lupos
1073 1964 1197 2003 solere
1231 1965 1416 2015 converti,

89 2029 128 2063 et
161 2024 262 2075 quod

208 2105 454 2144 Carminibus
487 2105 597 2144 Circe
629 2107 752 2145 socios
784 2105 953 2145 mutavit
985 2105 1110 2154 Ulixi,

90 2185 305 2223 secundum
332 2187 449 2223 istum
475 2186 631 2251 modum
658 2186 752 2224 mihi
784 2185 936 2223 videtur
968 2185 1052 2222 fieri
1084 2185 1270 2235 potuisse,
1303 2195 1418 2233 quem

184 2286 242 2328 33)
267 2284 375 2329 Verg.
402 2285 528 2330 Eclog.
556 2288 591 2328 8,
615 2289 668 2320 70.

1433 471 1453 500 5

1437 758 1478 789 10

1440 1047 1482 1076 15

1441 1336 1484 1366 20

1442 1913 1486 1944 30
