1611 2465
89 701 131 731 10

91 993 132 1024 15

89 1286 134 1317 20

91 1871 136 1901 30

156 64 241 106 390
689 73 716 100 s.
735 73 954 100 AUGUSTINI

155 163 267 209 Quod
301 165 404 201 enim
435 165 520 201 iure
548 163 601 214 fit,
632 164 809 214 profecto
841 165 942 202 iuste
975 164 1033 215 fit;
1066 164 1168 215 quod
1202 171 1330 203 autem
1363 166 1406 204 fit
1436 167 1492 203 in-

154 224 268 273 iuste,
302 234 373 260 nec
406 223 489 259 iure
517 222 602 259 fieri
634 228 773 272 potest.
835 221 921 260 Non
954 224 1057 261 enim
1090 225 1174 261 iura
1207 223 1368 261 dicenda
1401 230 1493 262 sunt

155 280 215 319 vel
246 280 414 331 putanda
454 281 586 330 iniqua
624 280 826 318 hominum
858 283 1087 329 constituta,
1129 294 1217 320 cum
1248 282 1344 320 illud
1377 283 1492 320 etiam

155 341 229 390 ipsi
268 341 340 383 ius
369 350 455 376 esse
494 339 642 389 dicant,
681 339 783 389 quod
828 338 874 377 de
914 341 1084 378 iustitiae
1124 341 1229 379 sonte
1268 342 1494 392 manaverit,

157 398 373 447 falsumque
401 409 499 449 esse,
531 397 635 447 quod
667 410 687 435 a
719 397 951 448 quibusdam
984 411 1061 436 non
1093 406 1199 437 recte
1233 399 1494 438 sentientibus

156 456 232 494 dici
265 455 374 506 solet,
406 455 443 493 id
470 467 556 494 esse
583 457 656 507 ius,
688 456 792 506 quod
826 458 872 507 ei,
905 458 971 506 qui
1003 457 1091 508 plus
1121 463 1262 509 potest,
1295 458 1390 496 utile
1423 463 1494 496 est.

157 514 349 560 Quocirca
381 514 448 552 ubi
480 526 558 552 non
596 520 656 552 est
687 527 777 553 vera
809 516 973 566 iustitia,
1011 517 1108 554 iuris
1141 528 1336 554 consensu
1371 518 1494 554 socia—

156 580 220 611 tus
247 578 382 611 coetus
410 573 610 611 bominum
637 585 714 611 non
747 579 875 623 potest
907 586 993 611 esse
1032 580 1071 612 et
1103 574 1189 612 ideo
1222 587 1294 613 nec
1326 574 1495 626 populus

156 634 263 670 iuxta
294 631 398 669 illam
425 631 619 682 Scipionis
645 631 703 669 vel
732 631 931 670 Ciceronis
964 632 1247 684 definitionem3
1280 639 1320 671 et
1351 635 1383 671 si
1417 645 1495 671 non

158 690 342 742 populu&
383 702 456 728 nec
495 702 558 728 res
596 690 751 741 populi,
793 690 861 728 sed
893 691 1187 741 qualiscumque
1220 691 1494 744 multitudinis,

159 761 256 800 quae
289 748 424 800 populi
461 750 617 787 nomine
660 749 774 799 digna
807 761 883 787 non
917 755 987 788 est.
1049 750 1102 787 Ac
1135 762 1205 800 per
1236 750 1327 801 hoc,
1367 752 1398 788 si
1432 762 1495 788 res

158 807 311 859 publica
343 820 406 845 res
438 813 499 846 est
530 807 663 858 populi
701 814 739 846 et
776 808 944 858 populus
975 820 1053 846 non
1086 814 1164 859 est,
1202 809 1268 858 qui
1301 820 1495 847 consensu

159 879 237 905 non
264 867 434 904 sociatus
461 872 520 904 est
546 868 655 918 iuris,
688 878 765 904 non
792 873 851 904 est
883 873 1013 905 autem
1045 868 1117 917 ius,
1150 866 1217 904 ubi
1249 866 1352 905 nulla
1383 868 1494 905 iusti-

158 928 210 964 tia
243 931 320 964 est:
353 925 492 976 procul
524 924 641 963 dubio
675 925 887 977 colligitur,
926 925 993 963 ubi
1025 927 1171 963 iustitia
1204 937 1282 963 non
1314 931 1385 977 est,
1417 937 1496 964 non

159 996 244 1022 esse
286 996 370 1021 rem
411 983 616 1034 publicam.
679 983 829 1021 lustitia
872 978 990 1034 porro
1035 996 1079 1022 ea
1116 985 1239 1022 virtus
1272 990 1352 1035 est,
1396 996 1494 1034 quae

160 1055 229 1081 sua
273 1044 415 1092 cuique
460 1041 670 1080 distribuit.
733 1041 839 1086 Quae
878 1043 997 1092 igitur
1034 1044 1182 1080 iustitia
1224 1048 1283 1080 est
1314 1042 1496 1094 hominis,

160 1113 257 1152 quae
296 1102 424 1151 ipsum
465 1100 662 1137 hominem
700 1099 779 1138 Deo
817 1112 909 1138 vero
954 1100 1053 1138 tollit
1092 1106 1129 1138 et
1167 1101 1365 1139 inmundis
1407 1100 1495 1139 dae-

160 1159 341 1198 monibus
374 1156 534 1197 subdit‘?
583 1158 730 1196 Hocine
764 1165 824 1197 est
855 1171 923 1197 sua
957 1160 1097 1209 cuique
1130 1157 1396 1198 distribuere?
1439 1160 1497 1197 An

160 1220 227 1269 qui
260 1217 423 1255 fundum
463 1218 590 1255 aufert
623 1218 727 1267 eius,
764 1230 784 1254 a
817 1229 893 1267 quo
926 1224 1080 1267 emptus
1112 1223 1191 1268 est,
1230 1222 1268 1255 et
1300 1217 1417 1256 tradit
1449 1219 1496 1265 ei,

162 1278 227 1327 qui
260 1276 354 1314 nihil
380 1275 496 1313 habet
522 1277 561 1313 in
595 1287 639 1313 eo
672 1277 781 1326 iuris,
813 1277 982 1313 iniustus
1015 1281 1091 1327 est3
1124 1281 1163 1313 et
1195 1276 1262 1326 qui
1294 1287 1335 1314 se
1368 1277 1497 1326 ipsum

160 1336 290 1373 aufert
321 1334 536 1372 dominanti
567 1333 665 1385 Deo,
703 1346 722 1371 a
756 1346 832 1383 quo
866 1334 990 1372 sactus
1023 1339 1102 1386 est,
1134 1339 1174 1372 et
1206 1333 1383 1385 malignis
1415 1347 1496 1373 ser-

160 1395 213 1432 vit
246 1392 466 1444 spiritibus,
499 1394 625 1430 iustus
658 1389 746 1430 est‘?

279 1452 506 1501 Disputatur
532 1456 639 1488 certe
666 1452 854 1488 acerrime
888 1457 1003 1501 atque
1035 1452 1246 1490 fortissime
1277 1452 1317 1489 in
1350 1451 1499 1489 eisdem

160 1512 254 1561 ipsis
287 1510 333 1548 de.
367 1522 409 1547 re
436 1509 589 1560 publica
616 1509 725 1547 libris
757 1509 943 1547 adversus
974 1511 1203 1548 iniustitiam
1233 1521 1305 1560 pro
1338 1510 1495 1548 iustitia.

116 1580 128 1595 ’-
162 1569 209 1607 Et
241 1569 441 1619 quoniam,
479 1580 568 1606 cum
605 1569 715 1619 prius
757 1574 938 1618 ageretur
972 1580 1043 1618 pro
1076 1569 1287 1606 iniustitiae
1320 1566 1498 1618 partibus
1558 1582 1561 1587 ·

161 1633 297 1666 contra
345 1628 535 1665 iustitiam
584 1632 623 1665 et
665 1626 864 1665 diceretur
907 1628 982 1664 nisi
1025 1638 1096 1677 per
1139 1627 1368 1664 iniustitiam
1413 1637 1498 1664 rem

161 1686 354 1737 publicam
382 1691 484 1723 stare
512 1686 672 1735 gerique
700 1697 777 1723 uon
804 1697 930 1736 posse,
962 1685 1035 1723 hoc
1068 1685 1187 1723 veluti
1219 1684 1498 1723 validissimum

161 1746 332 1796 positum
364 1750 459 1794 erat,
491 1745 680 1781 iniustum
708 1756 805 1794 esse,
838 1749 880 1782 ut
911 1743 1088 1781 homines
1121 1742 1344 1781 hominibus
1376 1742 1497 1781 domi-

162 1802 344 1841 nantibus
383 1803 591 1853 servianty
615 1814 729 1851 quam
768 1808 897 1840 tamen
935 1803 1164 1840 iniustitiam
1202 1802 1278 1840 nisi
1311 1807 1498 1851 sequatur

165 1863 370 1912 imperiosa
401 1861 553 1911 civitas,
592 1862 703 1898 cuius
737 1866 795 1898 est
827 1872 963 1910 magna
995 1872 1058 1898 res
1089 1859 1261 1910 publica,
1303 1871 1381 1897 non
1414 1871 1498 1897 eam

163 1932 276 1970 posse
303 1920 514 1970 provinciis
539 1920 749 1969 imperare:
782 1929 1014 1969 responsum
1041 1924 1100 1956 est
1131 1929 1150 1955 a
1183 1922 1292 1968 parte
1326 1919 1498 1956 iustitiae

163 1979 248 2016 ideo
281 1979 427 2016 iustum
461 1989 559 2028 esse,
592 1976 695 2027 quod
728 1976 869 2014 talibus
902 1975 1125 2014 homiuibus
1158 1978 1207 2014 sit
1241 1975 1345 2014 utilis
1379 1977 1498 2014 servi-

163 2044 245 2083 tus,
290 2042 329 2074 et
360 2047 431 2086 pro
471 2035 636 2074 utilitate
677 2047 812 2073 eorum
851 2035 955 2086 fieri,
998 2046 1087 2073 cum
1119 2040 1225 2073 recte
1259 2034 1326 2086 fit,
1367 2033 1407 2072 id
1438 2039 1499 2072 est

259 2200 300 2228 18
329 2195 487 2229 Hoccine
513 2206 532 2227 v
569 2196 581 2237 Η
622 2198 661 2227 19
689 2194 766 2227 eius
791 2193 919 2234 R„<1L,·
951 2193 984 2227 ei
1009 2204 1029 2226 v
1054 2194 1066 2236 ΙΙ
1092 2197 1134 2226 '27
1161 2192 1312 2237 gerique
1338 2193 1373 2227 A
1400 2195 1500 2238 (389,

163 2245 229 2283 .30;
254 2243 319 2276 vol.
348 2242 385 2284 I,
410 2246 471 2283 80,
501 2244 561 2282 14,·
587 2243 656 2281 232·
682 2244 740 2283 81,
767 2244 827 2281 2),·
853 2239 1052 2284 augerique
1078 2240 1170 2273 RLv
