1548 2562
401 190 453 215 DE
475 189 663 215 CIVITATE
682 190 753 214 DEI
772 190 805 214 L.
825 189 906 214 XXI.
927 189 956 215 c.
976 190 1017 215 25.
1284 179 1368 220 537

38 292 201 331 regnum
228 279 297 317 Dei
329 290 406 316 non
438 277 705 329 possidebunt.
766 277 815 315 Et
847 279 878 315 si
910 279 949 315 in
981 278 1091 327 regni
1119 276 1186 314 Dei
1217 288 1370 327 posses-

38 341 146 377 sione
172 349 383 387 numquam
419 342 546 388 erunt,
578 342 736 374 aeterno
771 335 961 386 supplicio
988 334 1244 385 tenebuntur,
1278 346 1370 385 quo-

38 398 141 435 niam
172 407 250 433 non
282 400 341 433 est
373 394 523 432 medius
555 394 676 445 locus,
708 393 774 431 ubi
807 406 884 432 non
917 395 967 431 sit
997 395 1038 431 in
1070 392 1272 444 supplicio,
1305 394 1371 443 qui

36 455 100 493 illo
133 466 209 492 non
244 454 362 492 fuerit
394 454 630 490 constitutus
661 453 700 490 in
732 464 864 502 regno.

156 512 279 557 Quam
312 510 360 548 ob
393 523 477 548 rem
510 509 611 560 quod
644 511 697 547 ait
728 509 914 547 Dominus
946 509 1072 548 Iesus:
1104 510 1182 548 H2'c
1214 514 1272 548 est
1296 521 1369 558 pa-
1397 517 1417 547 5

38 573 100 610 m's
132 572 202 619 qui
238 571 287 608 de
324 571 436 608 caelo
475 570 696 614 descendit,
734 572 793 615 ut,
825 570 861 606 εἰ
891 570 978 615 quis
1009 580 1060 606 ex
1093 571 1173 616 ipso
1205 569 1370 606 mandu-

39 630 212 675 caverit,
256 639 333 666 72072
377 629 586 665 moriatur.
648 627 734 673 qu
771 637 856 664 sum
890 628 1011 674 panis
1048 628 1174 674 vivus,
1218 628 1288 673 que·
1324 627 1373 664 de

38 689 149 726 caelo
182 687 392 730 descenle
422 687 459 723 si
487 687 575 732 quis
601 686 909 722 manducaverit
939 696 990 722 ea:
1020 685 1095 722 lzoc
1122 696 1240 732 pane,
1272 686 1374 722 vivet

38 748 77 784 in
104 749 323 795 aeternum,
356 755 432 793 quo
459 742 573 780 modo
601 743 652 780 sit
680 741 961 793 accipiendum,
994 743 1132 780 merito
1160 743 1371 792 quaeritur.

36 803 86 841 Et
117 802 163 840 ab
195 803 279 840 istis
313 801 488 852 quidem,
528 800 669 850 quibus
702 812 805 838 nunc
838 800 1138 851 respondemus,
1181 800 1283 838 hunc
1315 801 1370 837 in-
1400 808 1442 838 10

37 861 236 900 tellectum
269 860 452 898 auserunt
483 858 555 910 illi,
595 858 737 908 quibus
775 858 914 896 deinde
947 858 1263 908 respondendum
1297 863 1373 909 est3

36 919 76 957 hi
108 924 200 957 sunt
225 923 366 968 autem,
399 919 464 968 qui
490 917 588 955 hanc
613 916 882 954 liberationem
915 928 986 954 nec
1019 916 1198 954 omnihus
1231 915 1372 954 hahen-

39 977 143 1016 tibus
186 981 470 1014 sacramentum
514 975 756 1025 baptismatis
801 979 839 1012 et
880 975 1056 1024 corporis
1098 973 1263 1025 Christi,
1305 974 1372 1012 sed

39 1035 131 1073 solis
163 1034 374 1085 catholicis,
408 1034 581 1084 quamvis
613 1033 710 1070 male
743 1032 973 1084 viventibus,
1004 1032 1251 1083 pollicentur,
1283 1034 1373 1082 quia

39 1106 114 1132 non
161 1092 260 1143 solo,
304 1093 503 1142 inquiunt,
549 1096 809 1141 sacramento,
850 1091 916 1128 sed
961 1102 1003 1128 re
1042 1092 1124 1141 ipsa
1168 1090 1373 1128 manduca·
1402 1098 1442 1128 15

38 1156 179 1190 verunt
217 1162 359 1201 corpus
392 1149 552 1197 Christi,
593 1151 632 1187 in
671 1151 754 1199 ipso
788 1148 937 1186 scilicet
970 1150 1053 1186 eius
1086 1160 1249 1199 corpore
1283 1161 1372 1186 con-

38 1211 181 1260 stituti,
220 1209 266 1246 de
300 1220 375 1258 quo
408 1220 572 1258 corpore
606 1209 658 1245 ait
689 1207 903 1257 apostolus:
950 1207 1056 1245 Unus
1084 1209 1220 1258 panis,
1252 1218 1373 1245 unum

38 1279 184 1316 corpus
216 1268 330 1305 multi
358 1278 502 1304 sumus.
567 1265 641 1310 Qui
674 1277 766 1315 ergo
799 1270 859 1303 est
891 1267 930 1302 in
963 1266 1047 1303 eius
1080 1267 1256 1315 corporis
1289 1266 1372 1303 uni-

37 1331 126 1376 tate,
158 1325 197 1363 id
229 1329 289 1362 est
319 1325 359 1362 in
392 1324 702 1362 Clnistianorum
734 1335 918 1373 compage
951 1322 1229 1374 membrorum,
1261 1324 1373 1361 cuius

39 1384 215 1434 corporis
243 1387 528 1420 sacramentum
558 1381 690 1419 fideles
723 1382 1054 1419 communicantes
1087 1380 1133 1418 de
1167 1380 1277 1419 altari
1309 1393 1371 1418 su-
1399 1389 1442 1419 20

38 1453 144 1479 mere
177 1446 439 1491 consuerunt,
470 1441 553 1490 ipse
587 1452 676 1477 vere
709 1439 897 1477 dicendus
930 1444 989 1477 est
1022 1438 1255 1477 manducare
1288 1451 1371 1476 cor-

38 1512 111 1550 pus
154 1498 298 1537 Christi
342 1503 380 1536 et
423 1497 556 1535 bibere
602 1499 828 1547 sanguinem
871 1496 1026 1535 Christi.
1088 1497 1141 1534 Ac
1186 1509 1257 1547 per
1300 1496 1372 1534 hoc

38 1558 224 1596 haeretici
256 1561 295 1594 et
327 1556 563 1594 schismatici
590 1555 635 1593 ab
668 1555 784 1593 huius
817 1556 964 1593 unitate
998 1556 1174 1605 corporis
1206 1556 1374 1605 separati

38 1620 203 1667 possunt
233 1614 336 1652 idem
368 1615 571 1665 percipere
612 1619 914 1665 sacramentum,
953 1612 1020 1650 sed
1053 1625 1130 1650 non
1162 1612 1235 1650 sibi
1268 1612 1374 1664 utile,

38 1676 156 1712 immo
190 1685 280 1711 vero
314 1674 429 1710 etiam
468 1673 648 1718 noxium,
681 1684 756 1721 quo
789 1671 1012 1709 iudicentur
1044 1671 1215 1722 gravius,
1259 1683 1373 1721 quam
1399 1678 1442 1708 25

40 1732 98 1770 vel
139 1731 287 1770 tardius
327 1730 554 1768 liberentur.
627 1730 711 1767 Non
750 1734 841 1767 sunt
877 1730 1020 1779 quippe
1058 1730 1097 1766 in
1136 1741 1181 1766 eo
1220 1729 1373 1767 vinculo

39 1791 157 1841 pacis,
190 1788 292 1839 quod
325 1788 388 1826 illo
422 1789 653 1838 exprimitur
686 1792 939 1825 sacramento.

159 1847 235 1885 Sed
268 1858 407 1884 rursus
440 1847 555 1884 etiam
587 1847 664 1898 isti,
696 1846 763 1895 qui
795 1850 901 1883 recte
934 1844 1176 1895 intellegunt,
1209 1857 1286 1882 non
1319 1845 1373 1882 di-

40 1905 207 1945 cendum
246 1916 331 1942 esse
369 1904 602 1942 manducare
642 1915 784 1954 corpus
823 1902 985 1954 Christi,
1023 1904 1090 1953 qui
1128 1904 1168 1939 in
1209 1914 1373 1952 corpore

41 1976 118 2002 non
145 1968 205 2001 est
232 1962 388 2013 Christi,
420 1974 497 1999 non
524 1967 630 2000 recte
662 1963 895 2012 promittunt
927 1962 994 2012 eis,
1027 1962 1092 2010 qui
1124 1960 1182 1997 vel
1214 1962 1253 1997 in
1286 1960 1372 1998 hae-
1400 1969 1443 1999 30

41 2023 159 2060 resim
193 2020 251 2058 vel
282 2021 397 2058 etiam
424 2021 463 2058 in
490 2019 693 2070 gentilium
726 2020 1045 2069 superstitionem
1078 2031 1123 2055 ex
1156 2017 1258 2056 illius
1291 2030 1374 2056 cor-

40 2081 147 2131 poris
180 2080 327 2117 unitate
353 2077 550 2129 labuntur,
582 2077 850 2115 liberationem
883 2076 1115 2127 quandoque
1150 2075 1196 2113 ab
1228 2078 1377 2114 aeterni

134 2180 169 2222 9)
194 2178 243 2212 Io.
272 2181 304 2219 6,
330 2179 374 2210 50
402 2188 454 2220 sq.
508 2178 565 2221 18)
592 2180 622 2212 1.
651 2176 729 2211 Cor.
761 2180 813 2219 10,
842 2179 894 2209 17.

134 2298 177 2328 20
204 2293 318 2327 altare
345 2293 380 2326 R
405 2292 593 2334 (mensch,
620 2292 728 2327 Imm
747 2303 784 2337 Ρ.
810 2295 903 2335 265)
928 2294 939 2335 Η
970 2295 1012 2325 29
1040 2291 1260 2326 manducare
1285 2302 1374 2334 mss;

39 2353 122 2375 eum
148 2340 267 2374 mand.
294 2349 314 2374 v
