1548 2562
396 168 448 193 DE
469 168 656 194 CIVITATE
676 168 746 193 Dm
766 167 798 193 L.
817 167 900 192 xxr.
919 167 949 194 c.
971 168 1012 193 14.
1033 168 1076 193 15.
1324 158 1408 198 517

74 270 199 310 poena
238 259 305 310 sit,
350 258 438 307 quia
476 262 556 295 tota
593 258 793 307 temptatio
834 262 909 308 est,
948 257 1049 294 sicut
1086 267 1217 294 sacrae
1257 255 1409 295 litterae

74 321 307 368 personant,
339 314 406 354 ubi
440 316 629 366 scriptum
661 320 738 353 est:
778 312 981 362 Numquid
1009 325 1087 353 non
1119 316 1320 363 temptatio
1353 319 1411 353 est

75 377 156 413 vita
187 375 364 413 humana
396 385 517 422 super
556 374 733 412 terram?
793 371 879 410 Non
913 373 1015 410 enim
1046 383 1162 423 parva
1193 384 1319 423 poena
1351 377 1410 410 est

75 434 157 484 ipsa
194 433 417 482 insipientia
455 431 515 469 vel
551 431 754 482 inperitia,
798 442 895 481 quae
934 442 1059 480 usque
1101 429 1195 468 adeo
1228 430 1409 481 fugienda

74 492 213 529 merito
254 489 469 541 iudicatur,
513 494 556 527 ut
595 500 666 540 per
702 500 847 540 poenas
887 487 1086 526 doloribus
1123 488 1257 539 plenas
1296 489 1410 539 pueri
1436 496 1454 526 5

75 553 262 599 cogantur
302 559 477 599 quaeque
519 547 680 585 artificia
720 546 779 584 vel
815 546 964 585 litteras
997 546 1165 598 discere3
1202 548 1409 597 ipsumque

75 607 244 659 discere,
282 606 328 645 ad
368 605 471 656 quod
512 606 648 656 poenis
681 605 908 655 adiguntur,
948 611 1026 643 tam
1057 604 1218 655 poenale
1252 610 1311 643 est
1343 606 1410 657 eis,

74 671 117 703 ut
149 676 442 715 nonnumquam
472 665 575 715 ipsas
606 675 772 715 poenas,
804 675 875 714 per
908 675 1002 713 quas
1036 662 1323 713 compelluntur
1355 662 1409 700 di-

75 735 202 775 scere,
243 722 377 761 malint
415 723 518 760 ferre
558 733 672 772 quam
710 721 872 759 discere.
936 720 1031 765 Quis
1069 726 1198 759 autem
1235 733 1314 759 non
1347 733 1409 758 ex-

73 781 232 820 horreat
273 787 311 819 et
352 782 451 819 mori
492 779 623 831 eligat,
661 781 693 817 si
730 781 765 817 ei
802 784 1044 830 proponatur
1083 784 1148 817 aut
1185 790 1290 817 mors
1322 791 1408 830 per·
1438 786 1478 817 10

73 839 254 891 petienda
288 844 354 878 aut
384 850 523 877 rursus
565 835 754 876 infantia?
816 837 921 882 Quae
955 837 1111 887 quidem
1145 836 1247 887 quod
1280 849 1357 875 non
1390 848 1411 875 a

73 900 173 946 risu,
212 897 277 936 sed
321 909 341 935 a
382 897 474 935 fietu
507 895 658 934 orditur
690 896 789 934 hanc
820 895 966 946 lucem,
1006 895 1097 945 quid
1132 895 1322 933 malorum
1354 896 1410 933 in-

74 967 207 1007 gressa
257 957 307 994 sit
356 956 535 993 nesciens
585 954 792 1005 prophetat
842 953 1007 1004 quodam
1065 953 1189 991 modo.
1265 952 1411 1004 Solum,

75 1014 228 1065 quando
261 1019 375 1052 natus
408 1018 484 1065 est,
516 1013 648 1051 ferunt
679 1014 814 1051 risisse
847 1011 1112 1059 Zoroastrem,
1146 1023 1218 1049 nec
1252 1013 1287 1049 ei
1319 1010 1411 1049 boni

75 1072 219 1123 aliquid
252 1077 496 1110 monstrosus
535 1072 638 1108 risus
679 1070 741 1108 ille
774 1069 983 1120 portendit.
1046 1069 1140 1108 Nam
1173 1071 1410 1119 magicarum
1438 1076 1479 1107 15

74 1132 216 1169 artium
255 1131 375 1169 fuisse
413 1128 643 1180 perhibetur
683 1130 879 1179 inventor;
921 1139 1017 1178 quae
1057 1127 1214 1178 quidem
1252 1127 1307 1165 illi
1338 1139 1410 1165 nec

75 1189 120 1227 ad
146 1190 365 1240 praesentis
391 1189 488 1226 vitae
517 1199 652 1225 vanam
684 1186 907 1225 felicitatem
940 1191 1075 1224 contra
1108 1198 1200 1224 suos
1232 1187 1411 1223 inimicos

73 1246 261 1298 prodesse
287 1250 518 1298 potuerunt3
551 1257 571 1283 a
602 1244 701 1282 Nino
735 1246 878 1295 quippe
911 1256 1002 1294 rege
1030 1244 1289 1295 Assyriorum,
1322 1255 1410 1282 cum

75 1310 179 1344 esset
222 1306 304 1356 ipse
349 1304 667 1354 Bactrianorum,
708 1302 808 1340 hello
854 1308 1060 1353 superatus
1104 1307 1174 1340 est.
1242 1301 1410 1339 Prorsus

76 1363 178 1414 qnod
223 1364 411 1413 scriptum
452 1367 528 1400 est:
577 1362 708 1400 Grave
746 1363 882 1408 imaum
919 1372 1040 1409 super
1074 1361 1180 1406 filios
1218 1361 1347 1398 Adam
1386 1371 1411 1397 a
1437 1368 1480 1398 ‘20

76 1423 140 1460 die
173 1423 303 1460 exitus
336 1422 384 1459 de
416 1425 552 1459 ventre
584 1421 723 1457 matris
755 1430 891 1458 eorum
924 1430 1047 1466 usque
1078 1420 1118 1456 in
1151 1419 1254 1456 diem
1284 1420 1411 1466 sepul-

76 1486 194 1518 turae
235 1482 275 1518 in
315 1484 482 1517 matrem
523 1480 714 1526 oninium,
761 1489 883 1527 usque
924 1476 1018 1515 adeo
1057 1475 1211 1527 impleri
1250 1487 1411 1514 necesse

76 1543 146 1590 est,
178 1543 221 1576 ut
251 1538 326 1588 ipsi
358 1536 509 1588 parvuli
550 1548 620 1587 per
652 1536 846 1574 lavacrum
878 1535 1185 1585 regenerationis
1218 1533 1264 1572 ab
1297 1535 1411 1584 origi-

76 1596 172 1635 nalis
199 1597 361 1647 peccati,
394 1607 469 1646 quo
498 1594 578 1633 solo
605 1593 850 1645 tenebantur,
882 1592 1037 1631 vinculo
1062 1594 1137 1630 iam
1166 1591 1283 1630 soluti
1314 1592 1412 1630 mala

77 1654 196 1693 multa
223 1655 416 1705 patientes
442 1652 617 1691 nonnulli
645 1658 683 1690 et
708 1654 891 1690 incursus
918 1652 1127 1702 spirituum
1153 1650 1412 1701 malignorum
1438 1657 1481 1688 25

78 1712 282 1763 aliquando
309 1713 518 1763 patiantur.
582 1710 688 1755 Quae
716 1710 872 1760 quidem
898 1710 1025 1760 passio
1053 1708 1152 1747 absit
1183 1714 1227 1747 ut
1258 1710 1314 1746 eis
1346 1707 1410 1746 ob-

79 1772 138 1822 sit,
172 1772 204 1808 si
230 1770 328 1808 hane
354 1771 470 1808 vitam
496 1770 535 1807 in
562 1768 625 1806 illa
656 1773 779 1807 aetate
812 1769 927 1806 etiam
959 1769 1041 1817 ipsa
1074 1768 1253 1817 passione
1285 1767 1411 1817 ingra-

77 1834 259 1867 vescente
293 1834 331 1867 et
363 1829 529 1866 animam
561 1826 608 1865 de
641 1838 806 1877 corpore
839 1824 1069 1864 excludente
1101 1825 1284 1863 finierint.

611 1963 761 2006 CAPUT
792 1963 883 2005 XV.

84 2038 199 2083 Quod
222 2049 333 2076 omne
359 2048 455 2086 opus
479 2039 642 2084 qrate‘ae
667 2037 745 2075 Dei
769 2039 944 2075 eruentis
970 2047 1040 2074 νιος
1066 2037 1115 2073 de
1135 2034 1415 2083 profunditate
1441 2043 1485 2074 30

155 2097 298 2134 veteris
330 2097 427 2133 mali
457 2096 513 2133 ad
538 2094 673 2142 futuri
702 2097 856 2133 saeculi
881 2096 1086 2142 perlineat
1116 2095 1337 2131 novitatem.

199 2175 339 2214 Verum
375 2182 501 2214 tamen
526 2177 566 2213 in
598 2177 703 2226 gravi
734 2177 836 2227 iugo,
868 2175 971 2225 quod
1002 2176 1174 2225 positum
1207 2180 1266 2212 est
1297 2186 1415 2224 super

80 2234 177 2272 filios
216 2234 334 2272 Adam
374 2246 393 2271 a
435 2234 496 2272 die
535 2235 662 2271 exitus
701 2234 747 2272 de
788 2239 922 2272 ventre
956 2234 1088 2271 matris
1121 2244 1257 2270 eorum
1290 2244 1414 2282 usque

174 2325 206 2359 a)
232 2322 297 2357 Iob
325 2326 355 2365 7,
384 2327 413 2357 1.
465 2325 521 2366 14)
547 2323 638 2356 Plini
669 2326 700 2362 τ,
728 2326 781 2357 15.
833 2324 890 2364 22)
916 2321 1028 2356 Eecli.
1057 2325 1112 2364 40,
1142 2326 1169 2356 1.
